3884 6084
39 256 42 261 ⁵
112 267 194 335 {MS
576 267 608 331 S.
625 264 805 331 ODlLONlS
827 256 1108 326 otuuladltosIs
1130 261 1295 325 tuearis
1317 263 1354 324 ll.
1461 239 1466 247 ’
1743 256 1818 328 {ult

114 409 160 463 tes
175 405 266 473 dedit,
281 404 442 478 cogitemus
467 402 537 476 quid
564 403 641 458 Deus
656 402 684 456 in
700 400 818 455 homine
836 397 937 472 gessit,
952 395 980 460 Α
995 397 1127 455 victimas
1139 398 1335 455 immolemus.
1352 397 1522 455 Duodennis
1543 397 1576 454 in
1600 396 1713 472 templo
1728 404 1817 458 matre

116 496 187 568 quid
202 494 289 550 homo
305 511 322 549 a
336 494 393 550 Deo
411 496 584 564 assumptus
609 490 778 563 temporalis
794 504 938 560 apparens
993 490 1113 563 Virgine
1130 488 1277 544 nesciente
1292 489 1443 555 remansit,
1461 491 1527 562 post
1540 487 1698 561 paululum
1724 489 1818 547 studio

115 584 304 656 corporaliter
319 581 447 656 pertulit.
466 582 546 648 Quod
571 581 650 637 enim
676 579 775 636 omnia
794 576 938 634 Dominici
994 579 1113 634 terrenti
1130 593 1278 648 cursuque
1300 577 1388 633 citato
1412 577 1581 650 requiritur,
1607 581 1646 641 et,
1672 582 1707 633 ut
1731 579 1818 637 Lucas

115 674 258 730 adventus
267 672 406 744 mysteria
418 670 469 727 Dei
480 671 575 726 Patris
586 669 645 725 siut
653 668 801 724 voluntate
812 670 939 739 peracta,
995 670 1090 735 refert,
1108 670 1137 723 in
1163 667 1251 722 medie
1271 667 1409 722 doctorum
1433 667 1536 735 sedena,
1563 685 1621 724 nou
1638 668 1759 738 doeens,
1771 671 1816 726 sod

117 760 189 817 nulli
206 761 329 816 dubium
347 761 417 832 quin
433 758 602 815 firmissime
618 754 939 813 tencetlidesecclesia·
994 759 1109 814 discens
1125 760 1152 812 et
1176 755 1298 811 audieus
1323 756 1478 811 iuvenitur.
1505 761 1707 830 interrogante
1727 763 1816 815 autem

117 850 284 914 stica.0uod
301 853 330 905 et
344 848 472 921 Spiritus
498 851 617 903 sanctus
639 845 716 901 Patri
736 849 765 900 et
780 844 852 900 Filio
868 861 940 899 cote-
995 852 1098 911 matre,
1115 863 1166 901 eur
1180 862 1211 900 se
1229 844 1384 918 ignorante
1400 845 1553 911 remansit,
1571 847 1600 901 in
1625 847 1716 903 domo
1734 848 1817 904 Patris

117 937 271 995 ternussit
285 940 464 1010 cooperator,
481 940 509 992 ct
530 940 634 991 auctor
654 935 785 1006 ejusdem
802 932 866 988 Filii
891 931 940 987 Dei
995 938 1040 993 sui
1057 952 1166 992 essese
1186 934 1346 1006 respoudit.
1371 935 1435 990 ilco
1457 935 1566 991 etenim
1591 936 1720 1009 puerilia
1744 942 1817 1010 gesta

119 1032 278 1100 assumptor
293 1025 497 1093 humanitatis,
513 1024 587 1080 tanti
601 1022 773 1079 sacramenti
790 1021 941 1078 exordium
996 1024 1144 1082 catholicin
1160 1023 1226 1079 fidei
1242 1026 1312 1079 sunt
1336 1023 1475 1080 firmitate
1501 1025 1639 1080 subnixa.
1665 1029 1739 1081 Cum
1758 1042 1816 1082 rere

119 1114 374 1173 declaratChristo
386 1131 513 1186 namque
525 1112 751 1168 misericorditer
761 1111 795 1165 ad
808 1109 941 1166 homines
995 1117 1081 1172 lesus
1092 1132 1108 1169 a
1120 1117 1211 1168 matre
1226 1113 1396 1184 requiritur,
1412 1113 1512 1184 procul
1529 1114 1620 1170 dubio
1636 1131 1725 1171 serus
1739 1114 1815 1172 homo

118 1205 263 1273 veniente,
281 1203 407 1277 Spiritus
423 1206 542 1258 sauctus
560 1202 589 1256 in
600 1199 750 1272 Virginem
763 1198 940 1272 supervenit.
997 1202 1192 1277 cognoscitur.
1209 1203 1285 1258 Dum
1300 1219 1364 1258 csse
1380 1219 1411 1258 se
1426 1201 1456 1257 iu
1473 1203 1560 1258 domo
1574 1203 1671 1260 Patris
1692 1208 1815 1277 oportere

120 1293 236 1350 Christo
252 1293 280 1348 in
293 1292 387 1349 Patris
403 1292 521 1346 dextera
532 1288 685 1361 magnifice
707 1286 862 1350 residente,
879 1285 943 1359 Spi-
996 1298 1150 1359 testatur,a
1164 1291 1277 1347 eunctis
1294 1291 1429 1347 fidelibus
1444 1309 1529 1348 verus
1544 1292 1654 1348 unicus
1669 1294 1720 1350 Dei
1736 1293 1814 1350 lilius

119 1383 195 1439 ritus
211 1386 330 1438 sanctus
346 1397 434 1453 super
449 1377 595 1452 apostolos
609 1376 770 1445 descondit,
787 1376 862 1431 sicut
878 1375 942 1430 nni-
997 1383 1134 1440 creditur,
1153 1383 1183 1436 tn
1203 1381 1299 1436 medio
1315 1381 1466 1437 doctorum
1487 1382 1604 1449 sedens,
1620 1383 1746 1439 audiens
1761 1382 1813 1438 illm

120 1470 241 1528 versatis
256 1465 944 1538 Ecclesiameodemspiritucongregalasnmma
997 1478 1026 1530 et
1040 1472 1233 1544 interrogans,
1250 1468 1347 1542 signat
1360 1473 1392 1524 ut
1406 1468 1505 1526 nullus
1521 1470 1577 1526 nisi
1594 1472 1726 1544 perlecta
1744 1475 1812 1528 atala

121 1576 188 1615 cum
209 1559 393 1616 veneratione
418 1556 504 1612 hodie
525 1555 712 1611 devotissimo
736 1553 844 1609 recolit.
870 1553 943 1609 Cum
998 1559 1212 1636 predicationis
1228 1559 1356 1615 osticium
1372 1576 1522 1615 assumere
1537 1563 1712 1632 prensum,

120 1648 198 1703 enim
215 1647 356 1703 Dominus
371 1663 404 1701 ae
428 1645 604 1716 Redemptor
629 1648 727 1699 noster
750 1642 844 1698 crucis
867 1645 944 1698 esset
1032 1650 1187 1706 Sciendum
1204 1653 1342 1720 practerea
1361 1648 1438 1719 quod
1464 1648 1498 1704 de
1520 1648 1646 1705 infantia
1668 1648 1809 1707 Salvatoria

120 1735 255 1792 addictus
267 1734 421 1808 supplicio,
439 1737 556 1806 potatus
572 1736 651 1788 aceto
666 1734 942 1796 corraommctomcst,
959 1765 982 1828 B
998 1758 1055 1796 non
1072 1738 1137 1812 plus
1154 1736 1285 1792 Ecclesia
1301 1737 1394 1808 pietas
1405 1738 1547 1809 approbat
1560 1754 1651 1810 quam
1663 1739 1741 1811 quod
1752 1739 1808 1794 divi.

120 1826 286 1889 dixitQuod
303 1825 417 1880 duobus
433 1822 528 1878 modis
545 1821 656 1877 anobis
668 1819 790 1892 intelligi
805 1820 943 1884 voluitao
999 1846 1055 1885 nus
1066 1843 1161 1884 sermo
1172 1825 1543 1899 pronuntiatlufirmitates
1554 1829 1653 1882 tamen
1667 1832 1807 1901 assumpte

121 1916 145 1970 si
161 1915 270 1970 diceret
285 1931 291 1969 :
307 1916 537 1971 Dormemmolum
551 1909 735 1981 est,videlicct
746 1909 838 1965 Vetus
848 1909 944 1964 'l‘esta-
998 1915 1195 1981 mortalitatis,
1212 1914 1288 1970 sicut
1304 1914 1377 1970 fides
1390 1913 1521 1970 fidelium
1534 1916 1752 1989 creditaeque
1760 1917 1805 1973 ,1110

121 2007 263 2070 menium,
279 1998 943 2065 elinilialumsssiNOVUm·SiV0‚⁰⁰1¹SUss¹ss18·
998 2006 1132 2078 contagio
1149 2003 1256 2076 peceati
1274 2002 1465 2074 percucurrit,
1481 2003 1532 2059 sed
1554 2003 1633 2059 Deus
1649 2005 1803 2061 oecultusin

120 2096 184 2147 tum
200 2096 244 2148 est
258 2093 401 2149 adventus
424 2089 480 2145 mei
504 2089 676 2162 mysterium
702 2104 795 2159 usque
817 2087 851 2141 ad
869 2087 944 2142 hauc
999 2095 1117 2151 homine
1133 2109 1249 2163 semper
1268 2089 1459 2163 impassibilis
1484 2091 1605 2158 mansit,
1631 2097 1661 2164 et
1685 2093 1748 2150 lieet
1765 2095 1802 2150 Dei

121 2197 210 2252 quam
226 2197 279 2252 pro
289 2179 372 2235 vobis
383 2178 513 2234 sustineo
522 2177 692 2233 moriemiss
707 2174 842 2248 psssssissssss
853 2174 945 2247 Siqui-
999 2183 1091 2240 Filius
1107 2179 1218 2237 nullam
1234 2179 1354 2236 haberet
1365 2180 1526 2235 mundandi
1539 2179 1582 2235 vel
1595 2182 1803 2253 purificandiue·

121 2266 188 2322 dem
205 2265 317 2321 Domini
343 2264 470 2337 plurima
489 2264 604 2336 pietalis
630 2265 695 2335 eius
716 2281 803 2335 opera
827 2265 945 2320 suerunt
998 2270 1299 2335 cessitudinem,earlo
1316 2268 1802 2344 tamendiedelorminatotempcre,

120 2357 334 2419 consummata,
351 2352 494 2410 nonnulla
508 2353 696 2424 postmodum
707 2353 794 2407 ettam
808 2369 943 2408 consum·
997 2360 1149 2434 trigesimo
1164 2358 1297 2413 videlicet
1310 2357 1402 2413 etatis
1420 2375 1479 2413 sue
1494 2358 1659 2424 coeciliae
1675 2358 1802 2432 singulm

120 2441 238 2510 mondo,
270 2442 347 2498 siout
378 2446 444 2514 post
477 2440 607 2496 triduum
645 2440 782 2511 ptaesslal't
813 2457 944 2497 resurre-
998 2467 1031 2506 ac
1047 2447 1235 2521 singulariter
1250 2446 1377 2502 salutare
1392 2446 1564 2520 mysterium
1577 2448 1802 2521 baptismatissu·

121 2531 177 2588 etio
192 2548 198 2587 :
213 2547 352 2604 processu
371 2548 439 2586 vcro
462 2529 601 2602 temporis
627 2529 771 2585 mirabilis
793 2531 942 2599 ascensi03
998 2535 1290 2611 acepitsuscipiendo
1306 2535 1508 2603 sanctificavit,
1525 2538 1733 2595 sanctificando
1745 2555 1802 2594 cun·

121 2625 150 2676 et
177 2619 207 2676 in
237 2620 332 2694 igneis
365 2618 475 2693 linguis
509 2633 597 2691 super
630 2617 776 2690 apostolos
805 2618 944 2676 hodierna
998 2626 1203 2684 etisssdelibus
1229 2629 1261 2681 ut
1285 2642 1336 2698 por
1359 2623 1431 2680 illud
1456 2625 1718 2695 sanctificarentur,
1740 2626 1802 2684 acsi

121 2710 167 2766 die
185 2711 244 2766 teto
256 2710 366 2765 mundo
382 2707 551 2782 spectabilis
563 2706 703 2780 spiritalis
718 2706 837 2764 infusio.
854 2708 944 2766 Hodie
998 2716 1114 2773 ooelcste
1129 2714 1298 2772 donativum
1316 2713 1560 2772 contradiditsed
1573 2717 1645 2771 dum
1657 2715 1802 2789 baptizandi

122 2815 250 2872 namquo
270 2798 397 2872 Spiritus
422 2798 516 2854 suncti
541 2813 630 2868 super
657 2796 804 2868 ⁰p0810108
828 2798 944 2854 venien·
998 2805 1224 2880 possibilitatem
1237 2803 1380 2859 ministris
1395 2803 1530 2860 Ecclesia
1555 2806 1709 2872 concessit,
1724 2809 1802 2877 polee

120 2887 169 2954 tis,
194 2887 435 2945 manifestissima
460 2886 680 2953 contestatione,
704 2903 755 2959 per
783 2887 944 2944 divinitatis
997 2899 1088 2950 tatem
1104 2892 1270 2965 baptizandi
1282 2892 1366 2964 quasi
1379 2893 1527 2963 quoddam
1537 2892 1654 2967 insigne
1666 2890 1802 2949 sibivindi·

121 2980 295 3049 potestatem
306 2976 557 3053 completamcssc
569 2975 774 3048 cognoscimus
785 2981 943 3049 assumpte
999 3001 1069 3039 cans
1086 2980 1251 3049 reservavit,
1270 2981 1346 3036 siout
1360 2981 1460 3036 divina
1473 2998 1527 3037 vox
1542 2982 1573 3036 B.
1590 2982 1694 3039 loanni
1709 2980 1800 3039 homini

121 3064 315 3123 humanitatis
336 3064 443 3123 Christi
458 3065 716 3138 dispensaiifflssffl·
735 3064 764 3119 Si
786 3065 876 3131 essim,
900 3065 944 3121 Uli
998 3071 1097 3144 magui
1112 3069 1209 3126 meriti
1225 3069 1380 3137 nuntiavit,
1395 3071 1513 3142 quando
1537 3070 1673 3127 Christus
1686 3071 1719 3127 ed
1733 3069 1799 3125 illum

120 3155 231 3228 praelati
244 3172 359 3223 sumus,
375 3154 610 3226 uniuscujusque
630 3153 738 3225 negotii
758 3170 877 3210 oausam
893 3172 942 3211 ue·
959 3133 980 3200 C
999 3159 1092 3233 gratia
1107 3158 1273 3232 baptizandi
1288 3158 1386 3213 venire
1410 3176 1468 3214 non
1493 3158 1619 3216 distulit.
1636 3159 1720 3232 Super
1736 3174 1799 3231 paen

120 3245 246 3302 cessario
261 3246 298 3301 ad
316 3248 445 3300 mentem
468 3243 647 3310 reducimus,
673 3243 853 3299 conterentes
877 3243 943 3300 lata
997 3249 1109 3314 sideru,
1126 3247 1231 3320 inquit,
1253 3248 1388 3318 Spiritum
1404 3246 1608 3304 descendentem
1621 3257 1647 3304 et
1668 3250 1798 3304 moneatis

119 3350 187 3389 eum
200 3333 346 3404 tristibus,
356 3331 535 3388 exsultantes
546 3348 599 3387 nos
609 3331 795 3388 incommodo
805 3333 941 3401 evasisse,
997 3355 1077 3411 super
1092 3354 1163 3403 cum,
1181 3339 1236 3407 ipse
1251 3344 1289 3391 est
1303 3338 1353 3408 pei
1367 3336 1495 3409 duplicet.
1509 3341 1575 3409 lpse
1586 3338 1694 3394 etenim
1706 3337 1797 3393 amicus

118 3439 257 3495 prospera
271 3422 391 3494 adeptos
406 3420 506 3487 luisse,
524 3420 594 3491 quid
619 3423 679 3474 tem
695 3420 775 3488 utile,
797 3421 867 3493 quid
883 3427 943 3477 tum
999 3426 1114 3499 Sponsi,
1128 3423 1795 3498 tidelishumilisquePrrucursor,quointeruatos

118 3512 302 3581 'consequens
317 3525 405 3580 quam
423 3509 451 3562 in
465 3506 519 3562 huo
533 3507 629 3571 die,iu
646 3524 704 3579 qua
719 3508 824 3564 Christi
843 3527 943 3583 corpo·
999 3512 1168 3578 mulierum,
1185 3514 1259 3566 testo
1274 3511 1411 3580 Veritate,
1428 3529 1486 3568 uon
1506 3515 1633 3568 surrexit
1648 3515 1746 3586 major3
1759 3509 1794 3566 ts

120 3596 192 3653 ralia
208 3598 297 3653 finem
314 3596 489 3668 suscipiunt,
505 3601 533 3652 et
547 3594 576 3650 in
599 3613 656 3667 qua
682 3595 824 3668 spiritulia
849 3597 944 3654 chari·
1000 3602 1113 3675 ptizans
1129 3604 1157 3656 et
1167 3600 1347 3670 baptismum
1361 3601 1522 3672 praedicans
1531 3603 1694 3659 siculsacer
1702 3614 1793 3672 et'aage

120 3691 217 3742 smata
231 3686 296 3742 luce
310 3685 391 3742 olera
415 3689 577 3758 patescunt,
596 3685 695 3741 omnia
719 3691 796 3743 retro
818 3692 943 3760 peracta,
999 3692 1074 3747 licus
1100 3705 1195 3745 sermo
1215 3687 1364 3744 describit.
1380 3689 1428 3745 Ait
1450 3689 1527 3746 enim
1542 3708 1549 3744 ι
1567 3692 1621 3763 Epo
1644 3692 1743 3764 quidem
1764 3701 1794 3743 tot

122 3773 342 3848 recapitulando
359 3774 576 3845 quodammodo
592 3774 711 3830 recitare
730 3792 782 3848 pro
804 3776 946 3833 modulo?
1001 3780 1109 3852 baptiso
1123 3779 1153 3832 in
1167 3779 1301 3849 aptamque*
1313 3786 1405 3834 cirtem
1417 3784 1478 3851 pest
1493 3796 1534 3836 me
1556 3779 1793 3850 pentecostae

122 3863 271 3919 Nouenim
281 3860 666 3935 nosputamusveldicimus
677 3863 795 3919 idoneos
806 3869 894 3921 tantas
905 3865 946 3922 rei
1000 3886 1044 3926 cos
1060 3869 1210 3939 baptizabit
1227 3869 1256 3922 in
1270 3866 1379 3939 Spiritu
1393 3876 1485 3925 soracte
1500 3877 1526 3925 et
1540 3871 1611 3941 igni.

123 3951 520 4024 ministros,jaetantensicut
535 3952 659 4009 iaciebat
672 3956 776 4009 troatus
790 3954 946 4026 Apostolus
1036 3957 1185 4024 Quomodo
1201 3955 1231 4010 in
1247 3956 1355 4028 Spiritu
1376 3961 1476 4014 sancto
1493 3963 1522 4013 et
1546 3958 1607 4032 igni
1624 3957 1750 4031 baptizat,
1762 3953 1793 4008 le

124 4041 275 4099 humiliter
290 4059 323 4098 ac
338 4042 548 4115 sapienter‚sed
562 4043 597 4097 ad
610 4042 842 4099 confirmandam
858 4045 945 4100 fidem
1001 4049 1102 4104 dierna
1118 4045 1260 4101 festivitas
1274 4044 1791 4120 satisaperteaesolemnitarapprctat

123 4137 253 4189 nostram
283 4136 311 4188 et
335 4133 370 4187 ud
400 4130 583 4187 excitandam
613 4130 794 4187 devotionem
819 4138 946 4190 vestram
1001 4137 1088 4192 Beato
1115 4136 1191 4190 Luca
1218 4134 1395 4206 evangelista
1422 4135 1450 4190 in
1478 4135 1600 4192 Actibus
1627 4133 1790 4209 apostolorum

121 4225 222 4278 nostra
245 4220 373 4294 parvitas
394 4219 488 4276 dicere
512 4220 626 4275 censuit
650 4219 758 4292 quibus
783 4222 889 4287 modis,
914 4226 948 4279 ut
1002 4230 1147 4292 narrante,
1165 4225 1369 4296 cognoscimus
1392 4224 1460 4296 quia
1484 4235 1673 4298 apparuerunt
1694 4219 1791 4296 apostati

120 4311 336 4383 supradictum
354 4313 408 4378 est,
425 4309 523 4365 divina
538 4309 685 4366 miseratio
703 4309 829 4367 miseriis
844 4312 946 4369 huma·
1000 4315 1152 4386 dispertita
1167 4313 1271 4383 litterae
1285 4321 1417 4384 tanquam
1433 4316 1516 4385 ipati,
1532 4314 1656 4387 seditque
1669 4309 1790 4385 saprade

119 4400 166 4456 nis
181 4399 337 4456 consuluit.
1000 4405 1077 4477 putot
1092 4417 1186 4458 eoram
1211 4402 1332 4472 Spiritus
1351 4407 1472 4457 structus.
1498 4403 1619 4472 Idcirco,
1641 4389 1789 4459 dilectissimi

154 4488 247 4544 Natus
262 4493 307 4545 est
317 4487 450 4544 Christus
466 4506 499 4543 ex
516 4487 684 4559 incorrupta
698 4489 826 4561 Virgine,
844 4495 876 4545 ut
891 4492 943 4547 hu·
958 4505 981 4570 Ι)
998 4495 1111 4556 iratres,
1128 4491 1163 4545 do
1178 4496 1362 4546 sacramento
1375 4478 1714 4563 baptismatis,hodievel
1725 4481 1789 4544 mcii

119 4581 352 4649 monacorrupta
367 4577 503 4632 nativitas
516 4577 544 4631 in
561 4575 723 4648 spiritalem
735 4580 945 4637 transferretur
1001 4600 1067 4639 eum
1083 4579 1178 4635 dicere
1195 4578 1290 4647 libuit,
1311 4581 1452 4652 quoniam
1466 4579 1540 4636 illud
1558 4582 1614 4637 isto
1638 4581 1668 4637 in
1692 4583 1787 4648 tempo

116 4659 411 4740 originem.Legalem
421 4664 665 4737 voluitsuseipere
677 4666 940 4740 circumcisionem,
997 4668 1163 4726 Christiana
1174 4667 1275 4739 religio
1291 4670 1386 4742 magis
1401 4687 1435 4726 uo
1450 4671 1787 4744 magisparagereceuse

116 4760 148 4811 ut
162 4755 297 4828 ejusdem
312 4754 386 4828 legis
402 4771 433 4811 se
447 4753 661 4810 demonstraret
677 4759 836 4823 auctorem,
846 4761 874 4813 et
888 4775 942 4815 nos
997 4756 1218 4828 vitDuptiaatur
1229 4755 1375 4825 Christus,
1391 4763 1421 4814 et
1437 4775 1495 4814 non
1512 4758 1601 4814 modo
1623 4759 1684 4831 jam
1696 4749 1785 4828 patriar·

114 4845 246 4920 exemplo
255 4844 319 4916 ejus
335 4843 519 4917 spiritalibus
533 4843 835 4915 gaudiiscircumcisi,
852 4846 881 4902 id
897 4851 942 4904 est
997 4847 1118 4903 charum
1134 4844 1286 4917 prodigiis,
1301 4863 1359 4900 non
1385 4846 1595 4920 prophetarum
1620 4842 1740 4907 oraculis,
1751 4832 1784 4893 ”i

114 4932 281 4989 coelestibus
296 4931 459 5007 disciplinis
473 4931 590 4997 eruditi,
608 4932 644 4986 ad
659 4933 798 4988 lubricam
813 4933 940 4992 coelestis
994 4953 1064 4992 uoce
1093 4932 1185 4991 Patris
1209 4934 1332 4991 dilectus
1359 4935 1449 4992 Filius
1473 4937 1675 5009 approbatur:
1699 4927 1785 4990 fleat

113 5020 937 5093 ediociiinvaniamuriconatueindeamagisauoratus,
993 5026 1070 5098 fitius
1084 5040 1160 5078 ineos
1174 5022 1330 5091 dilacinata
1348 5041 1399 5098 pao
1421 5026 1492 5081 initi
1513 5026 1685 5098 complacuit.
1704 5024 1784 5087 oete

111 5111 171 5164 tres
187 5109 392 5182 significativus
406 5109 656 5183 suscepltspeoics
669 5117 872 5176 munerummt
886 5114 937 5186 qui
995 5112 1148 5169 Psalmista
1165 5128 1171 5167 :
1189 5114 1248 5168 Rex
1260 5113 1363 5180 dilecti,
1380 5115 1484 5170 dilecti.
1500 5115 1537 5170 Et
1561 5115 1597 5170 de
1611 5129 1668 5186 quo
1681 5107 1783 5167 sponoe

112 5199 174 5250 erat
191 5215 241 5268 pro
268 5199 353 5255 nobis
369 5199 501 5255 mortalis
527 5200 657 5254 allectus.
680 5199 738 5254 llex
762 5199 936 5258 seculorum
993 5202 1022 5257 in
1039 5199 1185 5257 Captiuis:
1202 5201 1319 5257 Dilectus
1333 5219 1368 5258 ec
1382 5203 1490 5259 diiecto.
1509 5200 1732 5269 octodecimo
1748 5191 1783 5247 dt·

111 5283 276 5341 crederetur
291 5291 319 5340 ot
334 5286 684 5343 DominusVoluiteliam
701 5288 729 5343 in
743 5289 935 5363 temploprae·
990 5296 1073 5347 conte
1093 5290 1215 5362 Spiritu,
1242 5290 1390 5347 desertum
1418 5291 1511 5365 petiit,
1536 5297 1671 5363 exempto
1695 5273 1785 5361 tereti

110 5374 377 5440 seuteri,turturem
392 5380 420 5430 et
435 5375 600 5431 columbam
614 5394 665 5448 pro
681 5395 712 5433 se
726 5377 931 5450 voluitollcrri,
990 5377 1237 5452 quadragesimali
1250 5380 1414 5452 jejunio,ut
1428 5385 1495 5454 pole
1505 5397 1592 5436 verus
1603 5367 1787 5436 homoesuii

109 5463 182 5518 dans
199 5463 282 5518 nobis
295 5463 460 5535 exemplum
477 5469 585 5529 utrum
604 5466 640 5520 ad
654 5465 930 5539 oltnreaecedimus,
987 5468 1094 5524 diaboli
1112 5472 1293 5524 tentamenta
1307 5470 1521 5526 divinavirtute
1532 5467 1699 5543 superavit!
1711 5456 1790 5521 deindo

108 5551 252 5608 castitatis
265 5556 294 5607 et
326 5550 497 5611 innocentiae
530 5559 757 5628 ceterarumque
789 5557 930 5614 virtutum
986 5556 1128 5631 angelico,
1146 5560 1181 5611 ut
1198 5573 1284 5614 verus
1299 5558 1350 5615 Dei
1363 5557 1466 5631 Filius,
1478 5575 1554 5618 usus
1566 5549 1793 5626 ministeriali&
