3884 6084
120 246 183 343 oar
563 271 836 345 maronianus
858 269 962 336 nusi
984 270 1170 346 OUlNQUn.
1191 271 1326 338 -ua
1348 272 1386 338 11.
1772 275 1832 342 eea

124 408 213 487 gitut
228 406 285 483 ipsi
300 406 414 466 scilieet
428 405 540 481 prelati
551 407 587 463 ab
598 406 708 464 eisdem
720 424 795 481 quos
806 406 953 480 subjectos
967 405 995 475 Α
1008 422 1072 480 qua
1086 407 1196 479 aderat,
1212 406 1325 465 nullam
1354 408 1474 466 omnino
1499 409 1715 484 compescendas
1741 413 1834 471 cladis

123 498 237 558 habore
251 498 389 567 debuere,
402 497 673 572 aliligantur,atque
688 501 876 554 contumaces
891 512 957 553 sen·
1011 499 1102 552 amem
1118 497 1411 570 reperiens,couvcrsi
1427 500 1582 573 unanimes
1596 518 1664 558 voce
1674 501 1834 561 clamantes

125 589 204 647 hant
218 587 286 646 illos
300 605 374 661 quos
390 587 493 660 ntique
508 603 563 643 suo
578 586 711 660 exemplo
735 604 753 643 a
771 585 894 658 justitia
910 586 957 642 iti·
1011 584 1145 654 terribili,
1155 587 1191 643 ab
1206 587 1300 660 ipsius
1315 588 1514 661 apostolorum
1531 590 1670 663 principis
1680 609 1834 667 cucurrero

123 694 194 736 nere
209 678 304 734 secere
318 677 429 734 devios.
444 676 502 732 Nec
516 675 627 731 mirum
645 678 783 748 praterea
797 676 833 742 si,
849 676 877 732 in
903 675 956 731 ali·
1011 673 1306 740 coulessiommmnm
1318 677 1551 749 imprecantes,si
1563 695 1620 734 uon
1632 680 1752 753 pervigil
1768 699 1834 755 pro·

123 768 236 842 quibus
264 766 410 841 angustiis
434 765 598 833 constituti,
615 767 715 821 minus
739 756 809 821 dum
829 763 957 822 clamant
1011 761 1080 835 priae
1095 762 1168 819 soret
1187 765 1222 819 ad
1238 781 1367 836 pressans
1381 765 1517 823 delenscr
1531 766 1674 836 Ecclesia,
1684 769 1792 827 multos
1802 770 1833 827 in

123 854 481 928 exaudiuntur,quoniam
498 854 554 927 ipsi
571 853 688 910 sibimet
703 871 755 927 per
769 853 956 911 avaritiaecu·
1011 853 1081 909 orbe
1095 856 1239 908 terrarum
1264 871 1281 909 a
1304 872 1364 910 sua
1391 854 1458 911 fidei
1482 856 1662 928 professione
1683 858 1832 915 decedere.

124 944 242 1003 mulum
258 942 391 1002 clausere
407 942 614 1001 misericordia
630 943 820 1011 ostium,cum
832 943 958 1000 certissi·
1011 940 1289 998 Statimverovorax
1299 943 1575 1010 flamma,abictiuas
1588 946 1725 1002 deserens
1736 948 1834 1004 trabes

125 1038 208 1092 mum
221 1033 416 1090 nihilominus
433 1032 581 1089 habentur
595 1049 647 1105 pro
662 1032 832 1105 hujusmodi
842 1032 956 1090 viciesi-
1010 1028 1164 1100 disparuit.
1179 1029 1324 1086 Paridem
1339 1035 1457 1103 tempus
1472 1031 1607 1089 obierunt
1621 1034 1651 1089 in
1664 1034 1747 1091 ltalia
1760 1040 1789 1091 et
1804 1036 1834 1092 in

124 1123 228 1180 tudine
244 1120 347 1197 tlagitii
364 1120 527 1194 sepissime
537 1121 692 1176 imminere
702 1137 888 1177 communem
900 1120 957 1177 cla·
1010 1117 1124 1184 Galliis,
1140 1119 1190 1191 qui
1206 1118 1344 1191 praecipui
1356 1124 1440 1176 erant
1455 1121 1607 1194 pontifices
1620 1127 1650 1179 et
1664 1124 1765 1192 duces,
1783 1143 1835 1182 nro

124 1212 194 1269 'dem
210 1211 328 1286 populis
341 1217 372 1267 ct
386 1209 585 1267 animantibus
595 1210 719 1279 cunctis,
736 1226 788 1266 nec
799 1227 857 1267 non
867 1211 956 1268 etiam
1010 1222 1069 1262 non
1098 1211 1126 1263 et
1151 1208 1283 1264 comites.
1299 1208 1439 1265 Primitus
1465 1227 1581 1284 qnoque
1605 1229 1681 1284 papa
1695 1212 1834 1283 loannes,

125 1300 293 1376 plurimam·
304 1303 417 1374 pestem
433 1299 568 1372 frugibus
581 1297 716 1356 videlicet
730 1316 764 1355 ex
784 1299 956 1373 intemperie
1010 1294 1115 1351 deiude
1130 1294 1213 1368 lingo
1229 1296 1430 1353 marchionum
1446 1299 1586 1370 optimus.
1603 1300 1672 1357 Post
1692 1301 1754 1357 hac
1769 1320 1835 1360 vero

125 1389 214 1447 aeris.
230 1388 280 1446 Sic
293 1388 402 1462 quippe
425 1387 488 1445 fieri
512 1386 643 1461 contigit,
660 1391 692 1442 nt
715 1387 745 1443 bi
769 1386 881 1444 scilicet
904 1388 955 1461 qui
1009 1399 1062 1456 per
1072 1383 1303 1458 ltaliamquique
1313 1385 1518 1444 nobilioree.ln
1528 1386 1629 1445 Galliis
1639 1391 1835 1464 namqueOde

124 1477 338 1553 omnipotentis
353 1475 403 1533 Dei
419 1475 500 1550 gregi
516 1475 572 1532 sibi
588 1475 747 1532 commisso
763 1477 837 1533 ferro
848 1477 956 1534 debue-
1009 1477 1039 1529 et
1053 1474 1360 1548 Heribertns,quornm
1372 1475 1641 1549 prior'l'uronorum
1648 1478 1835 1553 Carnutique,

125 1571 192 1625 rant
221 1564 395 1623 salvationis
419 1564 643 1632 adminiculum,
657 1569 838 1638 opponerent
861 1565 955 1622 eidem
1009 1578 1136 1635 sequens
1159 1580 1227 1619 vero
1252 1563 1416 1621 Moldcrum
1442 1570 1531 1639 atque
1556 1567 1716 1624 trecorum
1738 1585 1836 1626 comes

126 1654 262 1714 consueti
276 1654 409 1711 beneficii
424 1653 955 1726 obstaculumouandocuuqueenim
1009 1651 1130 1720 exstitit,
1147 1653 1228 1708 Tunc
1243 1653 1384 1726 temporis
1399 1654 1488 1711 etiam
1503 1656 1562 1712 dux
1587 1656 1836 1731 Rotbomagorum

127 1742 955 1819 deluitreligiositaspontificum,acmarcessitdistrirtio
1010 1739 1152 1796 Ricardns
1164 1741 1247 1808 obiit,
1261 1743 1310 1814 qui
1337 1744 1549 1800 monasterium
1575 1746 1766 1804 edificaverat
1791 1749 1838 1804 ni·
1929 1794 1941 1805 .

127 1833 274 1908 regularis
289 1834 442 1901 abbatum,
458 1831 606 1904 simulque
629 1832 844 1888 monasterialis
868 1831 956 1888 disci·
1011 1828 1104 1885 mium
1116 1828 1255 1902 locuples,
1271 1830 1302 1887 in
1318 1830 1381 1888 loco
1401 1834 1451 1905 qui
1476 1834 1583 1890 dicitur
1606 1835 1789 1909 Fiscampus,
1806 1835 1836 1892 in

128 1923 216 1998 plina
232 1922 318 1996 uigor
331 1921 502 1995 tepescit,sc
517 1920 696 1993 perillornm
711 1920 958 1995 exemplacaetera
1010 1934 1069 1990 que
1098 1919 1186 1975 etiam
1210 1920 1344 1993 sepultus
1371 1922 1505 1994 quiescit.
1521 1922 1699 1981 viellermus
1718 1941 1836 1999 quoque

127 2012 214 2087 plebs
229 2011 437 2068 mandatorum
463 2009 510 2066 ilai
527 2009 740 2083 prevaricatrix
755 2011 868 2078 existit;
886 2010 957 2082 quid
1012 2005 1195 2065 Pictavorum
1207 2010 1265 2065 dun
1281 2012 1336 2067 sub
1351 2011 1453 2067 eodem
1466 2016 1596 2085 tempore
1615 2013 1707 2069 vitam
1732 2014 1836 2070 linivit.

126 2101 208 2159 aliud
220 2116 313 2173 quam
324 2102 417 2155 totum
428 2098 516 2155 simul
533 2099 698 2155 humanum
709 2115 803 2173 genus
814 2099 956 2156 rurensin
1012 2095 1166 2153 Pontifices
1195 2099 1263 2154 item
1289 2099 1319 2155 in
1349 2098 1451 2157 Galliis
1478 2101 1587 2174 quique
1611 2102 1839 2176 religiosioresa

126 2189 287 2264 antiquum
304 2187 455 2261 praecipitii
466 2188 554 2244 chaos
572 2205 632 2244 sue
652 2188 823 2261 perditionis
839 2194 957 2260 sponta—
1012 2183 1119 2242 seculo
1132 2190 1328 2244 excesserunt.
1345 2189 1497 2246 Monaeses
1513 2189 1646 2246 videlieet
1671 2192 1715 2246 vir
1730 2193 1840 2247 saucti-

125 2295 185 2336 nea
201 2276 567 2334 voluntateillabiturlblx
581 2276 725 2348 ejusmodi
742 2277 782 2332 rei
799 2277 959 2350 proculdu·
1012 2277 1071 2329 tate
1096 2272 1201 2347 plenus
1230 2277 1387 2333 Treccrum
1412 2279 1578 2351 episcopus,
1601 2285 1631 2335 et
1658 2279 1839 2339 Gielebertns

127 2367 423 2436 bioevantu,dudum
435 2364 485 2421 ille
500 2365 640 2437 antiquus
653 2364 811 2422 Leviathan
821 2366 958 2423 lldnciam
1014 2361 1063 2435 [cl.
1078 2364 1293 2437 higelbertus]
1311 2366 1561 2438 Parisiorum,nec
1577 2387 1634 2426 non
1651 2375 1681 2426 et
1691 2370 1840 2427 (leboinus

120 2454 403 2528 conceperatqucd
414 2454 568 2510 inundatio
578 2453 714 2510 iordanis
725 2453 803 2509 lluvii
815 2472 848 2510 os
858 2454 959 2511 illabe·
1013 2451 1254 2523 Gatalaunornm,
1285 2472 1352 2512 cum
1384 2457 1450 2514 aliie
1478 2457 1623 2530 pluribus.
1651 2459 1729 2516 lnter
1764 2477 1839 2534 quos

119 2541 726 2615 raturillins,utvidelicetbaptizatorum
737 2542 961 2617 multitudo‚per
1013 2541 1102 2598 etiem
1127 2543 1208 2598 bonae
1235 2545 1381 2601 memoria
1411 2551 1533 2604 sanctus
1557 2545 1692 2604 videlicet
1715 2548 1840 2605 Maiolus

108 2633 260 2691 auritis
274 2633 438 2707 appetitum
454 2630 672 2688 viamueritatis
687 2632 836 2698 deserens,
847 2632 961 2688 demer·
1014 2630 1092 2703 apud
1108 2630 1296 2690 Silviniacum
1312 2635 1478 2692 ooenobium
1494 2636 1559 2691 vitm
1574 2637 1727 2708 presentis
1742 2639 1841 2694 termi-

111 2726 251 2798 garetur
277 2721 309 2779 in
338 2721 501 2781 interitum.
528 2721 561 2776 llt
585 2719 665 2793 quia,
681 2723 715 2775 ut
735 2736 770 2775 ex
790 2720 962 2777 auctoritate
1016 2735 1087 2774 num
1117 2725 1301 2779 consecutus.
1318 2725 1407 2796 cnjus
1424 2723 1536 2781 scilicet
1559 2723 1624 2780 vita
1653 2725 1839 2783 honestatem

109 2811 293 2887 apostolica
307 2809 487 2884 completum
502 2809 870 2883 dignoscitur,lrigescante
881 2808 962 2866 scili·
1015 2806 1161 2879 pretiosus
1174 2808 1262 2864 etiam
1272 2813 1461 2868 commendat
1471 2813 1704 2870 transitusNam
1716 2815 1752 2871 ad
1761 2814 1841 2872 illius

115 2904 178 2960 oct
191 2900 349 2969 charitate,
363 2916 397 2956 ac
412 2897 669 2972 superabundante
682 2896 847 2970 iniquitate,
863 2897 893 2954 in
908 2898 963 2954 he·
1015 2894 1125 2951 famam
1140 2896 1304 2956 sanctitatis
1327 2901 1473 2957 confluere
1493 2918 1528 2956 ex
1550 2902 1685 2958 universo
1710 2902 1841 2958 Romane

117 2990 266 3048 *minibus
282 2990 382 3062 ntique
397 2991 490 3045 semet
503 2988 570 3061 plns
581 2989 663 3060 justo
681 2985 859 3056 amantibus,
876 2985 962 3043 solito
1016 2983 1085 3039 orbe
1098 2983 1152 3040 viri
1168 2989 1197 3041 st
1215 2985 1352 3044 mulieres
1376 2993 1568 3062 utrorumquo
1591 2989 1727 3046 ordinum
1752 2988 1842 3063 pluri·

121 3079 268 3137 embrius
282 3079 417 3151 istaque
428 3076 594 3143 retulimus,
603 3075 681 3132 circa
695 3074 885 3133 millesimum
897 3079 964 3149 post
1016 3072 1174 3141 mi,exinde
1189 3076 1346 3133 relerentes
1360 3077 1541 3135 diversarum
1557 3079 1763 3136 intlrmltatum
1773 3096 1840 3154 gra·

125 3168 195 3226 nati
208 3166 370 3226 salvatoris
384 3165 501 3224 Domini
511 3180 623 3223 aunum
631 3165 778 3222 universis
788 3165 890 3223 mundi
900 3182 963 3239 par·
977 3147 999 3215 C
1018 3160 1092 3218 tiam
1109 3161 1253 3220 sanitatis.
1270 3164 1447 3222 Deseviebat
1470 3167 1571 3223 eodem
1594 3171 1726 3240 tempora
1745 3167 1842 3239 clades

136 3254 217 3314 tibus
231 3255 430 3330 contigerunt.
1016 3251 1146 3323 pessima
1159 3251 1190 3308 in
1206 3251 1386 3324 hominibus,
1403 3254 1481 3328 iguis
1496 3253 1608 3314 scilicet
1630 3255 1773 3327 occultus,
1791 3244 1842 3330 qui

447 3344 566 3403 CAPUT
584 3344 646 3401 Vll.
1016 3338 1214 3411 quodcunque
1248 3343 1448 3399 membrorum
1482 3343 1666 3417 arripuisset,
1694 3345 1842 3402 exurendo

277 3437 315 3492 De
328 3434 466 3493 incendite
479 3434 654 3492 etmortibos
668 3433 815 3490 rutilium.
1015 3429 1171 3484 truncabat
1198 3446 1215 3485 a
1241 3445 1370 3503 corpore.
1387 3431 1554 3506 Plerosque,
1570 3433 1659 3489 etiam
1688 3433 1718 3489 in
1747 3433 1842 3507 spatio

168 3524 302 3598 &ptimo
314 3522 406 3599 igitur
419 3524 455 3582 (ιθ
470 3522 638 3597 ςῃρηᾱῑοιο
652 3521 809 3579 millesimo
820 3537 896 3579 anno
907 3522 962 3579 νο.
1017 3513 1107 3572 unins
1123 3517 1227 3586 noctis,
1243 3518 1334 3590 hujus
1349 3518 1426 3593 ignis
1443 3521 1628 3594 consumpsit
1649 3521 1771 3578 exustio.
1786 3521 1842 3578 Sed

139 3629 224 3672 sarna
239 3630 337 3682 mons,
353 3612 404 3687 qui
416 3615 445 3670 ot
457 3611 581 3670 Vulcani
595 3610 653 3669 olla
668 3610 873 3680 dicitnr,solito
887 3610 962 3668 mul·
1017 3620 1085 3660 cum
1093 3605 1122 3660 in
1134 3605 1270 3679 plurimis
1278 3612 1447 3665 sauctorum
1456 3609 1607 3668 memoriis
1617 3610 1708 3683 hujus
1719 3614 1844 3667 tramen-

130 3700 279 3776 tlplioiom
291 3700 374 3759 hiatu
390 3717 527 3758 evomens
537 3700 605 3775 igne
615 3699 785 3774 permistam
802 3698 963 3774 sulphureo
1016 3693 1059 3749 da
1074 3695 1166 3767 pestis
1180 3695 1240 3751 sint
1262 3695 1379 3753 inventa
1402 3699 1542 3764 remedia,
1558 3699 1705 3756 maximus
1727 3703 1843 3757 tantum

133 3790 292 3865 grandium
320 3807 458 3849 saxorum
484 3788 715 3856 multitudinem,
733 3788 784 3862 qni
813 3806 908 3862 usque
933 3790 962 3846 in
1017 3797 1177 3840 concursus
1193 3784 1286 3841 tactus
1301 3785 1399 3842 estad
1412 3786 1503 3843 trium
1517 3789 1844 3847 sanctorumconlesso·

136 3880 254 3938 mum
271 3878 446 3938 rotabantur
460 3878 642 3936 milliarium.
658 3877 763 3952 Sicque
786 3895 840 3935 suo
861 3877 961 3935 balatu
1016 3888 1082 3928 rum
1107 3871 1255 3941 ecclesias,
1271 3874 1387 3930 Martini
1416 3875 1528 3932 scilicet
1541 3877 1736 3946 Turonorum,
1754 3883 1843 3952 atque

137 3968 236 4042 putido
249 3967 329 4025 circa
341 3984 373 4026 se
388 3966 613 4024 inhabitabilem
627 3966 714 4040 coepit
727 3966 821 4023 lacere
845 3967 962 4039 provin·
1016 3960 1142 4018 Odolrici
1158 3961 1431 4033 bajoariorummec
1447 3981 1505 4021 non
1520 3969 1549 4020 et
1564 3965 1651 4021 istius
1665 3967 1843 4024 venerabilis

137 4056 220 4117 ciam
237 4057 295 4116 Sed
310 4073 407 4132 neque
427 4056 483 4114 hoc
506 4057 577 4129 puto
601 4055 718 4114 silentio
737 4055 963 4129 praeteriremus
1016 4050 1109 4124 patris
1123 4048 1404 4124 Maioli,optataque
1421 4052 1527 4109 salutis
1543 4052 1660 4109 inventa
1672 4057 1744 4111 eunt
1758 4055 1843 4112 bene-

136 4144 212 4205 istud
225 4146 259 4203 ln
273 4146 338 4204 sola
350 4144 489 4204 Africana
509 4145 660 4218 contingat
682 4143 812 4218 regione.
831 4143 962 4202 Primum
1016 4138 1092 4196 licic-

136 4233 262 4310 deniqne
275 4234 314 4292 ob
327 4233 442 4292 telluris
456 4232 631 4291 vacuitatem
647 4250 682 4290 ex
696 4231 787 4290 nimio
801 4233 905 4290 ardore
918 4250 963 4290 so
1326 4229 1444 4288 CAPUT
1463 4228 1537 4287 Vlll.

136 4320 225 4395 linat
238 4306 382 4398 quc'niarn
396 4322 467 4380 illue
481 4322 627 4380 incumbit
637 4322 787 4379 dexterum
798 4321 837 4401 ab
846 4321 963 4379 Oriente
1051 4321 1091 4376 Dc
1106 4318 1222 4374 nenne·
1235 4317 1450 4386 discissionem
1463 4323 1615 4377 vastatione
1625 4320 1805 4394 burgundiae.

137 4410 283 4473 Mum
311 4428 404 4480 marc,
417 4412 581 4469 immensos
601 4410 749 4467 undarum
771 4409 910 4484 erigendo
931 4411 961 4467 in
1052 4406 1844 4483 igiturannotertiodesupradictcmillesimomoritur

137 4515 197 4560 aaa
210 4500 359 4576 recolligit
369 4500 503 4568 vortices,
519 4499 628 4574 quibus
644 4496 781 4556 videlicet
805 4516 963 4572 percussus
976 4514 1001 4582 Ι)
1017 4495 1046 4551 in
1057 4494 1228 4569 Bnrgundia
1241 4495 1301 4552 dux
1307 4495 1532 4572 Henricusapud
1544 4498 1842 4557 castruml’ulliacum

136 4590 305 4649 reconditur
317 4589 490 4648 aartelluris
505 4589 536 4645 in
549 4586 671 4663 gremio.
687 4587 798 4645 Deinde
812 4600 962 4656 varocum
1016 4601 1106 4657 super
1119 4584 1233 4641 Ararim
1257 4585 1390 4654 fluvium,
1406 4587 1623 4663 sepulturaque
1648 4588 1843 4647 autissiodori

136 4677 257 4753 igniflua
268 4678 470 4753 vaporatione,
481 4694 539 4751 quo
553 4663 783 4745 valeteructnat
796 4677 832 4733 ad
844 4693 960 4749 supera.
1017 4674 1094 4749 apud
1122 4673 1263 4731 eximium
1288 4675 1484 4733 coutessoram
1509 4680 1688 4734 Germanum
1716 4678 1843 4734 traditur

136 4764 298 4843 Siquidem
311 4782 363 4825 aer
373 4767 451 4824 sicut
464 4783 499 4823 ex
513 4764 638 4823 ordinali
655 4758 864 4822 constitutione
876 4780 963 4839 pene-
1017 4761 1132 4819 Octobri
1147 4778 1257 4819 mense.
1267 4763 1412 4835 Sequente
1425 4781 1493 4822 vero
1508 4782 1609 4823 mense
1620 4763 1842 4823 Decembrivea-

136 4858 191 4915 irat
201 4866 323 4931 supera,
339 4857 366 4913 si
381 4872 417 4913 ex
430 4855 564 4929 ejusdem
579 4854 844 4927 ambiguauatura,
854 4853 962 4911 humo-
1015 4864 1084 4922 pere
1099 4848 1218 4906 Sabbati
1235 4853 1302 4905 ante
1316 4848 1394 4906 diem
1405 4851 1562 4908 Dominicae
1577 4850 1843 4926 Nativitatiqappa-

138 4944 176 5003 ria
187 4944 305 5004 scilieet
314 4948 402 5019 atquc
412 4941 642 5016 calorie‚sapins
652 4943 815 5015 exagitatas
825 4943 963 5015 exprimit
1017 4937 1077 4994 ruit
1090 4937 1120 4994 iu
1136 4954 1202 4994 aare
1216 4941 1384 5012 portentum
1399 4939 1534 4998 mirabile
1551 4940 1683 5014 :species
1707 4938 1842 4998 videlicet

135 5032 164 5091 in
176 5032 271 5093 aridis
286 5034 398 5107 ignem,
415 5038 467 5091 ant
482 5035 521 5113 in,
531 5031 663 5089 humidis
686 5030 820 5106 glaciem.
837 5031 963 5106 Contigit
1017 5042 1069 5084 seu
1084 5025 1176 5083 moles
1186 5025 1251 5099 ipsa
1265 5027 1402 5085 immensi
1416 5029 1562 5099 draconis,
1579 5047 1597 5086 a
1620 5029 1840 5103 septentrionali

136 5120 246 5181 interea
269 5139 346 5197 pene
364 5122 517 5179 universas
540 5120 629 5178 ltalia
653 5124 682 5176 et
704 5119 803 5177 Gallis
831 5121 963 5179 civitates
1016 5114 1103 5189 plaga
1115 5115 1277 5188 egrediens,
1293 5132 1360 5172 cum
1386 5117 1478 5175 nimia
1501 5119 1701 5176 coruscatione
1725 5120 1842 5193 petebat

136 5207 248 5284 ignium
263 5209 411 5268 incendiis
425 5209 582 5277 devastari,
597 5209 752 5281 ipsamque
775 5209 879 5266 urbem
904 5209 961 5265 Ro·
1016 5204 1160 5260 austrum.
1176 5205 1257 5271 Quod
1268 5205 1436 5279 prodigium
1451 5223 1524 5279 pene
1539 5207 1674 5265 homines
1689 5208 1840 5266 universos

137 5312 252 5358 menam
267 5304 304 5357 ex
315 5305 398 5372 parte
415 5297 545 5356 maxima
560 5297 627 5372 igne
642 5295 776 5353 cremari.
792 5297 873 5362 Quod
889 5296 960 5353 dum
1016 5292 1066 5366 qui
1080 5293 1189 5361 videre,
1206 5292 1282 5349 inira
1293 5291 1402 5350 Gallias
1416 5295 1532 5352 terruit.
1549 5296 1689 5370 Sequenti
1712 5296 1840 5369 deniqne

138 5386 223 5460 tuat,
234 5385 313 5446 beati
324 5386 400 5445 Patri
409 5386 544 5446 Ecclesia
554 5386 638 5460 tigna
647 5385 723 5441 idem
737 5383 814 5458 ignis
825 5383 960 5457 arripuit,
1015 5399 1093 5439 anno
1109 5381 1243 5438 ascendit
1256 5382 1412 5439 Rotbertue
1428 5400 1477 5441 rex
1493 5386 1522 5441 in
1548 5384 1747 5460 burgundiam
1772 5401 1839 5441 cnm

137 5475 278 5552 cepitque
292 5475 347 5533 aab
363 5491 437 5533 aereo
451 5475 585 5533 tabulatu
608 5473 808 5531 consumendo
832 5473 960 5530 lambere
1015 5487 1122 5545 magno
1137 5469 1263 5528 exercitu
1279 5476 1486 5545 pugnatorum,
1503 5476 1614 5532 ducens
1629 5475 1718 5532 etiam
1738 5489 1839 5532 secum

136 5561 221 5640 ligna.
235 5564 320 5633 Quod
335 5552 780 5624 camsns‘uiivsrsahominum
802 5561 960 5623 multitudo
1015 5561 1174 5621 Ricardum
1198 5558 1449 5638 ltothomagorum
1472 5563 1610 5626 comitem
1633 5579 1701 5623 cum
1719 5560 1840 5639 triginta
