3884 6084
121 274 202 359 lidii

154 405 200 464 Al.
216 407 365 466 stultute
379 409 448 468 Deo.

153 494 199 553 Al.
213 495 315 554 Venite
330 498 521 557 exsultemus.

151 585 197 641 Al.
213 586 356 651 Quoniam
372 592 449 645 Deus
463 605 600 664 magnus.

150 673 196 730 Al.
212 675 344 744 Domine,
363 676 521 751 retugium.

450 765 606 838 offertorio.

150 851 195 907 Ol.
213 852 349 909 Precatus
361 859 416 911 est.

150 940 196 996 Ol.
212 942 446 1000 Confitebuntur.

150 1029 196 1086 Ol.
213 1031 299 1103 Eripe
315 1049 362 1087 me
377 1032 413 1088 de
428 1033 566 1091 inimicis.

419 1123 638 1181 Communiones.

148 1211 230 1266 Com.
247 1209 338 1266 Dicite
352 1210 490 1284 pusillan.

147 1298 231 1356 Gom.
248 1298 329 1356 Tollo
346 1317 481 1372 puerum.

146 1387 230 1444 Gom.
248 1387 356 1446 Fidelis
371 1404 484 1445 corvus.

146 1476 229 1533 Com.
247 1476 322 1533 Dum
339 1477 452 1535 venerit
464 1478 641 1536 Paracletus.

146 1568 228 1623 Com.
244 1566 275 1622 Si
290 1567 559 1624 conresurrexistis.

145 1658 227 1711 Com.
244 1654 374 1727 Populus
389 1657 603 1729 acquisitionis.

144 1744 228 1801 Com.
246 1744 352 1801 Factus
367 1750 412 1801 est
427 1751 553 1818 repente.

144 1833 228 1890 Com.
245 1834 286 1890 Ne
302 1834 466 1890 tradideris.

143 1926 226 1979 com.
243 1922 422 1980 erubescant
436 1927 465 1980 et
480 1940 570 1982 rerer.

144 2012 227 2068 Gom.
243 2012 303 2084 ligo
318 2029 385 2068 eum
399 2013 477 2070 vitis.

143 2100 226 2157 Com.
242 2100 336 2172 Pater,
351 2101 376 2157 si
392 2118 450 2158 non
465 2106 569 2175 potest.

139 2190 224 2247 Com.
241 2190 361 2247 Redime
377 2208 433 2259 me,
449 2191 536 2248 Deus.

141 2279 225 2336 Com.
242 2277 376 2349 Domine,
393 2280 535 2353 quinque.

140 2371 222 2424 Com.
239 2367 299 2423 Vox
315 2368 345 2425 iu
361 2369 463 2426 ltama.

140 2462 223 2513 com.
239 2458 293 2523 Qui
310 2457 416 2514 biberit
429 2475 547 2531 aquam.

214 2545 322 2613 Gloria,
338 2551 393 2603 etc.

388 2652 488 2693 rmors
506 2653 657 2694 mnenon

869 285 1077 352 uenturus

1339 428 1495 502 offertorio.

1035 512 1079 568 ol.
1098 513 1236 573 Miserere
1251 517 1319 574 mei.

1035 602 1080 659 Ol.
1096 604 1225 678 Angelus
1239 604 1365 663 Domini.

1034 690 1079 747 Of.
1094 691 1231 762 Posuisti,
1247 694 1379 751 Domine.

1034 779 1078 835 Di.
1098 781 1228 851 Domine,
1239 783 1317 839 Deus
1332 782 1448 840 salutis.

1033 868 1078 925 Dt'.
1094 870 1216 940 Dxuudi,
1232 870 1318 941 Deus,
1335 873 1507 930 orationem.

1299 979 1517 1038 Communiones.

1068 1083 1257 1141 Saeculorum.
1273 1088 1376 1143 Amen.

1031 1171 1113 1228 Geni.
1129 1173 1257 1246 Spiritus
1267 1179 1388 1233 sauctus
1403 1175 1528 1234 docebit.

1031 1260 1111 1318 Gom.
1126 1260 1259 1321 Christus
1271 1280 1437 1338 resurgens.

1013 1350 1111 1419 ‚Com
1128 1351 1197 1409 Dico
1213 1356 1312 1411 autem
1327 1353 1420 1411 vobis.

1030 1443 1108 1497 Com.
1123 1440 1258 1499 Circuibo
1268 1446 1297 1500 et
1308 1442 1477 1501 immolabo.

1029 1532 1109 1585 Gom.
1126 1528 1228 1587 Simile
1242 1535 1286 1588 est
1299 1548 1422 1606 regnam
1437 1532 1501 1589 coel.

943 1666 949 1675 .
1029 1618 1110 1675 Com.
1125 1619 1258 1676 Primum
1273 1621 1404 1693 querite.

1029 1707 1109 1764 Gom.
1127 1708 1256 1766 Introibo
1270 1710 1306 1766 ad
1320 1709 1421 1767 altare.

1027 1796 1106 1853 Com.
1123 1797 1242 1870 Oportet
1256 1802 1295 1855 te.

1028 1885 1110 1942 Gom.
1126 1886 1217 1944 Nemo
1231 1890 1260 1943 te
1275 1889 1488 1946 condemnarit.

1027 1974 1108 2032 Gom.
1124 1975 1183 2033 lloc
1198 1993 1314 2050 corpus.

1026 2068 1106 2122 Com.
1122 2065 1213 2122 Video
1228 2066 1325 2124 coelos.

1025 2158 1106 2211 com.
1123 2154 1254 2223 Domine,
1271 2156 1432 2213 memorab.

1025 2241 1107 2299 Com.
1123 2243 1250 2316 Spiritus
1265 2243 1326 2300 ubi.

1024 2330 1106 2387 Com.
1122 2333 1180 2406 ligo
1195 2332 1328 2389 clamavi.

1023 2420 1104 2478 Com.
1122 2421 1306 2495 Responsum
1319 2423 1438 2495 occepit.

1022 2509 1104 2567 Gom.
1122 2511 1235 2568 Lavabo
1249 2509 1326 2568 inter
1341 2510 1521 2569 inuocantes.

1022 2599 1103 2657 Com.
1119 2600 1266 2656 comedite
1279 2600 1409 2674 pinguia.

1021 2688 1102 2745 Gom.
1118 2688 1177 2761 ligo
1190 2704 1257 2744 sum
1272 2692 1382 2761 pastor.

139 2724 223 2793 Octo,
236 2724 283 2798 pie
300 2742 359 2792 rex,
375 2724 488 2782 Christe
505 2727 610 2795 lucide,
626 2725 822 2784 beatitudines
845 2742 931 2783 even·

101 2812 203 2888 getica
218 2814 318 2887 gratie
332 2814 409 2887 plebi
426 2819 481 2870 tus
497 2816 591 2888 prebe
607 2816 752 2890 benignus
762 2820 790 2871 et
802 2814 931 2872 clemens

104 2903 317 2977 sempiternam
332 2904 512 2976 requiem,et
527 2905 621 2961 refove
632 2904 694 2960 sine
709 2904 766 2960 tide
781 2903 932 2961 credentes

104 2989 135 3049 in
146 2996 185 3049 le.

191 3087 194 3091 ’
230 3080 419 3139 Saeuior-om.
435 3085 538 3139 Amen.

137 3172 207 3227 Ant.
223 3169 256 3227 ln
271 3169 385 3228 excelso
399 3171 514 3228 throno.

139 3260 207 3315 Ant.
225 3259 372 3315 luvocavit
385 3276 442 3316 me.

139 3349 207 3404 Ant.
224 3347 256 3402 In
271 3348 378 3403 virtute
393 3352 453 3403 tua.

139 3438 207 3493 Aut.
223 3436 349 3493 iubilate
364 3441 429 3493 Deo.

137 3527 206 3582 Ant.
223 3526 502 3598 lentabiturJ'ustus.

137 3616 205 3672 Ant.
222 3615 365 3672 Dilexisti.

137 3705 206 3760 Ant.
223 3703 365 3772 Probasti,
382 3703 515 3761 Domine.

114 3793 205 3848 'Ant
220 3791 374 3847 Victricem
390 3809 521 3849 manum.

137 3884 204 3937 Ant.
221 3881 356 3938 Miserere
372 3882 440 3949 mei,
453 3882 586 3949 Domine,
600 3880 670 3956 quia
682 3881 717 3938 ed
734 3886 762 3938 te

209 3968 400 4026 Ssculorum.
415 3972 518 4027 Anien.

137 4059 205 4115 Ant.
220 4058 263 4114 Ad
277 4062 305 4114 te
320 4058 422 4116 levavi.

140 4150 208 4204 Aut.
226 4147 288 4204 Lux
304 4146 437 4221 fulgebit.

140 4238 205 4292 Ant.
222 4235 388 4294 Introduxit
401 4252 463 4293 vos.

141 4329 209 4382 Ant.
226 4325 364 4398 Spiritus,
381 4325 497 4382 Domini
514 4325 644 4400 replevit.

142 4415 204 4470 Ant.
222 4413 355 4484 Domine,
372 4431 408 4471 ne
424 4413 519 4488 longe.

141 4504 205 4559 Ant.
223 4503 298 4559 Dum
314 4503 454 4560 medium.

228 4591 337 4661 Gloria,
354 4597 408 4649 eto.

451 4681 593 4740 Grodnlio.

141 4768 226 4827 (irad.
242 4770 416 4828 Benedictus
432 4770 583 4829 Dominus.

142 4858 227 4915 Grad.
245 4859 365 4933 Propter
380 4858 541 4916 veritatem.

142 4945 228 5004 Grud.
245 4947 418 5005 &sedicem
434 4947 567 5006 Domino.

449 5037 580 5095 Alleluia.

981 2822 985 2829 .
1057 2775 1165 2844 Gloria,
1181 2780 1236 2832 etc.

1021 2901 1087 2957 lise
1102 2917 1225 2957 munera
1245 2900 1396 2974 quondam
1420 2901 1490 2958 Sion
1514 2901 1613 2958 auimo
1634 2899 1809 2970 exsultante,

985 2994 1073 3063 prout
1088 2989 1250 3062 potuimus,
1266 2990 1447 3046 concinendo
1461 2990 1719 3064 deprompsimus:
1732 3005 1810 3047 nunc

985 3082 1083 3135 eutem
1095 3078 1172 3134 velut
1184 3095 1272 3152 super
1280 3078 1402 3135 llumino
1410 3077 1566 3153 Babylonis
1576 3077 1810 3147 sedentes,malis

945 3159 968 3226 C
986 3166 1148 3239 amaricati,
1161 3168 1224 3240 J'am
1239 3183 1349 3241 organa
1367 3172 1470 3226 nostro
1486 3167 1708 3243 suspendimus,
1720 3168 1811 3243 lucry-

986 3256 1133 3314 mubiliter
1147 3256 1308 3314 clamantes
1322 3274 1356 3314 no
1369 3257 1500 3315 diceutes
1516 3275 1523 3315 ε
1540 3256 1676 3327 Quomodo
1689 3257 1812 3314 coambi-

983 3363 1045 3403 mus
1058 3349 1197 3403 canticam
1210 3348 1325 3404 Domini
1339 3348 1368 3402 in
1384 3351 1460 3405 torro
1472 3348 1584 3405 cimae?
1597 3348 1688 3404 'l'erra
1700 3346 1810 3421 quippe

985 3436 1071 3493 nobis
1082 3436 1158 3492 locta
1176 3441 1221 3494 est
1232 3436 1337 3505 aliona,
1353 3437 1592 3510 quandoquidem
1610 3436 1761 3506 norirere,
1773 3453 1811 3492 ue

984 3525 1081 3581 dicem
1097 3523 1296 3592 cantaro,licet
1309 3523 1339 3582 in
1352 3524 1527 3598 oa.lmpletc
1541 3522 1571 3581 in
1587 3523 1672 3583 nobis
1684 3523 1809 3598 propbe-

984 3614 1036 3686 tin,
1047 3631 1112 3687 quae
1127 3612 1197 3671 olim
1210 3613 1324 3671 misere
1339 3630 1373 3671 ac
1386 3614 1495 3671 infelici
1514 3615 1621 3672 Judoe
1644 3612 1742 3671 taliter
1763 3616 1810 3671 est

984 3704 1186 3761 comminata:
1204 3706 1286 3760 Terra
1312 3712 1403 3760 oestro
1430 3703 1545 3770 demto,
1560 3706 1685 3762 ciuitates
1713 3710 1810 3761 νοείτω

983 3794 1047 3865 ipne
1061 3808 1207 3861 succorum,
1223 3794 1362 3861 repionem
1375 3794 1537 3848 vestroruin
1559 3800 1701 3866 coepero
1722 3801 1810 3853 omno

983 3882 1073 3938 altem
1085 3882 1224 3947 decorant,
1234 3885 1261 3937 et
1275 3880 1523 3938 desolabitursicut
1536 3883 1567 3937 in
1577 3882 1810 3939 vestitatelrostiii

983 3972 1047 4041 (lec.
1063 3988 1083 4037 ι,
1098 3972 1137 4038 7).
1152 3973 1299 4042 Propterea
1322 3968 1421 4041 defecit
1443 3968 1576 4040 paediam
1598 3970 1687 4027 cordis
1710 3971 1808 4039 nostri,

983 4075 1076 4116 versus
1089 4067 1129 4115 est
1140 4060 1170 4114 in
1185 4059 1289 4114 luctum
1302 4058 1400 4114 eborae
1410 4057 1615 4125 norm,eecidit
1627 4072 1727 4115 corono
1736 4059 1811 4130 copi·

984 4149 1020 4205 tir
1034 4149 1124 4204 nostri
1139 4147 1283 4220 (Thremv,
1296 4147 1352 4220 15),
1365 4147 1408 4204 ite
1417 4150 1450 4204 ut
1464 4145 1678 4221 compellamur
1690 4146 1807 4204 dicere:

987 4242 1038 4296 ve
1048 4237 1136 4303 noba,
1152 4237 1219 4310 quio
1233 4235 1580 4310 peccavimortlbid.,lti);
1595 4240 1627 4294 et
1641 4239 1674 4292 ut
1686 4235 1810 4309 qnidam

985 4326 1105 4399 sapiens
1118 4325 1190 4383 dicit
1201 4325 1308 4383 :Vacat
1321 4325 1376 4383 hoc
1388 4330 1520 4398 tompore
1534 4324 1703 4398 potentibus
1711 4322 1810 4398 oppri-

985 4432 1076 4487 mere,
1092 4414 1214 4490 privatis
1229 4414 1359 4488 perdere,
1376 4413 1494 4471 miseris
1508 4413 1587 4471 llere.

945 4528 970 4595 n
1022 4504 1078 4561 Sed
1090 4505 1160 4577 quid
1178 4504 1253 4561 inter
1268 4502 1328 4559 bec
1343 4507 1434 4561 restat
1448 4502 1667 4577 agendnmmiai
1678 4507 1711 4561 ut
1719 4502 1810 4561 inille

987 4592 1157 4667 prophetico
1171 4592 1329 4660 volumine,
1347 4592 1376 4648 in
1392 4608 1451 4664 quo
1461 4593 1571 4667 scripte
1584 4595 1655 4650 sunt
1667 4592 1810 4650 lamentu-

985 4681 1090 4749 tioues,
1102 4697 1220 4738 carmen
1236 4685 1265 4737 et
1275 4698 1327 4749 vm,
1344 4682 1391 4739 die
1409 4687 1557 4755 noctuque
1576 4680 1762 4752 meditemur,
1778 4685 1812 4738 ut

986 4771 1058 4827 dum
1073 4771 1134 4827 lilia
1149 4769 1304 4843 Babylonis
1316 4769 1424 4827 misere
1437 4771 1527 4844 (Prot.
1541 4773 1666 4840 cxxxvi),
1680 4769 1735 4827 boe
1753 4773 1809 4838 est,

985 4858 1088 4932 inique
1105 4876 1159 4916 nos
1182 4859 1421 4932 persequentium
1448 4858 1606 4915 multitudo
1633 4856 1812 4916 retribuente

987 4948 1112 5005 Domino
1126 4948 1245 5020 recipiet
1260 4949 1492 5017 retributionem,
1503 4963 1594 5020 quam
1610 4946 1745 5004 retribuit
1759 4963 1810 5004 uo·

985 5036 1033 5092 bis
1048 5037 1152 5109 (ibid),
1168 5035 1280 5093 scilicet
1294 5054 1334 5093 ve
1349 5052 1488 5110 perenne,
1499 5052 1553 5092 nos
1565 5051 1617 5109 per
1629 5035 1813 5093 lamentatio-

985 5142 1038 5182 nes
1054 5127 1159 5199 diguos
1174 5126 1312 5199 potentiss
1327 5126 1386 5199 (lli)
1399 5140 1500 5181 verum
1514 5141 1680 5182 mereamur
1694 5130 1811 5183 oanmrc

985 5201 1102 5271 carmen
1119 5215 1235 5283 letitie,
1252 5213 1484 5287 suffragantibus
1499 5212 1641 5289 Principis
1665 5214 1816 5289 apostolo·-

874 5327 877 5332 ·
985 5319 1051 5360 rum
1062 5304 1186 5372 meritis,
1201 5305 1287 5376 cujus
1301 5319 1399 5360 amore
1409 5303 1659 5373 tuis,beatissime
1673 5303 1768 5374 Peter,
1780 5296 1811 5364 iu

983 5390 1039 5451 boc
1054 5409 1140 5468 opere
1155 5392 1330 5452 studuimus
1342 5391 1494 5469 preceptis
1508 5391 1636 5452 obedire.

140 5124 184 5184 Al.
198 5126 334 5183 Adorebo
349 5126 384 5183 ad
402 5125 555 5199 templum.

139 5215 184 5274 Al.
200 5221 278 5274 Deus
288 5217 382 5289 judex
391 5217 503 5289 justus.

138 5305 183 5363 Al.
199 5305 328 5363 Ostende
340 5305 435 5364 uobis.

137 5393 183 5451 Al.
199 5395 303 5470 Specie
317 5399 379 5452 tua.

137 5574 197 5651 (ld)
211 5575 288 5645 net„
303 5574 491 5652 penitentie.

223 5690 232 5699 ’
270 5701 403 5767 Parnon.
426 5700 543 5766 cxmt.
1613 5698 1653 5764 eo
