3884 6084
584 227 616 312 s.
640 249 835 315 nrruuoms
859 252 1167 317 nunurrouonsrs
1190 252 1380 317 urrscoor.

952 388 981 456 Α
1067 389 1124 447 ΤΤ.
1140 385 1456 461 lupincmnediperdas
1469 379 1691 444 Duaidintituti
1705 384 1747 441 in·

1233 520 1235 524 .
1324 479 1480 550 scriptione.

1028 567 1049 624 C
1063 568 1270 624 Commcnetur
1284 568 1384 641 itaque
1398 565 1518 623 Pontius
1531 563 1691 633 Pilatus‚nc
1706 561 1819 636 disper-

24 322 27 331 .
108 247 169 327 22³

104 381 130 438 a
165 378 304 440 Foderunt
316 388 379 442 ante
392 383 491 456 facicm
505 400 594 441 ννιεαννν
607 385 713 458 faveam
731 403 737 442 :

169 475 202 529 itt
216 472 375 530 inciderunt
388 475 420 531 in
432 491 502 531 eum.
519 474 687 547 diapsalma.

149 559 261 619 CBene
276 563 358 620 lovea
372 551 638 637 diciturpententia
653 565 832 639 mortisque
849 567 939 625 mittit

114 650 150 705 nd
167 651 432 709 lorcam.Dixerunt
443 652 521 709 enim
539 671 545 710 :
562 653 640 710 Reus
655 658 700 711 eet
714 655 859 726 mortis,et
872 657 937 713 ideo
993 656 1043 713 dat
1058 656 1202 729 scriptum
1214 655 1343 723 titulum,
1357 654 1408 728 qui
1423 670 1521 728 regem
1539 651 1698 710 Dominum
1721 650 1820 708 decla·

114 739 393 798 dictisuntloream
410 742 516 811 ledere,
532 741 671 814 quiavisi
690 749 761 801 sunt
782 762 850 802 eum
875 746 938 801 neci
994 746 1087 802 rabat.
1105 746 1212 819 Regem
1233 746 1312 802 euim
1337 744 1422 801 illum
1451 742 1517 816 quis
1537 742 1652 815 polerit
1670 730 1786 797 abolere
1812 756 1819 795 :

1756 247 1819 323 22⁴

113 829 280 887 tradidisse.
296 831 400 905 stipsi
416 831 591 888 inciderunt.
609 832 711 889 Omnis
735 834 814 890 enim
829 832 940 906 injusta

114 935 169 976 vox
185 937 191 977 :
207 937 277 976 suas
292 912 413 976 damnat
428 925 572 988 auctores,
585 925 614 979 et
629 925 786 995 autequam
797 923 880 980 alteri
891 939 940 979 no-

116 1012 199 1066 ceat:
217 1026 248 1066 se
261 1010 343 1082 prius
358 1010 422 1083 ipsa
436 1011 622 1067 condemnat.
639 1010 662 1067 H
678 1011 856 1078 lucidarum,
872 1028 940 1070 cum

116 1103 183 1170 poet
199 1099 441 1156 resurrectionem
455 1098 569 1155 Domini
583 1098 710 1157 inimicis
725 1101 835 1173 traditi,
852 1102 939 1174 capti,

116 1186 259 1245 interfecti
275 1193 303 1244 ct
318 1187 443 1262 dispersi
456 1194 534 1245 suut.

101 1277 152 1361 Ι10
188 1282 321 1334 Paratrun
335 1295 382 1334 cor
396 1295 487 1334 mcum
500 1286 568 1336 Deus
581 1287 710 1351 paratum
724 1297 770 1336 cor
784 1296 875 1336 aarum
892 1298 898 1336 :

189 1367 307 1424 Cantaba
322 1375 349 1423 ct
360 1369 497 1439 paulorum
511 1369 610 1425 dicam.

153 1455 250 1529 CAgit
265 1455 355 1513 Filius
370 1457 479 1529 gratias
496 1458 638 1531 Patri,per
651 1458 680 1513 id
697 1476 749 1531 per
763 1459 840 1532 quod
855 1461 884 1514 et
898 1476 941 1514 re·

119 1543 551 1603 surrexitamortuis.Paratum
566 1547 677 1604 sedicit
691 1549 726 1605 ad
742 1548 871 1621 agendas
881 1565 944 1620 gra·

119 1633 186 1699 tias,
201 1632 271 1705 quia
285 1632 342 1690 sibi
357 1633 466 1691 sciebat
479 1638 632 1692 venturam
656 1635 779 1709 gloriam
799 1652 943 1694 resurrec-

120 1723 219 1778 tionis.
236 1725 357 1779 Contere
382 1722 521 1792 diximus,
544 1724 653 1797 gratias
682 1724 801 1782 vocibus
827 1725 943 1782 referre.

120 1811 273 1868 Psalmum
297 1811 402 1881 dicere,
426 1813 604 1887 praedicabili
629 1813 743 1870 actione
767 1813 849 1870 illum
880 1813 942 1869 lau·

121 1900 200 1957 dare.

2 2042 13 2051 ,
117 1988 172 2055 ll·
192 1993 315 2064 Casurus
337 1992 427 2062 picria
450 2009 520 2061 ntea,
546 2010 663 2064 ausurpe
683 1996 850 2068 psalterium
868 2001 893 2051 ct
906 1994 945 2049 ci·

227 2081 316 2137 auro.

194 2175 349 2240 Ecsarporn
362 2170 493 2229 diluculo.

158 2258 178 2315 C
193 2259 321 2332 Exsurge
333 2259 439 2318 dicitur
452 2261 537 2335 quasi
553 2279 650 2337 surge,
666 2263 701 2318 ad
719 2262 895 2319 miraculum
909 2261 948 2317 la-

122 2347 259 2405 ciendum
272 2365 278 2402 :
290 2365 412 2423 exsurge
422 2350 595 2423 psalterium
608 2357 635 2408 el
650 2350 947 2409 citharaPsalterium

994 851 1081 908 quem
1097 839 1212 891 constat
1226 851 1290 890 esse
1306 833 1368 889 coeli
1384 837 1525 904 terraque
1540 830 1716 888 Creatorem.

998 927 1008 979 l
1047 924 1080 981 Si
1092 940 1153 980 acre
1168 925 1263 996 utique
1271 923 1411 995 justitium
1426 921 1543 993 toaaimi
1558 938 1567 976 .·

1048 1019 1127 1072 ttectc
1136 1013 1261 1085 judicate
1273 1013 1329 1083 filii
1343 1012 1495 1068 tantinum.

1031 1104 1051 1160 C
1066 1103 1239 1176 Laquuntur
1248 1101 1326 1158 enim
1337 1099 1430 1156 ludaei
1441 1098 1514 1154 falso
1522 1097 1669 1170 justitiam
1684 1094 1822 1170 legis,qui

995 1209 1054 1250 uon
1070 1197 1140 1248 sunt
1154 1189 1416 1265 rectujudicaturi;
1431 1205 1498 1245 vere
1513 1187 1592 1244 enim
1603 1187 1687 1259 justa
1701 1185 1826 1259 loquun-

996 1282 1107 1355 tur,qui
1120 1283 1203 1353 justa
1218 1280 1321 1337 tacturi
1337 1279 1522 1335 suutSermo
1536 1277 1615 1335 enim
1630 1279 1728 1332 rectus
1739 1291 1746 1330 :
1758 1275 1825 1333 vna

997 1371 1082 1428 debat
1096 1386 1160 1427 esse
1175 1369 1349 1426 consimilis.
1357 1368 1408 1424 Hic
1422 1366 1520 1441 arguit
1535 1365 1676 1439 propbeta
1689 1380 1773 1421 vaces
1790 1362 1825 1419 il·

997 1459 1104 1526 lorum,
1122 1461 1238 1532 qnando
1254 1457 1353 1515 doloso
1373 1457 1510 1514 dicebant
1525 1473 1532 1511 ε
1548 1455 1697 1528 Magister,
1712 1453 1827 1511 scimus

998 1551 1068 1622 quia
1083 1568 1099 1606 a
1114 1551 1171 1606 Deo
1186 1548 1300 1606 venisti.
1317 1549 1380 1605 Nan
1405 1550 1481 1603 recte
1502 1545 1685 1616 judicabant,
1706 1542 1827 1616 quaudo

998 1639 1090 1697 Pilato
1104 1639 1239 1695 dicebant
1256 1655 1262 1693 :
1280 1637 1432 1710 Crucifige,
1444 1635 1619 1708 crucifige.⁴

999 1732 1017 1784 2
1052 1729 1159 1784 Etenim
1174 1729 1202 1783 in
1217 1727 1296 1784 corde
1310 1728 1469 1799 iniquitates
1483 1725 1636 1798 operamini
1650 1726 1681 1781 in
1696 1727 1790 1782 ursa:

1033 1838 1039 1851 ·
1055 1818 1211 1890 Iniustitiae
1226 1833 1322 1873 manus
1335 1824 1433 1874 vcstrae
1446 1816 1619 1873 connnnaut.

1036 1907 1056 1963 C
1071 1906 1186 1963 Etenim
1204 1905 1234 1962 in
1250 1906 1346 1975 corde,
1364 1922 1397 1962 ac
1411 1904 1436 1961 si
1451 1903 1560 1961 diceret
1576 1920 1582 1959 :
1599 1902 1751 1967 Quomodo
1774 1919 1828 1975 po·

1001 1995 1102 2053 tuistis
1117 1996 1152 2052 de
1167 2012 1213 2051 me
1224 1993 1421 2067 judicare,qui
1437 1993 1467 2048 iu
1482 1993 1568 2050 corde
1582 1995 1678 2048 vestro
1688 1989 1829 2063 iniquita·

1002 2090 1046 2142 tes
1060 2083 1242 2158 operamini?
1257 2082 1307 2140 ubi
1322 2083 1483 2156 perlectum
1494 2080 1656 2138 esterimen
1666 2082 1828 2153 antequam

1001 2175 1054 2231 ilat
1070 2173 1316 2248 perpetratumln
1332 2175 1409 2229 terra
1424 2171 1504 2240 dicit,
1519 2171 1547 2226 iu
1563 2186 1670 2228 maana
1684 2167 1828 2242 pectoris;

1002 2280 1108 2321 manus
1123 2263 1271 2336 siguificat
1284 2278 1329 2319 res
1345 2260 1475 2319 actuales
1499 2258 1603 2328 malas,
1619 2276 1683 2332 qun
1708 2258 1830 2314 conciu-

1002 2359 1111 2410 nantur
1126 2355 1221 2408 mente
1234 2368 1240 2408 :
1253 2350 1371 2424 quaudo
1385 2366 1420 2407 ex
1434 2349 1536 2406 multis
1546 2347 1679 2422 partibus
1689 2347 1746 2404 sibi
1761 2363 1830 2404 cou-

123 2434 179 2493 l'uit
194 2455 201 2492 :
218 2439 335 2511 qirando
351 2439 527 2512 operabatur
548 2440 647 2497 divina
669 2443 816 2498 mandata.
832 2440 950 2496 Cithara
1001 2443 1080 2499 venit
1095 2442 1270 2515 perversitas
1281 2441 1418 2497 adunate.

123 2543 189 2585 vcro
207 2543 214 2583 ε
230 2528 388 2602 gloriosam
403 2529 569 2604 passionem
594 2530 749 2604 significat,
767 2547 831 2604 ques
855 2530 949 2586 tensis

124 2617 221 2674 nervis
241 2621 269 2674 ct
283 2617 400 2675 ossibus
423 2619 616 2677 dinumeratis
641 2620 778 2676 uirtutem
802 2618 948 2694 patientias

124 2708 310 2779 personabat.
328 2707 460 2766 Surrexit
474 2708 614 2778 diluculo,
627 2710 704 2783 quad
721 2714 766 2766 est
785 2709 860 2764 inter
874 2712 951 2764 tene-

124 2794 193 2851 bras
209 2786 303 2852 noctis
318 2801 346 2853 ct
360 2796 522 2854 claritatem
538 2797 597 2856 Dci.

126 2887 161 2941 12
197 2885 347 2958 Confitetur
361 2885 412 2944 titi
426 2889 454 2943 in
465 2889 586 2961 populis,
604 2890 722 2946 Domine
739 2906 745 2944 :

195 2978 230 3032 nt
237 2976 375 3048 psalmum
391 2976 481 3034 dicam
493 2979 546 3034 titi
555 2980 586 3033 in
599 2978 734 3050 pentilus.

1002 2532 1020 2587 3
1055 2530 1178 2590 dienati
1190 2538 1255 2587 sunt
1273 2536 1425 2602 peccatores
1451 2546 1468 2584 n
1491 2528 1594 2586 vulva:
1610 2532 1773 2584 ensuerunt
1797 2524 1831 2580 ab

1090 2629 1168 2677 utero
1184 2638 1193 2674 .·

1056 2713 1152 2769 locuti
1162 2719 1226 2767 sunt
1240 2711 1322 2783 falsa.

1039 2799 1176 2858 CMorito
1192 2816 1261 2874 argo
1276 2799 1420 2872 projectos
1431 2796 1501 2854 dicit
1512 2799 1678 2869 peccatores
1688 2798 1832 2867 tauquam

1004 2889 1150 2947 abortivos
1165 2887 1282 2946 avulva
1296 2884 1494 2960 Ecclesiae,qui
1510 2883 1593 2942 nulla
1607 2883 1744 2942 doctrinae
1760 2898 1835 2939 con-

1004 2978 1170 3036 firmatione
1185 2977 1309 3051 perfecte
1325 2975 1429 3033 imbuti
1446 2974 1580 3043 suntsed
1595 2977 1736 3045 tauquam
1752 2974 1835 3028 tene·

161 3063 365 3122 HConlltebor
391 3065 454 3137 tibi,
483 3065 539 3123 hoc
564 3070 619 3136 est,
635 3070 792 3140 postquam
823 3080 952 3122 resurre·
1005 3069 1063 3125 bre
1073 3068 1194 3141 pecudis
1204 3064 1473 3132 latuatamollities,
1485 3060 1832 3127 nouadlucemvitalem,

119 3158 241 3225 ⁴xcrn:te
252 3153 281 3211 in
292 3154 409 3228 populis
420 3154 593 3213 Christianis
610 3155 746 3213 laudabo.
763 3155 784 3212 C
798 3153 948 3212 Psalmum
963 3139 984 3206 C
1004 3157 1055 3214 sed
1070 3156 1100 3214 iu
1115 3156 1243 3229 perfidie
1258 3156 1393 3212 tenebras
1409 3153 1570 3227 probantur
1580 3151 1697 3224 adJecti.
1711 3150 1745 3206 ut
1756 3154 1835 3207 recte

125 3241 232 3312 dicam,
249 3243 317 3316 quia
331 3262 383 3317 per
397 3262 500 3302 omncs
510 3250 611 3318 gentes
628 3262 634 3301 :
650 3245 760 3318 linguis
772 3243 860 3301 variis
875 3242 952 3316 psal·

127 3331 225 3388 modia
240 3332 362 3390 Domino
377 3334 589 3391 devotamenta
605 3333 788 3408 persolvitur.

114 3420 161 3507 Α13
198 3421 334 3489 Quantnn
347 3421 528 3494 maestificata
541 3431 579 3479 est
593 3440 678 3496 usquc
695 3424 731 3479 ad
753 3423 832 3480 cuias
846 3424 952 3478 mneri-

233 3508 327 3567 cordia
343 3519 413 3568 tuo:

200 3604 232 3658 ut
246 3615 331 3673 usquc
345 3601 380 3656 ad
394 3601 479 3658 nutes
496 3602 597 3656 caritas
613 3608 671 3667 tua,

120 3731 135 3752 .
165 3690 185 3744 ll
201 3687 387 3760 Magnificata
402 3692 448 3744 est
462 3687 670 3757 misericordia,
682 3688 752 3762 quia
775 3689 891 3746 Domini
907 3704 951 3744 re-

128 3776 307 3834 surrectione
322 3776 551 3849 pacificatasunt
560 3777 660 3834 amnia
675 3776 829 3850 Patrique
841 3776 951 3834 incaelo

128 3870 157 3923 et
172 3882 236 3938 qua
251 3864 281 3920 iu
296 3869 373 3922 terra
387 3869 489 3922 suntC
498 3865 596 3923 Nubes
607 3865 774 3939 significant
784 3866 951 3940 prophetas,

95 3948 101 3960 ⁶
129 3971 203 4029 quos
218 3954 329 4029 irrigua
342 3955 449 4012 veritas
464 3955 592 4029 Spiritus
607 3956 712 4024 sancti,
723 3955 802 4013 velut
816 3954 952 4029 copiosus

129 4045 223 4101 imber
237 4043 367 4118 implevit
384 4061 391 4100 :
408 4048 437 4101 et
451 4044 559 4102 coelesti
576 4045 654 4102 fonte
667 4044 775 4117 satiati,
791 4062 880 4119 super
898 4050 953 4101 stc·

129 4132 197 4191 riles
211 4136 375 4208 peccatores
390 4133 553 4209 spiritualis
567 4135 654 4209 copia
669 4136 747 4192 dona
762 4135 909 4193 fuderunt.

130 4222 164 4282 tr
201 4224 331 4282 Euatturc
344 4240 426 4298 super
440 4225 526 4292 cutes,
542 4228 622 4291 Deus.

203 4319 234 4371 ut
247 4331 329 4387 super
341 4331 449 4372 amnem
463 4323 565 4372 terram
578 4316 668 4388 picria
682 4324 739 4372 tna.

168 4404 347 4472 llllxallarc,
364 4403 507 4478 Propheta
521 4404 582 4461 haec
598 4404 716 4474 dicil,de
731 4403 858 4479 gloriosa
875 4403 956 4461 Chri-

1005 3245 1135 3303 Ecclesia
1163 3249 1280 3301 uterum
1305 3242 1413 3300 habere
1435 3241 1553 3309 dicitur,
1578 3257 1641 3315 qua
1663 3255 1718 3295 nos
1746 3255 1833 3296 sacro

1004 3334 1297 3409 baptismate'genuit
1311 3333 1341 3389 iu
1357 3335 1526 3405 perpetuam
1542 3329 1836 3388 lucemltrrareruut

1006 3425 1042 3482 ab
1057 3427 1139 3480 utero
1155 3422 1206 3496 qui
1220 3422 1367 3481 contraria
1381 3420 1466 3477 matri
1482 3421 1620 3493 dogmata
1638 3417 1731 3475 secuti
1752 3424 1834 3474 suut.

1006 3514 1065 3587 Ipsi
1080 3517 1108 3570 et
1123 3512 1197 3570 salsa
1209 3511 1297 3569 locuti
1313 3514 1382 3568 sunt
1398 3526 1405 3566 ε
1422 3510 1471 3583 qui
1497 3509 1533 3566 ab
1557 3508 1622 3581 ejus
1636 3507 1748 3565 sanctis
1763 3506 1834 3563 doc·

1006 3602 1092 3659 trinis
1108 3605 1286 3660 erraverunt.

1006 3693 1024 3749 l
1059 3694 1146 3748 Furor
1160 3692 1219 3747 iltis
1233 3690 1382 3748 secundum
1396 3689 1608 3746 similitudinem
1620 3689 1756 3760 serpentis
1772 3707 1782 3742 .-

1059 3781 1135 3838 Sicut
1149 3780 1252 3853 aspidis
1266 3780 1360 3838 surdae
1369 3785 1395 3837 ct
1407 3779 1559 3837 obturantis
1573 3792 1654 3834 aures
1667 3793 1744 3832 snus.

1042 3871 1063 3927 C
1077 3869 1297 3927 obstinatorum
1312 3868 1481 3926 iudeorum
1492 3867 1573 3924 iuror
1582 3863 1783 3923 irrevocabilis
1792 3869 1839 3923 eet

1006 3961 1083 4017 sicut
1098 3958 1368 4033 serpentis,Quibus
1377 3957 1465 4015 ctiam
1476 3954 1744 4013 malaconsuetudn
1758 3954 1838 4027 aspi-

1008 4049 1266 4121 discomparatur,
1283 4064 1346 4120 quae
1361 4063 1397 4102 ne
1412 4046 1549 4106 exaudiat
1562 4045 1649 4101 verba
1658 4041 1838 4101 incantantis

1008 4142 1121 4211 utsuas
1135 4135 1262 4194 latebras
1277 4134 1461 4209 derelinquat
1476 4153 1483 4192 :
1499 4151 1588 4191 unam
1609 4149 1705 4189 aaran
1729 4131 1839 4188 dicitnr

1008 4244 1068 4285 sue
1084 4225 1183 4282 caude
1197 4226 1334 4283 obturare
1348 4223 1513 4291 inllexinue,
1530 4223 1652 4279 alterum
1677 4221 1708 4278 in
1726 4224 1838 4278 terram

1009 4315 1230 4389 deprimere.Sic
1240 4313 1385 4371 obturatis
1400 4309 1726 4370 auribuscordieludaei
1737 4308 1840 4367 nolue-

1009 4408 1079 4462 runt
1093 4404 1194 4460 audire
1209 4402 1433 4460 saluberrimam
1451 4401 1616 4475 jussionem
1641 4398 1762 4467 Christi,
1778 4397 1839 4456 sive

132 4494 169 4550 sti
185 4491 364 4551 ascensione.
382 4493 442 4549 llrit
454 4493 547 4567 gloria
563 4499 783 4569 superterram,
799 4511 868 4551 cum
883 4493 954 4552 effu-
970 4513 994 4578 Ι)
1010 4498 1117 4553 sanctae
1133 4493 1287 4568 Scriptura
1301 4490 1514 4565 intelligibilem
1529 4489 1692 4546 veritatem.

132 4582 207 4639 derit
221 4582 341 4639 domum
358 4580 486 4655 Spiritus
501 4580 595 4638 sancti
610 4599 699 4656 super
710 4600 827 4640 omnem
838 4599 955 4641 carnem
1009 4587 1028 4642 5
1065 4581 1343 4654 enumerarentur
1357 4597 1447 4639 ccccm
1462 4579 1690 4637 incantantium.-

132 4673 199 4742 (Act.
214 4672 256 4745 ιι).

382 4777 482 4818 ammo
500 4777 536 4817 ux
555 4777 633 4818 rsan.
654 4777 707 4816 avr.

168 4852 298 4922 aranfer,
314 4850 448 4919 Domine,
473 4848 659 4923 iniquitatem
683 4849 800 4907 familias
824 4849 955 4919 humilis,

133 4942 189 4998 sub
204 4941 323 4999 tuarum
338 4939 453 4998 alarum
469 4940 574 4996 umbra
588 4938 745 5014 sperantis,
761 4944 793 4995 ut
815 4939 907 4997 missa
921 4941 957 4997 de

134 5030 206 5087 coelo
223 5030 424 5087 misericordia
445 5033 505 5098 tua,
522 5028 713 5103 nequissimis
732 5028 907 5087 insidiarum
920 5030 959 5085 sc·

134 5119 195 5176 reis
209 5135 357 5177 eruamur.
373 5120 427 5176 Per
440 5118 597 5196 Dominum
613 5123 747 5177 nostrum
761 5119 931 5187 sesemen.

415 5225 579 5282 rsatuus
598 5225 678 5283 LVll.

354 5311 555 5354 aauunrrnruu
575 5315 651 5353 essu.
672 5314 737 5354 nrrr.

170 5385 191 5442 C
206 5385 338 5442 Christus
353 5386 507 5458 exprobrat
521 5386 680 5459 nequitiam
691 5387 901 5456 Judacrum,et
915 5403 960 5442 eo·

135 5494 201 5533 rum
218 5475 424 5534 retributiones
438 5474 575 5543 declarat,
593 5491 625 5531 ac
640 5477 676 5531 do
689 5475 958 5549 letitiajustorum,

135 5583 203 5626 cum
219 5564 360 5625 ultionem
375 5564 499 5623 viderint
513 5569 708 5638 peccalorum.

1064 4675 1097 4731 Et
1110 4673 1224 4744 venefici
1236 4673 1403 4730 incantantis
1417 4672 1565 4743 sapienter.

1048 4761 1159 4820 CDicit
1172 4761 1251 4819 enim
1266 4762 1302 4818 de
1321 4760 1423 4833 aspide
1443 4776 1508 4832 quas
1535 4775 1593 4814 nou
1617 4755 1717 4812 audiet
1739 4770 1840 4811 rocem

1012 4850 1237 4920 incantantium,
1254 4866 1306 4906 uec
1327 4866 1415 4922 passa
1439 4851 1484 4905 est
1509 4846 1610 4904 audire
1633 4860 1734 4902 vocem
1751 4861 1758 4901 :
1774 4859 1840 4916 qua

1011 4941 1093 4999 illam
1109 4940 1223 4998 trahere
1238 4938 1382 5012 potuisset
1391 4939 1429 4995 ad
1442 4936 1597 4995 lucem.Sia
1606 4934 1696 4992 etiam
1704 4933 1840 5000 iudeus,

1010 5029 1055 5088 vel
1070 5029 1166 5102 quivis
1181 5028 1348 5085 obstinatus
1363 5025 1524 5085 malevolus
1539 5042 1616 5084 :nou
1630 5021 1842 5082 contrahitura

1013 5119 1135 5176 docente
1149 5117 1185 5174 ad
1201 5116 1302 5173 lumen
1315 5115 1456 5174 veritatis.

1011 5209 1029 5263 6
1065 5208 1137 5264 Decus
1150 5212 1271 5262 caneret
1283 5205 1374 5263 huus
1388 5222 1482 5262 earum
1496 5207 1528 5262 iu
1542 5220 1589 5263 cre
1603 5206 1725 5277 ipsumam
1741 5218 1747 5257 :

1066 5297 1149 5353 Molas
1163 5297 1272 5352 uanum
1285 5296 1439 5367 cntnopct
1448 5296 1589 5352 Dominus.
1608 5334 1615 5341 -

1048 5384 1222 5443 GContrivit
1236 5389 1313 5441 Deus
1327 5384 1429 5441 dentes
1450 5383 1629 5448 iudeorum,
1645 5381 1764 5454 quando
1789 5379 1842 5435 do·

1013 5474 1077 5531 losa
1090 5474 1178 5530 verba
1192 5490 1293 5530 eorum
1309 5472 1529 5530 deducebantur
1540 5472 1577 5528 ad
1589 5469 1843 5527 nibilum.Leanee

1015 5565 1142 5634 luerunt,
1160 5564 1278 5635 quanda
1291 5566 1410 5622 cruento
1426 5579 1475 5621 ore
1490 5561 1674 5621 clamabant:
1687 5558 1841 5632 crucifige.
