3884 6084
122 245 206 329 'reor
670 254 868 320 suenonis
891 254 1057 320 enatus
1078 255 1300 322 aquuums.
1576 335 1579 339 ,
1762 254 1845 319 ttae

128 391 201 448 Vere
219 388 338 463 implete
349 394 393 446 est
407 389 560 463 prophetia
572 389 714 462 quedixit
726 408 754 448 :n
765 391 837 447 Cum
856 395 957 448 sancto
970 392 999 462 Α
1013 392 1168 464 cujusdam
1180 390 1273 448 noctis
1284 389 1400 447 silentio
1411 390 1545 448 membra
1554 387 1649 462 quieti
1658 389 1845 447 commende

121 484 250 538 sanctus
260 479 361 547 eris‚et
375 495 443 534 cum
458 478 520 535 viro
532 478 685 536 innocente
701 480 843 536 innocens
859 481 928 537 eris.
940 504 955 532 o
1010 483 1064 550 ret,
1080 480 1265 537 sanctaelra
1289 484 1399 553 martyr
1427 478 1552 552 pulchra
1579 477 1666 545 iacis,
1692 482 1775 536 reste
1799 478 1845 537 de·

163 573 228 629 Cer.
243 567 318 625 v111.
334 599 368 608 —
384 568 442 623 Nec
466 569 702 641 praetercundum
727 573 807 641 puto,
829 568 956 642 qualiter
1009 570 1191 637 ceretaniae
1207 569 1356 626 succincta
1379 568 1526 641 apparuit,
1541 567 1628 641 eique
1642 566 1739 626 dixit:
1756 567 1843 642 Surge

128 655 253 715 ccelesiis
264 655 339 730 signi
352 656 464 714 visione
474 656 571 730 ipsum
580 658 669 714 etiam
680 657 802 714 voluerit
812 658 955 716 Dominus
1009 663 1039 714 et
1052 675 1175 733 sequere
1192 675 1248 715 me.
1265 659 1300 714 Et
1318 657 1419 714 statim
1432 657 1533 715 eduxit
1555 655 1643 713 illum
1659 656 1691 712 in
1708 672 1842 729 campum

112 745 292 808 mirificare,
304 745 379 801 Nam
394 746 424 801 in
440 746 505 818 ipsa
520 744 643 803 solemni
660 747 707 802 die
722 750 822 802 saneto
838 747 954 804 Paschae
1009 748 1060 820 qui
1076 765 1110 805 en
1126 749 1245 804 nomine
1263 747 1374 804 ibidem
1391 746 1574 803 decurrentis
1586 746 1671 802 unvii
1687 744 1843 803 Lecleltdi·

126 833 221 895 multa
235 834 360 893 fratrum
385 839 500 892 caterva
523 839 648 903 astante,
672 836 743 892 dum
769 841 887 893 sanctus
907 854 954 893 sa·
1009 836 1094 892 citur‘
1113 837 1161 894 ubi
1179 840 1316 893 sanctum
1333 837 1449 893 Petrum
1467 833 1672 908 apostolorum
1684 833 1841 907 principem

127 924 229 981 cardos
244 923 343 985 diviua
356 924 516 982 celebraret
531 924 809 1005 mysterialdextera
819 926 953 999 quaedam
1009 925 1133 982 velutin
1148 925 1283 999 synodali
1305 923 1449 997 colloquio
1472 925 1625 981 sedentem
1651 922 1766 980 invenit
1778 939 1840 981 cun

119 1013 263 1087 apparui
277 1031 416 1087 superna,
433 1031 497 1086 que
512 1031 579 1070 cum
594 1015 689 1087 ipsius
715 1015 833 1072 dextera
856 1015 955 1072 divina
1010 1031 1117 1088 magna
1133 1015 1338 1087 episcoporum
1354 1014 1537 1086 aliorumque
1549 1016 1726 1071 sanctorum
1745 1011 1839 1069 multi·

125 1102 320 1159 sanctificavit
346 1107 540 1160 sacramenta.
567 1103 693 1176 duplatis
708 1121 774 1160 vero
794 1104 953 1161 missarum
1009 1102 1366 1176 tudine,velquosolimin
1380 1100 1836 1175 carnevidit,veltuncprimum‚

124 1190 286 1261 solemniis,
303 1192 425 1264 quidam
441 1192 585 1249 Henricus
601 1194 764 1265 presbyter,
792 1194 842 1265 qni
858 1211 891 1250 eo
907 1194 953 1250 die
1008 1192 1154 1250 revelante
1176 1193 1232 1249 sibi
1255 1192 1349 1264 gratia
1363 1192 1472 1261 divina,
1490 1207 1673 1264 cognoscere
1689 1189 1786 1264 coepit.
1798 1189 1837 1247 lbi

124 1280 254 1339 cantoris
272 1281 402 1339 officium
428 1298 519 1355 agens
543 1286 624 1337 tanto
647 1282 779 1338 interluit
801 1283 952 1351 miraculo,
1008 1281 1163 1348 interalia,
1191 1298 1254 1354 que
1277 1282 1491 1348 tractabantur,
1516 1281 1593 1338 sicut
1618 1279 1693 1338 olim
1720 1280 1752 1336 in
1773 1280 1838 1353 Apo

118 1386 254 1442 sequens
273 1370 447 1442 ,episcopum
475 1387 567 1442 nsque
588 1371 618 1425 in
634 1371 813 1438 cubiculum,
828 1373 863 1429 ad
888 1374 954 1445 ejus
1008 1371 1119 1444 eclypsi
1144 1371 1237 1428 saneti
1261 1371 1384 1426 loannis
1406 1370 1505 1426 audita
1526 1376 1572 1425 est
1592 1385 1651 1425 vox
1676 1368 1836 1429 animarum

117 1459 214 1530 ,pedes
229 1459 434 1531 ceciditatque
449 1459 479 1515 in
492 1460 840 1533 presentiapopularium
857 1479 954 1534 perso·
1008 1460 1053 1516 sui
1084 1459 1319 1516 interlectoribus
1350 1458 1510 1515 vindictam
1545 1458 1751 1531 expetentium
1777 1456 1837 1517 :iu

125 1563 231 1603 narum
246 1549 380 1605 eamdem
405 1549 548 1604 visionem
565 1549 663 1606 minus
680 1553 762 1605 caute
777 1550 950 1623 explanavit.
1010 1552 1080 1604 tune
1096 1547 1207 1604 clamor
1221 1553 1304 1604 ortus
1319 1552 1363 1604 est
1378 1553 1543 1604 enectorum
1556 1548 1592 1603 de
1603 1546 1836 1619 erantpnoeurr

117 1634 179 1690 eni
194 1636 238 1690 vir
251 1635 302 1694 Dei
321 1653 327 1690 :
344 1636 449 1692 Melius
459 1636 522 1704 tibi,
540 1637 644 1709 inquit,
656 1643 735 1694 esset
749 1643 952 1710 tacero,quam
1010 1637 1182 1693 Noricorum
1194 1637 1291 1694 adhuc
1306 1637 1429 1705 virente,
1445 1637 1482 1693 ob
1501 1637 1741 1695 destructionem
1754 1634 1834 1692 eccle

118 1723 195 1780 talia
211 1724 240 1780 in
257 1742 343 1783 aures
358 1725 436 1798 vulgi
452 1727 659 1798 prolerrebtox
674 1727 722 1783 ille
738 1728 843 1784 rubore
858 1728 953 1801 periu-
1007 1726 1118 1782 siarum
1130 1730 1217 1798 atque
1229 1725 1618 1797 monasteriorum,quorum
1629 1742 1678 1785 res
1696 1724 1835 1782 distribuit

123 1830 174 1872 sus
189 1813 269 1879 exiit,
295 1820 323 1871 et
339 1815 368 1869 in
392 1815 537 1872 vestibulo
563 1815 689 1872 cubiculi
707 1817 839 1873 residens
854 1820 951 1874 tantas
1007 1816 1036 1871 in
1054 1815 1698 1888 beneficialaicorum.Quepropter‚dictente
1712 1813 1833 1871 omniun

123 1901 270 1976 lacrymas
287 1903 431 1973 emisit,ut
446 1921 479 1960 ex
494 1904 612 1962 illarum
629 1905 790 1962 suffusione
801 1911 952 1979 cogeretur
1005 1905 1161 1972 sententia,
1191 1906 1349 1961 damnatus
1366 1908 1410 1960 est
1435 1921 1529 1977 poena.
1555 1902 1830 1963 Proierebanturin

117 1990 198 2048 lucis
215 1991 305 2064 hrrjus
317 1992 476 2065 dispendia
491 1994 810 2051 sustinerevirantem
827 1996 878 2050 Dei
894 2012 952 2052 me
1005 1994 1135 2050 medium
1151 1994 1240 2050 etiam
1264 1995 1322 2050 duo
1339 2010 1425 2050 enses
1441 2010 1447 2048 :
1466 2010 1544 2050 unus
1560 1993 1688 2065 quidem
1710 2009 1780 2051 com
1791 2008 1831 2049 cr·

117 2096 188 2137 mor
203 2097 262 2137 sue
278 2081 443 2154 tragilitatis
461 2084 579 2139 cavebat
595 2085 722 2139 savorem
738 2085 872 2140 humane
888 2083 950 2140 lau·
1005 2083 1161 2156 pulo,alter
1175 2100 1241 2139 vero
1254 2084 1366 2155 absque
1381 2081 1497 2155 capulo.
1515 2082 1556 2138 De
1572 2081 1688 2154 quibus
1710 2083 1831 2154 princeps

123 2169 180 2237 dis,
198 2187 234 2227 ne
257 2171 371 2226 caderet
391 2170 419 2226 in
447 2172 637 2244 precipitium
663 2172 810 2240 elationis,
837 2190 952 2246 semper
1005 2171 1203 2245 apostotorum
1219 2172 1310 2228 aitsd
1327 2173 1444 2228 beatum
1459 2171 1555 2227 virum
1574 2188 1581 2227 :
1600 2171 1655 2228 Dic
1679 2172 1743 2245 regi
1768 2170 1831 2229 tter·

114 2259 234 2330 ‚gratias
249 2275 339 2332 agens
352 2265 409 2315 Deo
421 2277 508 2332 super
523 2260 712 2317 inenarrabili
729 2263 794 2333 ejus
810 2263 905 2331 dono;
922 2266 951 2318 et
1006 2260 1065 2316 rico
1080 2278 1086 2315 :
1104 2261 1188 2316 Ensis
1203 2260 1314 2333 absque
1324 2258 1428 2332 capulo
1440 2260 1588 2332 signiticet
1598 2259 1700 2329 illum,
1713 2261 1764 2333 qni
1780 2260 1831 2317 sior

113 2347 199 2407 :sicut
212 2348 248 2404 de
259 2348 369 2405 sanctis
381 2350 446 2420 ejus
456 2350 666 2421 scriptumest:
678 2373 692 2399 a
703 2350 789 2406 lbunt
799 2350 950 2407 derirtuto
1005 2349 1144 2405 unctione
1157 2354 1259 2422 regnat
1273 2351 1303 2405 iu
1320 2349 1476 2422 populerit
1490 2347 1829 2422 altercapulatus‘illum,

121 2435 151 2492 in
165 2435 313 2505 virtutem,
326 2461 338 2487 a
351 2437 550 2494 velutcoeleste
561 2438 669 2494 animal
678 2443 745 2493 ante
754 2438 948 2495 iaciemsuam
1007 2438 1057 2510 qui
1069 2455 1120 2511 per
1129 2454 1218 2494 sacrae
1230 2437 1440 2494 benedictionis
1449 2438 1584 2495 ordinem
1596 2437 1747 2495 divinitus
1756 2437 1831 2494 luent

113 2524 321 2597 gradiebatur,
339 2531 371 2583 ut
387 2544 420 2583 oo
445 2533 543 2583 niente
567 2528 786 2606 conscenderet,
808 2545 866 2600 quo
882 2544 948 2585 eum
1004 2532 1170 2583 coronatus
1188 2527 1282 2582 Finito
1298 2531 1468 2583 sanctorum
1484 2525 1621 2592 concilio,
1632 2525 1828 2599 praedicabor

113 2613 250 2687 impetus
265 2615 387 2688 spiritus
403 2617 587 2672 duceretilis
602 2617 745 2672 virtutum
761 2616 901 2690 gradibus
912 2618 948 2673 ad
1004 2621 1114 2689 martyr
1130 2615 1319 2673 sanctissima
1340 2615 1513 2672 monstrarit
1537 2613 1580 2670 illi
1591 2602 1702 2673 ¹adbuc
1721 2613 1826 2679 loca,ir

120 2702 179 2758 alta
204 2704 370 2777 proficiens,
396 2705 524 2776 quadam
549 2709 644 2773 nocte,
670 2723 733 2778 que
760 2706 951 2762 antecedebat
1004 2704 1112 2778 quibus
1128 2706 1194 2762 Otto
1218 2722 1268 2761 ren
1289 2709 1390 2776 postca
1412 2708 1508 2761 castra
1533 2703 1644 2776 posuit,
1660 2702 1826 2778 etgenerele

119 2791 199 2848 diem
215 2796 362 2859 sanctum,
381 2809 468 2864 quem
484 2794 561 2850 diem
577 2794 818 2867 indulgentierel
834 2812 948 2851 coenam
1004 2794 1182 2868 colloquium
1198 2811 1265 2850 cum
1280 2794 1343 2850 suis
1363 2793 1485 2862 habens,
1501 2793 1718 2866 Berengarium
1737 2807 1823 2866 regem

122 2879 240 2937 Domini
267 2881 435 2939 Christiana
459 2882 560 2956 religio
584 2900 686 2939 vocare
712 2885 872 2954 consucvit,
896 2902 951 2942 vox
1006 2882 1277 2956 Langobardorum,
1294 2898 1360 2937 cum
1378 2881 1479 2938 multis
1494 2881 1560 2937 aliis
1576 2881 1823 2954 presentationem

119 2970 253 3042 quaedem
269 2971 353 3028 beato
370 2972 411 3027 sic
428 2974 469 3027 ait
492 2973 522 3028 in
543 2973 606 3029 visu
620 2991 627 3028 ε
641 2972 774 3030 Udalrice
801 2975 948 3047 episcope,
1003 2990 1092 3028 suum
1114 2972 1243 3044 suscepit
1269 2970 1444 3028 dominium.
1467 2971 1604 3029 Praedixit
1627 2971 1720 3031 etiam
1743 2971 1824 3028 edem

119 3059 238 3118 sciastc
253 3060 383 3133 hospites
406 3067 612 3134 suscepturum
628 3079 701 3119 esse.
722 3064 948 3136 expergefactus
1003 3062 1099 3134 gentis
1115 3062 1320 3134 ilungarorum
1349 3060 1554 3132 irruptionem,
1580 3060 1823 3132 durissimamque

120 3149 207 3222 ompit
222 3167 322 3207 secum
338 3151 511 3208 admirando
527 3156 651 3208 tractare
661 3152 782 3224 quinam
792 3152 833 3207 illi
850 3153 949 3226 hospi·
964 3137 986 3204 C
1003 3168 1071 3208 cum
1100 3150 1285 3207 Nostratibus
1307 3149 1557 3223 congressionem,
1574 3165 1630 3206 nec
1655 3153 1760 3207 nonet
1771 3147 1823 3205 loo

119 3241 163 3294 tes
178 3238 270 3298 futuri
285 3243 395 3296 essent.
417 3240 479 3296 Non
495 3241 649 3296 enimerat
664 3240 761 3296 inanis
785 3242 947 3315 sonorille,
1003 3239 1198 3296 certaminum
1215 3256 1221 3294 :
1238 3243 1266 3294 et
1281 3238 1348 3296 licet
1371 3254 1438 3294 cum
1463 3253 1571 3312 magno
1583 3254 1722 3300 ,suorum
1742 3235 1820 3301 detri-

109 3327 172 3398 epui
187 3326 263 3384 solet
277 3327 433 3400 aliquoties
444 3329 598 3385 bominum
613 3333 727 3386 mentes
742 3329 883 3387 illudere:
897 3333 948 3388 sed
1004 3333 1112 3398 mente,
1128 3333 1225 3385 tamen
1241 3327 1558 3400 victoriatriumpbum
1572 3322 1822 3401 promisitpopulo

114 3414 191 3471 ’talis
206 3416 313 3489 potius,
324 3415 427 3488 ‚qualis
443 3435 552 3489 sponsa
567 3435 598 3474 se
611 3417 681 3473 dicit
696 3417 725 3473 in
747 3420 857 3476 amoris
878 3421 950 3476 Can·
1003 3417 1178 3476 Christiano.
1195 3417 1216 3474 0
1234 3418 1352 3474 beatum
1372 3417 1479 3483 virum,
1499 3414 1611 3474 crelesti
1635 3416 1749 3474 visione
1766 3415 1820 3489 dig·

114 3503 179 3559 tico
196 3504 363 3560 obdormire
380 3522 386 3559 :
405 3527 419 3554 «
435 3506 613 3578 Egoinquit,
626 3506 839 3576 dormio,etcor
850 3526 948 3566 meum
1004 3523 1086 3576 num,
1104 3507 1133 3562 in
1148 3506 1257 3564 talibus
1271 3506 1360 3562 etiam
1386 3505 1497 3563 sanctis
1514 3505 1671 3578 apostolis,
1692 3505 1772 3563 Petro
1783 3503 1816 3558 ri·

122 3590 343 3663 vigilat.»Tnlis
368 3593 460 3664 igitur
473 3593 569 3647 somni
585 3593 656 3650 durn
671 3594 714 3650 vir
729 3595 779 3651 Doi
804 3597 950 3654 frueretur
1003 3595 1108 3652 delicet
1134 3599 1164 3652 et
1192 3595 1281 3652 Paulo
1305 3595 1513 3653 conferendum
1532 3613 1539 3651 ε
1556 3610 1686 3667 quorum
1702 3593 1771 3651 alter
1791 3590 1816 3657 in

114 3677 339 3751 .quiete,itcrum
354 3697 453 3737 vocem
470 3682 500 3736 in
516 3681 576 3738 haec
591 3684 680 3739 verba
700 3685 808 3741 meruit
822 3687 924 3745 audire
939 3703 947 3744 ι
1004 3684 1092 3741 linteo
1112 3685 1226 3741 coelitus
1249 3683 1379 3741 demisso
1390 3683 1561 3741 electionem
1575 3684 1711 3756 gentium
1725 3698 1771 3756 per
1782 3679 1815 3736 ri·

113 3767 274 3827 ‘Orationes
289 3774 345 3827 tna
371 3774 398 3826 et
422 3769 622 3844 eleemosynae,
638 3771 781 3843 Udalrice,
798 3774 855 3831 Deo
879 3781 950 3832 sunt
1003 3773 1115 3832 sionem
1137 3773 1259 3842 didicit,
1277 3773 1350 3830 alter
1370 3790 1448 3844 vero,
1472 3773 1534 3829 sive
1554 3772 1586 3828 in
1612 3788 1743 3845 corpore,
1764 3769 1814 3827 rio

123 3863 259 3931 recepta,
274 3859 417 3931 quibinis
436 3862 671 3917 antecessoribus
696 3861 766 3928 tuis,
792 3863 948 3922 Fortunato
1002 3868 1084 3920 extre
1097 3880 1213 3936 corpus,
1226 3879 1320 3935 usque
1340 3862 1376 3920 ad
1399 3863 1520 3920 tertium
1544 3860 1651 3918 celum
1668 3854 1816 3934 raptnnre'

114 3946 234 4007 'scilicet
247 3953 336 4021 atque
351 3949 537 4017 Adolbcroni,
554 3955 582 4007 te
595 3951 820 4018 commendavit,
838 3955 871 4008 ut
894 3953 948 4009 tibi
1003 3969 1068 4010 esse
1083 3953 1197 4020 asserit,
1210 3953 1259 4009 ubi
1275 3957 1304 4009 et
1318 3968 1426 4009 arcana
1439 3951 1490 4009 Dei
1500 3950 1614 4008 audivit
1627 3956 1659 4008 et
1672 3949 1753 4008 vidit!
1768 3947 1813 4005 lete

112 4036 620 4112 bodieetdeincopssacrampsteria
629 4038 788 4096 celebranti
796 4042 946 4113 assistant,
1001 4059 1069 4099 vero
1084 4046 1204 4099 sanctus
1219 4047 1247 4098 et
1271 4041 1300 4097 in
1325 4041 1492 4098 ostensione
1507 4039 1616 4104 dextre
1632 4054 1723 4097 sacre
1741 4050 1813 4109 super

112 4130 152 4183 -et
166 4142 201 4183 ea
227 4129 325 4183 tecum
348 4127 532 4184 benedicant.
550 4128 634 4184 Mane
650 4133 747 4185 autem
765 4129 850 4201 lacto,
876 4131 949 4188 hora
1003 4130 1104 4198 altare,
1120 4136 1148 4187 et
1161 4130 1190 4186 in
1205 4130 1259 4187 hac
1275 4130 1397 4199 risione,
1411 4134 1439 4187 et
1453 4128 1692 4202 postmodum.in
1704 4127 1776 4194 aliis,
1787 4127 1814 4181 rt

113 4231 180 4287 uua
195 4213 322 4288 inclytus
336 4216 561 4289 mysteriarches
572 4215 670 4273 divina
680 4219 947 4277 sacramentacele·
1004 4224 1071 4277 aute
1086 4219 1196 4276 exitum
1211 4219 1303 4276 nostri
1320 4219 1544 4276 sermonissatis
1558 4218 1814 4291 patebitotarew

111 4304 226 4373 -bravit,
242 4305 420 4378 quibusdam
436 4306 535 4374 etiarn,
558 4305 608 4377 qui
632 4306 670 4362 ad
693 4307 851 4363 videndum
867 4308 949 4382 digni
1003 4309 1052 4366 Dei
1067 4309 1139 4365 vidit
1154 4313 1182 4366 et
1196 4308 1350 4376 audivit,et
1361 4307 1552 4365 salvationem
1568 4323 1628 4364 non
1643 4310 1815 4365 tantorum

120 4398 214 4464 erant,
231 4393 418 4452 cernentibus
429 4396 548 4451 dextera
563 4395 678 4452 Domini
695 4396 790 4452 donno
801 4397 947 4470 apparuit,
1002 4398 1109 4471 gentis,
1126 4398 1177 4455 sed
1189 4401 1217 4454 et
1229 4397 1388 4454 multorum
1406 4397 1582 4470 populorum
1604 4395 1748 4471 cognovit.
1761 4395 1816 4449 uec

123 4499 188 4554 que
202 4500 270 4539 cum
285 4488 385 4540 sancto
401 4485 537 4558 episcopo
560 4484 645 4557 signo
659 4485 755 4542 crucis
770 4485 947 4559 imponendo
963 4511 987 4576 D
1003 4504 1062 4544 non
1077 4488 1188 4561 passim
1204 4492 1274 4544 tunc
1290 4487 1368 4560 vulgi
1380 4486 1501 4544 auribus
1514 4481 1817 4559 noinanitarjaemuo

110 4572 225 4628 ‘eadem
240 4573 664 4646 consecraritlidemipsicum
678 4574 715 4631 ad
730 4575 947 4648 percipiendam
1003 4575 1173 4650 divulgavit,
1190 4577 1240 4633 scd
1254 4575 1356 4647 paucis
1372 4591 1446 4647 quos
1467 4576 1503 4632 ad
1529 4575 1585 4632 hoc
1608 4575 1717 4649 dignos
1736 4570 1818 4639 duxit.

120 4678 236 4719 sacram
252 4662 489 4718 communionem
506 4661 948 4720 adsacrumaltareaecederent
1003 4669 1113 4722 secreto
1138 4664 1347 4721 manifestavit.
1368 4669 1433 4737 ipse
1448 4681 1515 4722 vero
1538 4668 1675 4723 sentiens
1696 4679 1728 4720 se
1749 4664 1819 4719 aaa

110 4754 151 4807 -et
164 4754 286 4808 sanctus
302 4751 352 4807 Dei
369 4751 434 4807 illos
450 4751 540 4825 hujus
553 4751 657 4808 secreti
673 4753 807 4810 conscios
822 4769 888 4810 esse
898 4770 949 4826 per
1002 4754 1106 4811 divina
1121 4754 1221 4827 gratia
1232 4757 1485 4827 preventum,non
1501 4753 1674 4827 seerigebct
1681 4753 1712 4809 in
1727 4751 1820 4816 ultum.

122 4841 258 4913 spiritum
276 4858 333 4897 non
349 4841 506 4915 ignoraret,
519 4841 638 4913 quando
662 4857 768 4914 panem
793 4843 835 4899 eis
854 4843 949 4900 Domi·
1003 4845 1055 4901 sed
1077 4843 1177 4899 omnia
1200 4842 1344 4899 reserabat
1359 4842 1401 4901 ad
1424 4841 1520 4909 illurn,
1542 4859 1560 4899 a
1584 4858 1644 4915 quo
1670 4841 1820 4916 acceperut,

122 4929 412 5004 nicumporrexit,ori
419 4928 604 5004 singulorum
615 4929 741 5004 digitum
750 4932 947 5005 superposuit,
1002 4932 1146 5005 quidquid
1161 4931 1231 4989 boni
1247 4930 1375 4988 habebat
1388 4931 1507 4991 velasse
1522 4931 1820 5004 paterniacenses

121 5021 156 5073 nt
169 5035 220 5092 per
230 5019 285 5076 hoc
300 5019 497 5093 intelli-gerent
522 5020 599 5092 quod
623 5018 686 5076 visa
709 5019 830 5075 minime
852 5020 948 5077 dirul-
1002 5021 1139 5095 apostolo
1156 5038 1189 5076 t«
1203 5020 1302 5078 Gratia
1317 5019 1368 5077 Dei
1384 5037 1450 5078 sum
1462 5021 1491 5076 id
1503 5020 1583 5094 quod
1596 5036 1680 5081 sum.
1694 5042 1713 5072 .»

110 5124 191 5182 vgare
203 5108 431 5176 deberentouin
443 5106 658 5181 etiam,expleto
674 5125 824 5165 sacrorum
839 5110 946 5180 officio,
1037 5111 1105 5168 Ger.
1121 5110 1154 5168 X.
1171 5141 1204 5152 —
1219 5108 1311 5182 Coepit
1325 5109 1416 5183 igitur
1427 5109 1580 5167 commissi
1596 5108 1656 5168 sibi
1671 5107 1768 5185 gregis
1778 5120 1822 5165 ct·

121 5198 158 5253 ed
175 5197 328 5254 seavocatis
343 5198 460 5255 revelati
476 5198 531 5256 sibi
546 5198 576 5254 in
593 5200 676 5254 noete
687 5197 834 5271 preterito
843 5203 948 5273 myste·
1002 5216 1176 5273 ramagere,
1189 5197 1333 5255 talentum
1347 5197 1405 5256 sibi
1420 5198 1563 5257 creditum
1576 5192 1823 5263 nonsudcrioilli·

121 5286 158 5343 rii
174 5284 307 5342 ordinem
321 5287 466 5359 exposuit,
483 5292 511 5345 et
526 5292 586 5344 tam
609 5287 666 5343 hoc
683 5302 772 5358 quem
796 5289 874 5359 quod
890 5289 947 5363 ipsi
1001 5295 1103 5364 gotum
1119 5294 1202 5346 terre
1218 5288 1433 5358 commendare,
1451 5289 1512 5357 sed,
1528 5280 1820 5348 attenuaverint

120 5373 254 5431 viderant
269 5371 356 5429 alicui
372 5375 478 5442 dicere,
491 5377 582 5433 donec
596 5376 645 5433 ille
659 5381 793 5432 maneret
804 5376 833 5432 in
849 5394 945 5449 carne,
1002 5380 1195 5452 dispensator,
1213 5378 1249 5433 ad
1278 5393 1398 5435 usuram
1418 5376 1754 5437 ,accommodarellnde
1765 5384 1821 5439 ss!

120 5462 272 5522 interdixit
287 5465 342 5519 sub
358 5465 593 5521 interminatione
609 5465 761 5539 praesentis
776 5466 851 5522 vitae.
1001 5471 1158 5526 diaeceseos
1173 5467 1314 5523 terminos
1324 5468 1432 5540 sepius
1445 5467 1590 5537 lustravit,
1598 5485 1632 5524 ae
1643 5460 1821 5542 congregeti!

156 5551 222 5617 tlte.
239 5551 488 5616 1x.--ertovero
513 5557 655 5634 tompore,
675 5555 747 5614 dum
769 5555 877 5617 iterum
888 5558 946 5620 sub
1000 5577 1099 5621 coram
1121 5575 1152 5620 se
1174 5555 1287 5621 clericis
1301 5559 1330 5616 et
1345 5555 1440 5628 laicis,
1463 5556 1599 5637 pervigili
1620 5555 1738 5620 reone
1757 5562 1821 5615 cun
