3884 6084
142 247 219 310 ilii
577 243 748 341 ANSllel
772 242 949 307 Monaesi
970 243 1001 304 S.
1026 243 1179 306 Retlldll
1201 240 1409 307 senensis
1775 237 1845 309 {issi

140 384 267 441 Francis
291 382 378 438 urbes
393 381 543 453 ingressus
568 383 678 451 pateret
697 378 782 435 alicui
799 395 899 451 popae;
916 376 962 438 his
977 382 1002 450 Α
1055 379 1097 438 10.
1116 377 1246 452 Denique
1271 366 1402 437 donnus·
1417 392 1503 450 papa,
1535 371 1759 438 turmarum
1780 373 1844 433 urle

141 490 208 529 vero
222 472 342 545 agendis
357 469 438 544 pacis
453 473 482 526 et
505 467 728 541 tranquillitatis
753 483 882 540 congrua
896 473 965 524 sunt
1018 465 1585 539 digressus,iteradltemenaemducens
1595 462 1707 521 orbeca
1718 461 1841 534 arripuit,

140 565 283 634 tempora,
297 558 379 632 regni
394 562 493 615 autem
516 559 579 630 ejus
600 561 694 614 status
709 558 748 613 sit
763 557 793 613 in
815 555 965 629 perturba·
1018 559 1048 610 et
1063 556 1092 610 iu
1108 555 1280 628 opportunis
1289 554 1371 622 locis,
1381 552 1507 627 singulis
1523 552 1701 626 quibusque
1717 552 1844 620 noctibus

140 648 217 704 tione
228 664 286 704 non
298 646 602 720 modica,quibusdam
611 646 682 703 uiris
692 646 859 720 potentibus
870 642 964 701 donti-
1019 642 1170 701 mansione
1185 643 1346 718 acceptato
1360 643 1460 717 uigilia
1482 641 1657 699 festivitatis
1677 639 1776 699 sancti
1800 640 1844 708 lit

141 736 270 794 nationis
297 738 362 809 ejus
387 737 495 810 jugum
509 734 748 803 detrectantibus,
769 738 920 805 terrasque
935 735 964 790 et
1018 732 1128 789 chaelis
1142 734 1177 789 ad
1194 733 1412 790 Curmolensem
1427 732 1466 806 (6]
1476 730 1580 791 villam
1594 729 1739 800 tonitrui
1749 729 1842 802 preta-

141 825 262 882 castella
276 824 414 899 quaelibet
434 826 470 882 ab
486 825 580 899 ipsius
594 825 703 881 ditione
718 821 961 879 abalienantibus.
1017 824 1066 877 tus
1082 822 1294 890 abbas,ibidem
1312 821 1415 878 obvius
1425 822 1530 889 lactus,
1547 835 1739 894 quaecunque
1754 836 1843 877 umes

140 917 323 988 Quapropter
335 914 420 988 regia
435 913 572 988 dignitdti
596 914 692 969 serant
707 909 962 984 congruerantili·
1018 909 1117 966 sarius
1130 911 1251 985 expetiit
1272 926 1344 966 usus
1369 908 1411 964 illi
1435 907 1577 980 omnique
1601 906 1761 964 comitatui
1784 907 1843 984 ejus

139 1005 193 1061 tati
208 1004 374 1077 reipublicae
390 1020 444 1061 sua
469 1002 613 1076 sapientia
627 1001 778 1059 consulere
795 1000 845 1071 (5),
867 999 963 1072 potius
1018 995 1843 1073 affluentersuppeditsvitoieverosequentisdsanctnn

141 1108 230 1166 quam
246 1093 365 1167 synodis
379 1092 529 1149 intendere
544 1110 551 1161 ;
567 1090 715 1164 principes
739 1094 852 1146 suaset
871 1088 962 1147 totius
1017 1088 1147 1160 pervenit
1155 1087 1320 1161 Remigium
1329 1086 1558 1164 archiepiscopis
1568 1085 1670 1142 tribus
1679 1086 1842 1159 cemimus,

140 1182 283 1238 exercitus
297 1176 962 1257 snipotentiamcommovereinrebellas‚ipsos
1017 1174 1178 1233 Trevirensi
1202 1174 1345 1245 videlieet,
1377 1174 1579 1248 Lugdunensi,
1608 1173 1842 1243 vesontionensi,

139 1270 227 1328 etiam
242 1269 394 1344 episcopos
414 1275 443 1327 ct
470 1271 600 1337 abbates,
624 1285 712 1341 pones
736 1283 811 1339 quos
834 1265 962 1327 maxima
1017 1263 1141 1336 aliisque
1155 1265 1225 1321 viris
1240 1263 1473 1330 honorabilibus,
1489 1264 1568 1321 inter
1582 1279 1662 1336 quos
1685 1268 1748 1324 erat
1763 1263 1843 1331 ioan,

139 1376 208 1433 pars
222 1359 396 1417 facultatum
411 1359 494 1432 regni
509 1361 686 1427 satcensent
701 1356 848 1411 immunes
871 1354 962 1427 hujus
1016 1370 1068 1410 nes
1083 1353 1239 1428 episcopus
1253 1353 1433 1421 Pcrtuensis‚
1457 1353 1605 1410 otPetrua
1634 1351 1771 1415 Ecclesiae
1794 1354 1843 1411 lio

138 1449 328 1522 expeditionis
351 1465 416 1505 esse
431 1465 488 1505 non
503 1447 617 1504 debere.
634 1451 708 1502 Ante
731 1444 803 1501 alios
826 1445 961 1503 abbatem
1016 1459 1109 1498 mana
1140 1442 1291 1512 diaconus,
1308 1447 1336 1499 et
1361 1442 1456 1515 ipsius
1483 1441 1568 1501 urbis
1595 1441 1767 1514 praefectus.
1794 1441 1842 1509 ilie

139 1536 237 1593 Sancti
252 1537 476 1610 Remigii,quem
488 1535 571 1609 quasi
582 1535 720 1592 derorum
729 1551 850 1591 suarum
864 1533 961 1590 abun·
1015 1531 1149 1605 protinus
1161 1530 1353 1605 conglobatur
1367 1530 1396 1586 in
1407 1547 1498 1596 unum
1511 1533 1574 1586 tota
1584 1529 1716 1591 lratnrm
1731 1546 1841 1605 congre·

139 1625 239 1680 dantia
252 1628 488 1698 presumentem,
505 1642 556 1697 pro
578 1642 656 1679 vans
678 1623 775 1696 gloriae
799 1633 907 1690 amore,
924 1622 959 1684 ad
1015 1621 1104 1695 gatto,
1120 1625 1149 1678 et
1166 1619 1286 1678 cumeis
1299 1621 1383 1692 [ol.,e
1397 1618 1842 1691 eunctis]abbatum,monacho·

138 1714 349 1772 monasterium
366 1731 453 1771 suurn
464 1714 691 1770 consecrandum
707 1712 998 1819 calumniabanturB
1016 1726 1092 1778 rum,
1109 1709 1290 1778 clericorum,
1308 1707 1359 1781 qui
1380 1710 1443 1782 jam
1469 1725 1503 1765 ex
1518 1705 1626 1767 multis
1648 1708 1840 1773 conduxerant
1870 1757 1873 1761 .

138 1799 275 1857 Romanoa
290 1800 372 1858 urbis
387 1801 553 1874 pontificem
569 1817 713 1858 evocasse.
729 1801 788 1856 Hac
801 1800 890 1873 igitur
901 1817 961 1860 ver·
1014 1798 1158 1872 partibus,
1176 1799 1364 1855 innumerosa
1384 1798 1444 1870 lot,
1471 1795 1648 1871 numerosa]
1673 1797 1779 1854 concio.
1802 1797 1839 1854 lla

137 1887 233 1961 sipclli
246 1891 435 1963 persuasione
446 1907 496 1948 rex
506 1889 696 1957 emollitus‚et
710 1891 745 1945 ab
757 1890 878 1946 honesto
893 1906 959 1962 pro·
1015 1887 1123 1959 quibus
1139 1888 1277 1943 omnibus
1291 1885 1320 1942 in
1336 1887 1411 1943 atrio
1421 1884 1550 1944 basilica
1561 1886 1839 1961 disponiturdeocn·

137 1978 233 2050 posito
246 1978 283 2034 ad
300 1979 479 2037 seductionis
504 1980 588 2036 devia
611 1980 713 2048 flexus,
731 1996 811 2053 papae
836 1994 887 2052 per
903 1977 958 2036 Sil·
1013 1975 1130 2034 tissima
1157 1975 1314 2049 processio,
1330 1975 1476 2050 episcopis
1497 1975 1607 2045 tribus,
1637 1974 1841 2033 Silvanectensi

135 2072 340 2125 casselensem
357 2069 478 2125 mandat
491 2068 672 2143 episcopum,
688 2086 719 2125 se
743 2084 872 2141 suosque
887 2085 958 2142 pon·
1013 2063 1648 2139 vidalioetendegavensi,Ninerncnsi,longe
1659 2065 1789 2139 digestos
1797 2082 1841 2122 cr·

135 2156 229 2212 tifices
244 2173 311 2213 cum
327 2157 482 2214 abbatibus
497 2159 560 2231 cogi
577 2159 612 2214 ad
628 2158 878 2231 comprimendam
893 2174 959 2230 per·
1014 2154 1097 2210 dines
1125 2153 1378 2227 antecedentibus,
1398 2157 1570 2227 textumque
1597 2153 1754 2227 Evangelii
1779 2171 1839 2212 cum

135 2243 276 2300 vicaciam
304 2245 360 2302 sibi
388 2244 599 2313 resistentium,
629 2247 752 2320 ideoque
779 2263 836 2303 non
872 2262 958 2319 posse
1014 2260 1090 2316 aqua
1104 2243 1256 2300 benedicta
1269 2247 1298 2300 et
1312 2248 1476 2300 aromatum
1503 2243 1838 2303 constanstiensis

136 2346 286 2388 occurrere
301 2334 326 2388 ei
340 2334 369 2388 in
380 2335 496 2406 profixo
506 2335 630 2391 termino
638 2335 674 2390 ad
684 2335 880 2407 peragendum
889 2352 957 2392 con·
1012 2349 1080 2407 ergo
1095 2333 1229 2406 dispositi
1253 2349 1360 2407 papam
1376 2332 1577 2410 advenientem
1599 2332 1782 2407 suscipiunt,
1796 2333 1836 2391 oui

135 2418 332 2478 ciliumUnde
347 2422 503 2479 adventum
518 2440 605 2480 suum
620 2422 650 2479 in
667 2423 816 2480 Franciam
832 2424 860 2478 in
877 2424 957 2480 aliud
1013 2422 1164 2481 ecclesiam
1187 2421 1356 2492 introeunti,
1374 2419 1596 2495 responsorium
1616 2422 1763 2480 estanar
1774 2423 1835 2491 ccli,

134 2511 251 2582 tempus
266 2509 461 2583 dillerat,quo,
474 2512 625 2568 absolutus
638 2511 808 2584 hujusmodi
820 2512 956 2585 negotiis,
1012 2511 1184 2585 cumdigna
1204 2511 1402 2574 modulatione
1424 2513 1601 2581 concinunt;
1620 2515 1651 2569 et
1680 2512 1755 2569 dum
1778 2517 1833 2569 ante

133 2612 201 2653 eum
216 2598 314 2655 debito
329 2616 395 2655 oum
425 2600 534 2658 bonore
556 2601 705 2674 suscipiat.
729 2602 772 2658 Ad
799 2600 859 2657 baec
881 2618 957 2675 papa
1011 2600 1101 2658 altare
1129 2601 1240 2658 Sanctae
1263 2601 1363 2657 Crucis
1392 2603 1464 2672 oret,
1494 2598 1573 2658 aliud
1605 2601 1832 2674 responsorium,

134 2687 286 2743 remandat
313 2687 539 2760 promissionem
568 2689 652 2745 beato
688 2688 793 2746 iactam
824 2691 956 2764 Remigio
1009 2691 1131 2751 Summa
1159 2691 1289 2747 trinitati
1315 2688 1460 2763 videlicet,
1495 2688 1691 2746 concinentes
1726 2690 1827 2757 tiniunt

133 2775 255 2847 nequire
278 2792 311 2832 se
330 2776 444 2832 irritam
466 2777 572 2844 lacere,
598 2778 648 2834 sed
673 2778 708 2833 ad
724 2778 876 2834 basilicam
891 2780 956 2851 eJus
1010 2779 1166 2853 Progresso
1182 2784 1279 2837 autem
1295 2795 1328 2835 co
1343 2779 1479 2853 usquead
1494 2778 1699 2835 altaresancti
1715 2779 1827 2836 Christo

134 2862 324 2921 dedicandam
351 2866 451 2938 procul
476 2866 565 2922 dubio
588 2870 755 2937 venturum,
780 2867 830 2922 ubi
857 2868 881 2924 si
904 2868 955 2940 qui
1009 2868 1136 2942 phori,et
1150 2872 1217 2926 ante
1231 2868 1386 2925 venerandi
1400 2867 1578 2924 Francorum
1595 2868 1728 2943 apostoli
1746 2867 1828 2941 sepul·

134 2951 239 3010 divina
258 2953 409 3028 religionis
434 2961 578 3013 amatores
600 2956 795 3024 convenerint,
819 2974 888 3013 cum
912 2958 955 3016 eis
1009 2972 1090 3013 crum
1107 2955 1267 3014 orationem
1284 2955 1534 3030 explente,iterum
1545 2956 1825 3030 Hymnumleoeas

132 3042 234 3114 synodi
249 3044 392 3100 rationem
407 3061 439 3101 se
458 3045 565 3101 latetur
579 3044 854 3117 habiturum.Cujus
869 3062 954 3103 man-
1009 3045 1164 3115 laedamus,
1179 3063 1308 3103 consona
1331 3062 1434 3107 vocum
1461 3044 1595 3118 jubilant
1621 3046 1825 3105 vociferatione.

131 3131 190 3188 deti
206 3133 243 3188 ad
258 3149 355 3205 regem
371 3132 509 3193 relatione
521 3134 641 3207 perlata,
657 3134 721 3207 ipse
739 3138 837 3192 mmen
854 3134 908 3192 iter
924 3135 953 3193 in
968 3120 990 3189 C
1007 3134 1061 3203 Oui
1077 3135 1218 3193 tamenin
1233 3135 1302 3192 sede
1317 3133 1825 3210 sibidecenterapparatapauluium

130 3220 252 3279 rebelles
264 3223 442 3296 aggreditur,
459 3227 559 3280 coacta
575 3223 604 3279 in
626 3241 718 3279 unum
744 3220 855 3297 ingenti
871 3241 951 3281 exer·
1007 3224 1149 3293 residens,
1166 3229 1294 3303 astantes
1320 3223 1476 3280 laetificavit
1499 3223 1714 3282 benedictione
1728 3227 1826 3299 aposto

127 3308 204 3366 citus
219 3311 265 3367 sui
279 3311 458 3369 militia.Sed
472 3315 502 3370 et
513 3313 694 3386 episcopiset
708 3312 855 3385 plerisque
865 3313 951 3371 abba·
1005 3310 1060 3368 lica
1077 3330 1084 3368 :
1101 3316 1130 3369 et
1144 3313 1247 3369 exinde
1272 3328 1419 3386 egressus,
1445 3312 1481 3368 ab
1505 3311 1622 3368 eisdem
1647 3313 1824 3385 psallentium

126 3397 207 3454 tibus
222 3399 516 3463 contravoluntslem
541 3418 626 3459 suam
652 3401 702 3458 illo
726 3401 874 3470 euntibus,
891 3401 950 3458 illis
1004 3401 1182 3458 eboriacum
1197 3400 1304 3458 divinis
1329 3399 1467 3460 laudibus
1492 3400 1656 3458 deducitur
1687 3420 1780 3476 usque
1796 3399 1825 3456 ad

125 3487 214 3543 etiam
230 3489 372 3562 perversis
387 3489 581 3545 Ecclesiarum
598 3491 758 3548 rectoribus
772 3490 846 3546 adid
862 3507 950 3565 nego·
1005 3489 1130 3546 civitatis
1145 3490 1184 3564 (7)
1200 3490 1315 3547 moenia.
1333 3489 1385 3549 Cui
1402 3489 1557 3549 Remensis
1581 3490 1685 3548 clerus
1704 3509 1771 3549 cum
1791 3507 1824 3546 ar

125 3575 199 3631 tium
215 3576 292 3632 ultro
308 3594 339 3632 se
354 3577 565 3648 ingerentibus,
575 3579 625 3650 qui
648 3583 681 3634 ut
696 3580 805 3635 summi
821 3580 949 3638 Pastoris
1004 3578 1187 3652 chlepiscopo
1207 3597 1269 3649 suo,
1284 3578 1597 3653 aliisqucquibusdam
1609 3581 1731 3645 obviam
1743 3596 1824 3656 proce

125 3663 265 3720 vicarium
278 3667 360 3721 aetus
372 3682 473 3721 eorum
484 3667 819 3725 examinarevenientem
831 3673 950 3741 possent
1003 3668 1076 3724 dens
1089 3668 1243 3741 episcopis,
1258 3668 1409 3741 perspicue
1433 3669 1633 3743 processionis
1665 3686 1823 3728 numerosos

125 3753 262 3826 elingere,
277 3754 411 3811 eamdem
428 3755 640 3827 expeditionem
656 3756 764 3813 exitiali
775 3758 879 3814 techna
893 3758 949 3816 ola·
1003 3757 1133 3830 disponit
1147 3758 1263 3814 ordines
1278 3757 1307 3812 in
1319 3757 1393 3813 atrio
1403 3758 1450 3830 (8).
1465 3758 1564 3815 Sancti
1577 3759 1717 3835 Dionysii
1732 3765 1822 3831 marty·

123 3841 298 3898 boraverant
310 3844 671 3902 struereriddueiturcum
683 3846 760 3902 eiset
768 3851 948 3905 memoratus
1002 3846 1106 3914 ris,ubi
1118 3848 1153 3901 ad
1169 3846 1242 3903 tanti
1251 3846 1397 3920 pontificis
1407 3846 1629 3920 susceptionem
1637 3847 1822 3923 competentia

123 3931 214 3987 abbas
229 3931 325 3988 Sancti
335 3931 594 4006 Remigii,moestus
605 3935 764 3991 admodum
775 3939 803 3992 et
814 3952 946 4009 gemens,
1001 3934 1158 3991 concinens
1169 3936 1292 4003 cantica,
1310 3951 1403 4008 usque
1417 3936 1453 3991 ad
1468 3934 1628 3993 ecclesiam
1645 3942 1756 3994 Sancta
1769 3936 1821 3992 tls-

122 4019 207 4092 qnasi
222 4037 279 4077 non
293 4024 371 4078 esset
384 4021 502 4078 visurus
515 4023 649 4079 ellectum
664 4022 801 4081 desiderii
816 4025 873 4080 sui.
890 4026 944 4082 Sed
1001 4023 1050 4079 rire
1060 4023 1144 4080 illum
1156 4025 1383 4081 comitaturenm
1394 4024 1822 4100 maximsjubilalionisgloria.

121 4109 225 4167 divine
240 4110 447 4167 consolationis
457 4111 645 4183 ojusmoerori
658 4128 715 4168 non
733 4112 826 4170 defuit
844 4117 945 4186 poten·
1001 4113 1062 4169 lllic
1077 4130 1143 4169 vero
1159 4119 1226 4170 ante
1240 4113 1352 4169 Sancte
1380 4113 1485 4182 erucis,
1501 4117 1530 4170 et
1553 4115 1697 4187 quadem
1715 4116 1764 4174 Dei
1781 4114 1824 4170 (ic

120 4197 321 4255 tia.llixen1m
332 4199 421 4256 unius
432 4199 488 4257 dici
504 4204 533 4256 et
548 4200 663 4257 dimidii
679 4201 783 4258 itincre
803 4202 944 4272 conlecto,
999 4202 1113 4259 nitricis
1129 4201 1243 4270 altaria,
1259 4200 1404 4275 completa
1418 4202 1560 4271 oratione,
1578 4205 1611 4261 is
1637 4205 1823 4279 archiepisco·

119 4287 234 4344 indulta
247 4292 293 4345 est
307 4287 333 4345 ci
344 4289 485 4345 redeundi
501 4288 634 4359 licentia;
647 4290 696 4362 qui
713 4292 944 4349 reversusceler·
999 4290 1056 4364 pali
1071 4291 1286 4365 aliquantulum
1311 4291 1419 4348 resedit
1442 4290 1522 4360 sede,
1537 4292 1757 4368 archipresule
1777 4293 1823 4349 ss

120 4375 364 4433 rimeltomanum
377 4377 644 4434 antistitcmadhuc
655 4378 738 4435 Tullo
749 4388 943 4438 remorantem
999 4381 1093 4438 mensi
1110 4380 1144 4437 ad
1175 4382 1239 4453 ejus
1261 4381 1421 4449 dextoram,
1446 4380 1616 4441 Trevirensi
1642 4388 1745 4441 autem
1761 4380 1822 4440 raai-

119 4464 442 4539 expetit,eumqnepro
457 4466 535 4539 regis
559 4467 1084 4558 nrandatls,jamdiucon-pdente
1121 4469 1157 4524 ad
1196 4469 1356 4526 sinistram.
1393 4469 1502 4526 Deinde
1540 4471 1696 4529 ministris
1733 4469 1821 4529 atos·

118 4557 234 4626 ceptum
262 4557 444 4626 propositum
465 4573 522 4613 non
546 4561 728 4629 permutasse
751 4573 939 4630 cognoscens,
996 4559 1175 4631 preparatis,
1188 4558 1354 4631 quibusque
1374 4575 1426 4631 pro
1439 4558 1608 4616 officiorum
1624 4559 1821 4635 congruentia,

117 4642 353 4714 gratulabundus
379 4644 414 4700 ad
441 4645 651 4701 monasterium
679 4647 774 4720 rediit,
800 4647 943 4705 instanter
997 4646 1822 4725 etipsessceruotatibnsredimitustnsigninusprocssit

116 4748 279 4805 preparare
291 4736 428 4806 satagens
444 4750 507 4806 quaa
521 4733 593 4790 tanti
612 4735 705 4792 Patris
720 4738 943 4794 confluentium-
996 4737 1033 4792 ad
1049 4737 1207 4793 missarum
1217 4736 1392 4793 celebranda
1406 4734 1684 4804 solemniaQuibus
1697 4736 1820 4812 expletis,

116 4837 171 4892 que
187 4821 315 4879 illiorum
331 4826 437 4879 sanctae
453 4822 587 4879 Ecclesiae
599 4824 692 4879 lorcnt
703 4827 865 4882 neccssaria
876 4844 941 4883 con·
995 4831 1024 4882 et
1039 4829 1154 4882 astante
1168 4825 1276 4900 populo
1291 4825 1450 4898 apostolica
1474 4826 1685 4885 benedictione
1704 4826 1820 4890 munito,

113 4911 222 4966 verrtui.
239 4911 304 4967 iarn
321 4912 430 4985 quippe
454 4911 568 4967 dierum
593 4919 760 4986 propserat
784 4916 938 4985 terminus,
995 4916 1132 4987 praedicto
1161 4915 1320 4971 Remorum
1352 4913 1586 4990 archiepiscopo,
1616 4917 1680 4974 sibi
1710 4918 1821 4988 suisque

115 4999 163 5068 qni
192 5001 368 5072 supradictas
397 5000 600 5074 dispositionis
629 5001 815 5074 completioni
844 5003 941 5062 lucrat
995 5003 1175 5061 necessarios
1190 5008 1327 5076 sumptus
1342 5003 1820 5079 suppeditantegelactionampw

114 5086 282 5144 attributus.
994 5093 1070 5168 cepit
1084 5094 1113 5149 in
1130 5092 1235 5167 mnjori
1250 5092 1357 5166 palatio
1367 5093 1453 5166 juxta
1466 5093 1626 5152 eeclesiam
1642 5095 1715 5156 sito.

159 5245 187 5316 5)
202 5247 279 5303 Edit.
297 5251 461 5323 reipublice
478 5270 537 5311 sua
554 5252 699 5323 sapienter
713 5253 874 5312 consulere.
1026 5257 1068 5384 p8)
1076 5256 1117 5312 lbi
1126 5253 1630 5323 luissecanonicorumiiemcnsium
1642 5258 1816 5341 sepulturam

993 5346 1024 5386 re

159 5316 187 5386 6)
203 5315 346 5377 Vicusest
359 5324 445 5397 vulgo
461 5324 557 5382 dictus
574 5325 716 5380 docendo
739 5368 745 5381 .
1037 5333 1081 5384 ert
1095 5327 1280 5384 rmdoardus
1303 5327 1355 5384 lib.
1373 5345 1392 5384 n
1416 5328 1488 5387 llist.
1504 5327 1679 5403 Remesiana,
1697 5346 1758 5403 cap.
1778 5326 1813 5394 t5,

147 5388 187 5470 (7)
203 5387 407 5471 Tuncquippe
433 5394 698 5475 monasteriales.
716 5341 840 5476 iicmigii
856 5404 937 5454 extra
991 5417 1092 5456 verum
1109 5415 1184 5454 anno
1202 5397 1436 5457 tostosnasius
1460 5399 1537 5455 hanc
1558 5400 1732 5468 basilicam,
1747 5396 1813 5480 posi·

111 5457 194 5543 urbis
209 5467 399 5531 manicaret,
416 5481 494 5521 nunc
509 5482 527 5520 a
541 5470 677 5522 trecentis
701 5466 816 5523 circiter
841 5470 935 5541 annis,
993 5472 1030 5527 tis
1046 5472 1074 5526 in
1094 5487 1129 5526 ea
1144 5469 1292 5527 canonicis
1314 5468 1499 5544 regularibus
1521 5470 1627 5529 Sancti
1653 5470 1811 5548 segusia

109 5530 233 5594 dilatato
249 5532 330 5591 urbis
346 5535 485 5608 pomerio,
498 5537 527 5592 in
543 5554 576 5594 eo
592 5537 751 5595 inclusum.
991 5544 1022 5601 in
1038 5542 1186 5600 abbatiam
1202 5541 1302 5613 erexit,
1319 5559 1383 5616 qua
1398 5541 1541 5613 hactenus
1557 5552 1739 5618 perseverat.
