<?xml version="1.0" encoding="UTF-8"?>
<!DOCTYPE html PUBLIC "-//W3C//DTD XHTML 1.0 Transitional//EN"
    "http://www.w3.org/TR/xhtml1/DTD/xhtml1-transitional.dtd">
<html xmlns="http://www.w3.org/1999/xhtml" xml:lang="en" lang="en">
 <head>
  <title>
</title>
<meta http-equiv="Content-Type" content="text/html;charset=utf-8" />
  <meta name='ocr-system' content='tesseract 3.04.00' />
  <meta name='ocr-capabilities' content='ocr_page ocr_carea ocr_par ocr_line ocrx_word'/>
</head>
<body>
  <div class='ocr_page' id='page_1' title='image "./patrologiaecurs64unkngoog_0322.png"; bbox 0 0 3884 6084; ppageno 0'>
   <div class='ocr_carea' id='block_1_1' title="bbox 121 186 1839 339">
    <p class='ocr_par' dir='ltr' id='par_1_1' title="bbox 121 186 1839 339">
     <span class='ocr_line' id='line_1_1' title="bbox 121 186 1839 339; baseline 0.001 -41"><span class='ocrx_word' id='word_1_1' title='bbox 121 237 180 300; x_wconf 82' lang='lat' dir='ltr'>aar</span> <span class='ocrx_word' id='word_1_2' title='bbox 467 250 469 255; x_wconf 93' lang='lat'>·</span> <span class='ocrx_word' id='word_1_3' title='bbox 567 326 571 331; x_wconf 8' lang='grc' dir='ltr'><strong><em>ἤ</em></strong></span> <span class='ocrx_word' id='word_1_4' title='bbox 620 231 795 301; x_wconf 78' lang='lat' dir='ltr'>sonuum</span> <span class='ocrx_word' id='word_1_5' title='bbox 819 186 959 301; x_wconf 79' lang='lat' dir='ltr'>onnam</span> <span class='ocrx_word' id='word_1_6' title='bbox 982 235 1160 302; x_wconf 76' lang='lat' dir='ltr'>nonnosi</span> <span class='ocrx_word' id='word_1_7' title='bbox 1184 235 1365 302; x_wconf 74' lang='lat' dir='ltr'>acuaris.</span> <span class='ocrx_word' id='word_1_8' title='bbox 1767 239 1839 339; x_wconf 64' lang='lat' dir='ltr'>sag</span> 
     </span>
    </p>
   </div>
   <div class='ocr_carea' id='block_1_2' title="bbox 15 368 1866 3908">
    <p class='ocr_par' dir='ltr' id='par_1_2' title="bbox 15 368 1866 3908">
     <span class='ocr_line' id='line_1_2' title="bbox 122 368 1830 447; baseline 0.002 -21"><span class='ocrx_word' id='word_1_9' title='bbox 122 370 255 444; x_wconf 81' lang='lat' dir='ltr'>partibus</span> <span class='ocrx_word' id='word_1_10' title='bbox 270 374 340 426; x_wconf 92' lang='lat' dir='ltr'>suut</span> <span class='ocrx_word' id='word_1_11' title='bbox 364 368 541 442; x_wconf 78' lang='lat' dir='ltr'>interempti.</span> <span class='ocrx_word' id='word_1_12' title='bbox 559 369 599 426; x_wconf 83' lang='lat' dir='ltr'>Hx</span> <span class='ocrx_word' id='word_1_13' title='bbox 623 387 714 442; x_wconf 90' lang='lat' dir='ltr'>supra</span> <span class='ocrx_word' id='word_1_14' title='bbox 734 370 811 427; x_wconf 88' lang='lat' dir='ltr'>dicta</span> <span class='ocrx_word' id='word_1_15' title='bbox 830 386 946 444; x_wconf 87' lang='lat' dir='ltr'>quoque</span> <span class='ocrx_word' id='word_1_16' title='bbox 960 374 987 440; x_wconf 74' lang='grc' dir='ltr'><strong>Α</strong></span> <span class='ocrx_word' id='word_1_17' title='bbox 998 370 1099 442; x_wconf 87' lang='lat' dir='ltr'>jussit.</span> <span class='ocrx_word' id='word_1_18' title='bbox 1116 371 1206 436; x_wconf 79' lang='lat' dir='ltr'>Quem</span> <span class='ocrx_word' id='word_1_19' title='bbox 1222 387 1291 428; x_wconf 85' lang='lat' dir='ltr'>curn</span> <span class='ocrx_word' id='word_1_20' title='bbox 1315 371 1524 447; x_wconf 72' lang='lat' dir='ltr'><strong>interrogasset</strong></span> <span class='ocrx_word' id='word_1_21' title='bbox 1546 373 1583 429; x_wconf 92' lang='lat' dir='ltr'>de</span> <span class='ocrx_word' id='word_1_22' title='bbox 1604 371 1830 446; x_wconf 79' lang='lat' dir='ltr'>universisque</span> 
     </span>
     <span class='ocr_line' id='line_1_3' title="bbox 120 444 1845 535; baseline 0.005 -24"><span class='ocrx_word' id='word_1_23' title='bbox 120 461 211 516; x_wconf 72' lang='lat' dir='ltr'>«tonia</span> <span class='ocrx_word' id='word_1_24' title='bbox 224 460 298 516; x_wconf 85' lang='lat' dir='ltr'>inter</span> <span class='ocrx_word' id='word_1_25' title='bbox 312 459 389 516; x_wconf 89' lang='lat' dir='ltr'>tilios</span> <span class='ocrx_word' id='word_1_26' title='bbox 403 463 432 515; x_wconf 90' lang='lat' dir='ltr'>et</span> <span class='ocrx_word' id='word_1_27' title='bbox 444 462 563 532; x_wconf 89' lang='lat' dir='ltr'>nepotes</span> <span class='ocrx_word' id='word_1_28' title='bbox 575 459 711 515; x_wconf 81' lang='lat' dir='ltr'><strong>undecim</strong></span> <span class='ocrx_word' id='word_1_29' title='bbox 722 459 900 516; x_wconf 88' lang='lat' dir='ltr'>ceciderunt.</span> <span class='ocrx_word' id='word_1_30' title='bbox 912 458 945 516; x_wconf 92' lang='lat' dir='ltr'>In</span> <span class='ocrx_word' id='word_1_31' title='bbox 1000 457 1109 516; x_wconf 78' lang='lat' dir='ltr'>dixisse</span> <span class='ocrx_word' id='word_1_32' title='bbox 1124 459 1168 515; x_wconf 90' lang='lat' dir='ltr'>val</span> <span class='ocrx_word' id='word_1_33' title='bbox 1183 460 1287 516; x_wconf 80' lang='lat' dir='ltr'>secisse</span> <span class='ocrx_word' id='word_1_34' title='bbox 1302 464 1494 535; x_wconf 78' lang='lat' dir='ltr'>compererat,</span> <span class='ocrx_word' id='word_1_35' title='bbox 1506 460 1595 535; x_wconf 77' lang='lat' dir='ltr'>caspii</span> <span class='ocrx_word' id='word_1_36' title='bbox 1608 476 1757 518; x_wconf 79' lang='lat' dir='ltr'>venenum</span> <span class='ocrx_word' id='word_1_37' title='bbox 1771 444 1845 531; x_wconf 54' lang='lat' dir='ltr'>sue&#39;,</span> 
     </span>
     <span class='ocr_line' id='line_1_4' title="bbox 15 547 1832 625; baseline 0.002 -21"><span class='ocrx_word' id='word_1_38' title='bbox 15 571 17 575; x_wconf 53' lang='lat'><strong><em>¹</em></strong></span> <span class='ocrx_word' id='word_1_39' title='bbox 122 565 258 620; x_wconf 87' lang='lat' dir='ltr'>processu</span> <span class='ocrx_word' id='word_1_40' title='bbox 275 563 402 620; x_wconf 89' lang='lat' dir='ltr'>namque</span> <span class='ocrx_word' id='word_1_41' title='bbox 415 547 557 619; x_wconf 89' lang='lat' dir='ltr'>temporis</span> <span class='ocrx_word' id='word_1_42' title='bbox 571 547 865 623; x_wconf 84' lang='lat' dir='ltr'>imminentsjurgio,</span> <span class='ocrx_word' id='word_1_43' title='bbox 880 564 945 605; x_wconf 87' lang='lat' dir='ltr'>ore·</span> <span class='ocrx_word' id='word_1_44' title='bbox 1000 547 1136 620; x_wconf 73' lang='lat' dir='ltr'>nequitie</span> <span class='ocrx_word' id='word_1_45' title='bbox 1153 548 1309 618; x_wconf 90' lang='lat' dir='ltr'>occultare,</span> <span class='ocrx_word' id='word_1_46' title='bbox 1319 549 1510 623; x_wconf 89' lang='lat' dir='ltr'>cupiensque,</span> <span class='ocrx_word' id='word_1_47' title='bbox 1521 550 1599 624; x_wconf 89' lang='lat' dir='ltr'>quod</span> <span class='ocrx_word' id='word_1_48' title='bbox 1611 567 1670 607; x_wconf 89' lang='lat' dir='ltr'>nou</span> <span class='ocrx_word' id='word_1_49' title='bbox 1679 549 1832 625; x_wconf 85' lang='lat' dir='ltr'>didicerat,</span> 
     </span>
     <span class='ocr_line' id='line_1_5' title="bbox 121 636 1842 715; baseline 0.002 -21"><span class='ocrx_word' id='word_1_50' title='bbox 121 638 329 715; x_wconf 77' lang='lat' dir='ltr'>scentibusque</span> <span class='ocrx_word' id='word_1_51' title='bbox 356 636 521 706; x_wconf 91' lang='lat' dir='ltr'>discordiis,</span> <span class='ocrx_word' id='word_1_52' title='bbox 537 636 730 710; x_wconf 81' lang='lat' dir='ltr'>perduravere</span> <span class='ocrx_word' id='word_1_53' title='bbox 753 638 846 695; x_wconf 81' lang='lat' dir='ltr'>cades</span> <span class='ocrx_word' id='word_1_54' title='bbox 861 638 949 695; x_wconf 89' lang='lat' dir='ltr'>innu·</span> <span class='ocrx_word' id='word_1_55' title='bbox 1000 637 1036 694; x_wconf 89' lang='lat' dir='ltr'>de</span> <span class='ocrx_word' id='word_1_56' title='bbox 1050 636 1211 713; x_wconf 83' lang='lat' dir='ltr'>Scripturis</span> <span class='ocrx_word' id='word_1_57' title='bbox 1226 638 1319 694; x_wconf 84' lang='lat' dir='ltr'>sacris</span> <span class='ocrx_word' id='word_1_58' title='bbox 1335 637 1506 695; x_wconf 85' lang='lat' dir='ltr'>testimonia</span> <span class='ocrx_word' id='word_1_59' title='bbox 1519 637 1576 696; x_wconf 88' lang='lat' dir='ltr'>sibi</span> <span class='ocrx_word' id='word_1_60' title='bbox 1594 654 1758 695; x_wconf 79' lang='lat' dir='ltr'>assumere.</span> <span class='ocrx_word' id='word_1_61' title='bbox 1774 640 1842 697; x_wconf 48' lang='lat' dir='ltr'>ans</span> 
     </span>
     <span class='ocr_line' id='line_1_6' title="bbox 119 724 1832 805; baseline 0.002 -22"><span class='ocrx_word' id='word_1_62' title='bbox 119 743 206 783; x_wconf 83' lang='lat' dir='ltr'>mere</span> <span class='ocrx_word' id='word_1_63' title='bbox 220 724 299 781; x_wconf 90' lang='lat' dir='ltr'>iilius</span> <span class='ocrx_word' id='word_1_64' title='bbox 310 724 625 799; x_wconf 82' lang='lat' dir='ltr'>familia,iHorumque</span> <span class='ocrx_word' id='word_1_65' title='bbox 635 725 944 795; x_wconf 78' lang='lat' dir='ltr'>homicidinHostium,</span> <span class='ocrx_word' id='word_1_66' title='bbox 1000 725 1086 783; x_wconf 88' lang='lat' dir='ltr'>disus</span> <span class='ocrx_word' id='word_1_67' title='bbox 1100 743 1166 784; x_wconf 84' lang='lat' dir='ltr'>vero</span> <span class='ocrx_word' id='word_1_68' title='bbox 1183 725 1394 801; x_wconf 89' lang='lat' dir='ltr'>sagacissimus</span> <span class='ocrx_word' id='word_1_69' title='bbox 1408 728 1564 802; x_wconf 90' lang='lat' dir='ltr'>episcopus</span> <span class='ocrx_word' id='word_1_70' title='bbox 1579 744 1638 783; x_wconf 93' lang='lat' dir='ltr'>non</span> <span class='ocrx_word' id='word_1_71' title='bbox 1653 742 1720 805; x_wconf 87' lang='lat' dir='ltr'>esse</span> <span class='ocrx_word' id='word_1_72' title='bbox 1732 743 1832 786; x_wconf 84' lang='lat' dir='ltr'>conve·</span> 
     </span>
     <span class='ocr_line' id='line_1_7' title="bbox 119 813 1828 890; baseline 0 -18"><span class='ocrx_word' id='word_1_73' title='bbox 119 813 258 887; x_wconf 89' lang='lat' dir='ltr'>usquein</span> <span class='ocrx_word' id='word_1_74' title='bbox 274 814 456 871; x_wconf 89' lang='lat' dir='ltr'>tricesimum</span> <span class='ocrx_word' id='word_1_75' title='bbox 472 819 500 871; x_wconf 90' lang='lat' dir='ltr'>et</span> <span class='ocrx_word' id='word_1_76' title='bbox 514 832 548 871; x_wconf 91' lang='lat' dir='ltr'>eo</span> <span class='ocrx_word' id='word_1_77' title='bbox 563 814 692 889; x_wconf 76' lang='lat' dir='ltr'>amphus</span> <span class='ocrx_word' id='word_1_78' title='bbox 707 822 830 872; x_wconf 88' lang='lat' dir='ltr'>annum.</span> <span class='ocrx_word' id='word_1_79' title='bbox 1001 815 1123 884; x_wconf 86' lang='lat' dir='ltr'>aientia,</span> <span class='ocrx_word' id='word_1_80' title='bbox 1140 814 1200 874; x_wconf 88' lang='lat' dir='ltr'>imo</span> <span class='ocrx_word' id='word_1_81' title='bbox 1215 832 1274 873; x_wconf 91' lang='lat' dir='ltr'>non</span> <span class='ocrx_word' id='word_1_82' title='bbox 1290 816 1385 890; x_wconf 89' lang='lat' dir='ltr'>magis</span> <span class='ocrx_word' id='word_1_83' title='bbox 1400 816 1499 890; x_wconf 90' lang='lat' dir='ltr'>turpia</span> <span class='ocrx_word' id='word_1_84' title='bbox 1523 833 1612 890; x_wconf 88' lang='lat' dir='ltr'>quam</span> <span class='ocrx_word' id='word_1_85' title='bbox 1636 814 1828 887; x_wconf 79' lang='lat' dir='ltr'>damnabilia,</span> 
     </span>
     <span class='ocr_line' id='line_1_8' title="bbox 439 903 1828 977; baseline 0.002 -17"><span class='ocrx_word' id='word_1_86' title='bbox 439 903 556 962; x_wconf 85' lang='lat' dir='ltr'>CAPUT</span> <span class='ocrx_word' id='word_1_87' title='bbox 575 904 621 960; x_wconf 89' lang='lat' dir='ltr'>XI.</span> <span class='ocrx_word' id='word_1_88' title='bbox 1000 903 1158 962; x_wconf 89' lang='lat' dir='ltr'>ostendens</span> <span class='ocrx_word' id='word_1_89' title='bbox 1165 903 1316 963; x_wconf 88' lang='lat' dir='ltr'>bominem</span> <span class='ocrx_word' id='word_1_90' title='bbox 1323 904 1519 963; x_wconf 87' lang='lat' dir='ltr'>insanientem</span> <span class='ocrx_word' id='word_1_91' title='bbox 1527 904 1699 962; x_wconf 81' lang='lat' dir='ltr'>hereticum</span> <span class='ocrx_word' id='word_1_92' title='bbox 1708 905 1828 977; x_wconf 88' lang='lat' dir='ltr'>iactam,</span> 
     </span>
     <span class='ocr_line' id='line_1_9' title="bbox 275 991 1827 1069; baseline 0 -19"><span class='ocrx_word' id='word_1_93' title='bbox 275 994 312 1050; x_wconf 78' lang='lat' dir='ltr'>Ite</span> <span class='ocrx_word' id='word_1_94' title='bbox 328 991 461 1050; x_wconf 85' lang='lat' dir='ltr'>teutardo</span> <span class='ocrx_word' id='word_1_95' title='bbox 477 994 634 1050; x_wconf 77' lang='lat' dir='ltr'>insaniente</span> <span class='ocrx_word' id='word_1_96' title='bbox 648 992 787 1051; x_wconf 74' lang='lat' dir='ltr'>teratino.</span> <span class='ocrx_word' id='word_1_97' title='bbox 1001 991 1144 1049; x_wconf 86' lang='lat' dir='ltr'>revocavit</span> <span class='ocrx_word' id='word_1_98' title='bbox 1158 993 1194 1049; x_wconf 90' lang='lat' dir='ltr'>ab</span> <span class='ocrx_word' id='word_1_99' title='bbox 1210 993 1329 1051; x_wconf 87' lang='lat' dir='ltr'>insanis</span> <span class='ocrx_word' id='word_1_100' title='bbox 1351 993 1494 1069; x_wconf 88' lang='lat' dir='ltr'>papulum</span> <span class='ocrx_word' id='word_1_101' title='bbox 1516 1011 1551 1052; x_wconf 84' lang='lat' dir='ltr'>ex</span> <span class='ocrx_word' id='word_1_102' title='bbox 1565 998 1648 1068; x_wconf 86' lang='lat' dir='ltr'>parte</span> <span class='ocrx_word' id='word_1_103' title='bbox 1663 993 1827 1068; x_wconf 90' lang='lat' dir='ltr'>deceptum,</span> 
     </span>
     <span class='ocr_line' id='line_1_10' title="bbox 151 1078 1830 1155; baseline 0.001 -15"><span class='ocrx_word' id='word_1_104' title='bbox 151 1082 269 1140; x_wconf 78' lang='lat' dir='ltr'>Exstitit</span> <span class='ocrx_word' id='word_1_105' title='bbox 284 1082 362 1138; x_wconf 88' lang='lat' dir='ltr'>eirca</span> <span class='ocrx_word' id='word_1_106' title='bbox 372 1083 461 1138; x_wconf 84' lang='lat' dir='ltr'>duem</span> <span class='ocrx_word' id='word_1_107' title='bbox 472 1081 621 1139; x_wconf 77' lang='lat' dir='ltr'>millesimi</span> <span class='ocrx_word' id='word_1_108' title='bbox 632 1083 702 1139; x_wconf 89' lang='lat' dir='ltr'>anni</span> <span class='ocrx_word' id='word_1_109' title='bbox 715 1082 803 1138; x_wconf 89' lang='lat' dir='ltr'>bomo</span> <span class='ocrx_word' id='word_1_110' title='bbox 814 1080 945 1155; x_wconf 90' lang='lat' dir='ltr'>plebeius</span> <span class='ocrx_word' id='word_1_111' title='bbox 1000 1078 1148 1139; x_wconf 77' lang='lat' dir='ltr'>catholice</span> <span class='ocrx_word' id='word_1_112' title='bbox 1165 1080 1282 1154; x_wconf 91' lang='lat' dir='ltr'>plenius</span> <span class='ocrx_word' id='word_1_113' title='bbox 1297 1081 1426 1139; x_wconf 86' lang='lat' dir='ltr'>restituit</span> <span class='ocrx_word' id='word_1_114' title='bbox 1439 1081 1518 1140; x_wconf 85' lang='lat' dir='ltr'>tidei.</span> <span class='ocrx_word' id='word_1_115' title='bbox 1532 1085 1569 1141; x_wconf 81' lang='lat' dir='ltr'>at</span> <span class='ocrx_word' id='word_1_116' title='bbox 1583 1081 1643 1152; x_wconf 87' lang='lat' dir='ltr'>ille,</span> <span class='ocrx_word' id='word_1_117' title='bbox 1659 1098 1785 1140; x_wconf 90' lang='lat' dir='ltr'>cernens</span> <span class='ocrx_word' id='word_1_118' title='bbox 1799 1097 1830 1142; x_wconf 84' lang='lat' dir='ltr'>ae</span> 
     </span>
     <span class='ocr_line' id='line_1_11' title="bbox 115 1163 1828 1246; baseline 0 -18"><span class='ocrx_word' id='word_1_119' title='bbox 115 1174 145 1229; x_wconf 93' lang='lat' dir='ltr'>in</span> <span class='ocrx_word' id='word_1_120' title='bbox 164 1171 277 1239; x_wconf 89' lang='lat' dir='ltr'>Galliis,</span> <span class='ocrx_word' id='word_1_121' title='bbox 294 1172 373 1244; x_wconf 90' lang='lat' dir='ltr'>apud</span> <span class='ocrx_word' id='word_1_122' title='bbox 396 1172 492 1228; x_wconf 87' lang='lat' dir='ltr'>vicum</span> <span class='ocrx_word' id='word_1_123' title='bbox 507 1171 632 1228; x_wconf 87' lang='lat' dir='ltr'>Virtutis</span> <span class='ocrx_word' id='word_1_124' title='bbox 656 1171 808 1241; x_wconf 82' lang='lat' dir='ltr'>vocabalo,</span> <span class='ocrx_word' id='word_1_125' title='bbox 825 1171 855 1227; x_wconf 90' lang='lat' dir='ltr'>iu</span> <span class='ocrx_word' id='word_1_126' title='bbox 871 1188 945 1245; x_wconf 92' lang='lat' dir='ltr'>pago</span> <span class='ocrx_word' id='word_1_127' title='bbox 1000 1168 1147 1226; x_wconf 87' lang='lat' dir='ltr'>devictum</span> <span class='ocrx_word' id='word_1_128' title='bbox 1163 1173 1251 1242; x_wconf 88' lang='lat' dir='ltr'>atque</span> <span class='ocrx_word' id='word_1_129' title='bbox 1266 1169 1425 1227; x_wconf 87' lang='lat' dir='ltr'>ambitione</span> <span class='ocrx_word' id='word_1_130' title='bbox 1439 1163 1520 1246; x_wconf 83' lang='lat' dir='ltr'>vulgi</span> <span class='ocrx_word' id='word_1_131' title='bbox 1534 1171 1723 1241; x_wconf 69' lang='lat' dir='ltr'>aestatum,</span> <span class='ocrx_word' id='word_1_132' title='bbox 1736 1175 1828 1230; x_wconf 85' lang='lat' dir='ltr'>semet</span> 
     </span>
     <span class='ocr_line' id='line_1_12' title="bbox 114 1257 1423 1333; baseline -0.002 -15"><span class='ocrx_word' id='word_1_133' title='bbox 114 1259 315 1329; x_wconf 82' lang='lat' dir='ltr'>Catalaunico,</span> <span class='ocrx_word' id='word_1_134' title='bbox 332 1261 496 1316; x_wconf 86' lang='lat' dir='ltr'>Leutnrdns</span> <span class='ocrx_word' id='word_1_135' title='bbox 521 1261 640 1318; x_wconf 91' lang='lat' dir='ltr'>nominc</span> <span class='ocrx_word' id='word_1_136' title='bbox 658 1278 664 1317; x_wconf 90' lang='lat'>:</span> <span class='ocrx_word' id='word_1_137' title='bbox 679 1260 740 1333; x_wconf 92' lang='lat' dir='ltr'>qui,</span> <span class='ocrx_word' id='word_1_138' title='bbox 758 1265 790 1316; x_wconf 89' lang='lat' dir='ltr'>ut</span> <span class='ocrx_word' id='word_1_139' title='bbox 813 1259 881 1316; x_wconf 89' lang='lat' dir='ltr'>iinis</span> <span class='ocrx_word' id='word_1_140' title='bbox 905 1264 947 1321; x_wconf 87' lang='lat' dir='ltr'>rei</span> <span class='ocrx_word' id='word_1_141' title='bbox 1001 1261 1088 1329; x_wconf 91' lang='lat' dir='ltr'>puteo</span> <span class='ocrx_word' id='word_1_142' title='bbox 1103 1257 1252 1331; x_wconf 85' lang='lat' dir='ltr'>periturus</span> <span class='ocrx_word' id='word_1_143' title='bbox 1268 1259 1423 1316; x_wconf 88' lang='lat' dir='ltr'>immersit.</span> 
     </span>
     <span class='ocr_line' id='line_1_13' title="bbox 115 1347 1507 1424; baseline -0.001 -18"><span class='ocrx_word' id='word_1_144' title='bbox 115 1349 259 1423; x_wconf 86' lang='lat' dir='ltr'>probavit,</span> <span class='ocrx_word' id='word_1_145' title='bbox 275 1349 389 1406; x_wconf 79' lang='lat' dir='ltr'>Satanae</span> <span class='ocrx_word' id='word_1_146' title='bbox 404 1348 519 1423; x_wconf 88' lang='lat' dir='ltr'>legatus</span> <span class='ocrx_word' id='word_1_147' title='bbox 534 1348 734 1424; x_wconf 78' lang='lat' dir='ltr'>credi‘potuit.</span> <span class='ocrx_word' id='word_1_148' title='bbox 750 1350 841 1421; x_wconf 79' lang='lat' dir='ltr'>cnjm</span> <span class='ocrx_word' id='word_1_149' title='bbox 857 1348 945 1406; x_wconf 90' lang='lat' dir='ltr'>etiam</span> <span class='ocrx_word' id='word_1_150' title='bbox 1312 1347 1430 1405; x_wconf 82' lang='lat' dir='ltr'>CAPUT</span> <span class='ocrx_word' id='word_1_151' title='bbox 1448 1347 1507 1405; x_wconf 88' lang='lat' dir='ltr'>XII.</span> 
     </span>
     <span class='ocr_line' id='line_1_14' title="bbox 115 1436 1628 1511; baseline 0 -18"><span class='ocrx_word' id='word_1_152' title='bbox 115 1438 240 1495; x_wconf 80' lang='lat' dir='ltr'>vesania</span> <span class='ocrx_word' id='word_1_153' title='bbox 252 1436 413 1511; x_wconf 87' lang='lat' dir='ltr'>pervicacia</span> <span class='ocrx_word' id='word_1_154' title='bbox 423 1437 477 1493; x_wconf 92' lang='lat' dir='ltr'>hoc</span> <span class='ocrx_word' id='word_1_155' title='bbox 489 1437 641 1494; x_wconf 81' lang='lat' dir='ltr'>exordium</span> <span class='ocrx_word' id='word_1_156' title='bbox 654 1437 768 1494; x_wconf 87' lang='lat' dir='ltr'>babuit.</span> <span class='ocrx_word' id='word_1_157' title='bbox 777 1438 947 1495; x_wconf 79' lang='lat' dir='ltr'>Morabntrr</span> <span class='ocrx_word' id='word_1_158' title='bbox 1194 1438 1233 1493; x_wconf 82' lang='lat' dir='ltr'>lte</span> <span class='ocrx_word' id='word_1_159' title='bbox 1246 1437 1350 1496; x_wconf 68' lang='lat' dir='ltr'>haerese</span> <span class='ocrx_word' id='word_1_160' title='bbox 1363 1438 1393 1493; x_wconf 86' lang='lat' dir='ltr'>in</span> <span class='ocrx_word' id='word_1_161' title='bbox 1413 1438 1496 1494; x_wconf 89' lang='lat' dir='ltr'>Itatio</span> <span class='ocrx_word' id='word_1_162' title='bbox 1510 1445 1628 1510; x_wconf 85' lang='lat' dir='ltr'>reperto.</span> 
     </span>
     <span class='ocr_line' id='line_1_15' title="bbox 114 1524 1828 1601; baseline 0.002 -18"><span class='ocrx_word' id='word_1_163' title='bbox 114 1527 193 1584; x_wconf 88' lang='lat' dir='ltr'>enim</span> <span class='ocrx_word' id='word_1_164' title='bbox 210 1525 367 1598; x_wconf 89' lang='lat' dir='ltr'>aliquando</span> <span class='ocrx_word' id='word_1_165' title='bbox 380 1529 460 1582; x_wconf 88' lang='lat' dir='ltr'>sotus</span> <span class='ocrx_word' id='word_1_166' title='bbox 474 1526 503 1582; x_wconf 91' lang='lat' dir='ltr'>iu</span> <span class='ocrx_word' id='word_1_167' title='bbox 516 1542 585 1601; x_wconf 89' lang='lat' dir='ltr'>agro</span> <span class='ocrx_word' id='word_1_168' title='bbox 596 1525 750 1600; x_wconf 84' lang='lat' dir='ltr'>quidpiam</span> <span class='ocrx_word' id='word_1_169' title='bbox 761 1526 869 1584; x_wconf 91' lang='lat' dir='ltr'>ruralis</span> <span class='ocrx_word' id='word_1_170' title='bbox 880 1542 948 1601; x_wconf 88' lang='lat' dir='ltr'>ope·</span> <span class='ocrx_word' id='word_1_171' title='bbox 1036 1524 1101 1598; x_wconf 89' lang='lat' dir='ltr'>Ipso</span> <span class='ocrx_word' id='word_1_172' title='bbox 1111 1542 1228 1601; x_wconf 88' lang='lat' dir='ltr'>qnoque</span> <span class='ocrx_word' id='word_1_173' title='bbox 1240 1527 1371 1600; x_wconf 89' lang='lat' dir='ltr'>tempore</span> <span class='ocrx_word' id='word_1_174' title='bbox 1386 1542 1444 1583; x_wconf 90' lang='lat' dir='ltr'>non</span> <span class='ocrx_word' id='word_1_175' title='bbox 1457 1525 1554 1600; x_wconf 89' lang='lat' dir='ltr'>impar</span> <span class='ocrx_word' id='word_1_176' title='bbox 1563 1527 1642 1600; x_wconf 91' lang='lat' dir='ltr'>apud</span> <span class='ocrx_word' id='word_1_177' title='bbox 1657 1526 1828 1587; x_wconf 81' lang='lat' dir='ltr'>Ravennam</span> 
     </span>
     <span class='ocr_line' id='line_1_16' title="bbox 115 1613 1827 1693; baseline 0.002 -22"><span class='ocrx_word' id='word_1_178' title='bbox 115 1616 155 1672; x_wconf 91' lang='lat' dir='ltr'>ris</span> <span class='ocrx_word' id='word_1_179' title='bbox 170 1619 352 1688; x_wconf 87' lang='lat' dir='ltr'>peracturus.</span> <span class='ocrx_word' id='word_1_180' title='bbox 369 1613 423 1680; x_wconf 85' lang='lat' dir='ltr'>Oui</span> <span class='ocrx_word' id='word_1_181' title='bbox 439 1631 473 1670; x_wconf 85' lang='lat' dir='ltr'>ex</span> <span class='ocrx_word' id='word_1_182' title='bbox 489 1613 588 1672; x_wconf 87' lang='lat' dir='ltr'>labore</span> <span class='ocrx_word' id='word_1_183' title='bbox 603 1630 707 1672; x_wconf 86' lang='lat' dir='ltr'>somno</span> <span class='ocrx_word' id='word_1_184' title='bbox 724 1615 893 1688; x_wconf 90' lang='lat' dir='ltr'>depressus,</span> <span class='ocrx_word' id='word_1_185' title='bbox 902 1614 945 1670; x_wconf 91' lang='lat' dir='ltr'>vi·</span> <span class='ocrx_word' id='word_1_186' title='bbox 999 1614 1441 1689; x_wconf 82' lang='lat' dir='ltr'>exortumestmalum.0uidam</span> <span class='ocrx_word' id='word_1_187' title='bbox 1452 1614 1827 1693; x_wconf 82' lang='lat' dir='ltr'>igiturVilgardusdIctus,</span> 
     </span>
     <span class='ocr_line' id='line_1_17' title="bbox 114 1688 1846 1814; baseline 0 -51"><span class='ocrx_word' id='word_1_188' title='bbox 114 1721 181 1763; x_wconf 85' lang='lat' dir='ltr'>sum</span> <span class='ocrx_word' id='word_1_189' title='bbox 196 1707 242 1760; x_wconf 89' lang='lat' dir='ltr'>est</span> <span class='ocrx_word' id='word_1_190' title='bbox 253 1703 279 1760; x_wconf 91' lang='lat' dir='ltr'>ei</span> <span class='ocrx_word' id='word_1_191' title='bbox 295 1707 329 1759; x_wconf 91' lang='lat' dir='ltr'>ut</span> <span class='ocrx_word' id='word_1_192' title='bbox 342 1703 453 1776; x_wconf 66' lang='lat' dir='ltr'>grume</span> <span class='ocrx_word' id='word_1_193' title='bbox 467 1719 589 1760; x_wconf 83' lang='lat' dir='ltr'>examen</span> <span class='ocrx_word' id='word_1_194' title='bbox 605 1721 694 1777; x_wconf 91' lang='lat' dir='ltr'>apum</span> <span class='ocrx_word' id='word_1_195' title='bbox 709 1704 739 1760; x_wconf 93' lang='lat' dir='ltr'>in</span> <span class='ocrx_word' id='word_1_196' title='bbox 755 1705 821 1776; x_wconf 86' lang='lat' dir='ltr'>ejus</span> <span class='ocrx_word' id='word_1_197' title='bbox 838 1721 983 1814; x_wconf 80' lang='lat' dir='ltr'>corpusB</span> <span class='ocrx_word' id='word_1_198' title='bbox 1000 1702 1097 1760; x_wconf 90' lang='lat' dir='ltr'>studio</span> <span class='ocrx_word' id='word_1_199' title='bbox 1108 1703 1179 1760; x_wconf 90' lang='lat' dir='ltr'>artis</span> <span class='ocrx_word' id='word_1_200' title='bbox 1194 1688 1391 1778; x_wconf 79' lang='lat' dir='ltr'>grammatica</span> <span class='ocrx_word' id='word_1_201' title='bbox 1407 1705 1502 1778; x_wconf 88' lang='lat' dir='ltr'>magis</span> <span class='ocrx_word' id='word_1_202' title='bbox 1517 1703 1657 1783; x_wconf 78' lang='lat' dir='ltr'>assiduus</span> <span class='ocrx_word' id='word_1_203' title='bbox 1669 1722 1762 1779; x_wconf 87' lang='lat' dir='ltr'>quam</span> <span class='ocrx_word' id='word_1_204' title='bbox 1775 1702 1846 1764; x_wconf 80' lang='lat' dir='ltr'>Ire·¹</span> 
     </span>
     <span class='ocr_line' id='line_1_18' title="bbox 113 1792 1828 1871; baseline 0 -21"><span class='ocrx_word' id='word_1_205' title='bbox 113 1792 794 1868; x_wconf 85' lang='lat' dir='ltr'>persecretaingredereturnature,quodetiam</span> <span class='ocrx_word' id='word_1_206' title='bbox 803 1793 943 1868; x_wconf 89' lang='lat' dir='ltr'>perillius</span> <span class='ocrx_word' id='word_1_207' title='bbox 999 1808 1102 1864; x_wconf 87' lang='lat' dir='ltr'>quens,</span> <span class='ocrx_word' id='word_1_208' title='bbox 1119 1793 1196 1849; x_wconf 90' lang='lat' dir='ltr'>sicut</span> <span class='ocrx_word' id='word_1_209' title='bbox 1210 1792 1290 1849; x_wconf 89' lang='lat' dir='ltr'>Ilnlis</span> <span class='ocrx_word' id='word_1_210' title='bbox 1307 1809 1370 1849; x_wconf 86' lang='lat' dir='ltr'>mos</span> <span class='ocrx_word' id='word_1_211' title='bbox 1386 1809 1502 1866; x_wconf 90' lang='lat' dir='ltr'>semper</span> <span class='ocrx_word' id='word_1_212' title='bbox 1515 1792 1571 1849; x_wconf 78' lang='lat' dir='ltr'>fult</span> <span class='ocrx_word' id='word_1_213' title='bbox 1585 1797 1664 1851; x_wconf 88' lang='lat' dir='ltr'>artes</span> <span class='ocrx_word' id='word_1_214' title='bbox 1679 1792 1828 1871; x_wconf 75' lang='lat' dir='ltr'>negligere</span> 
     </span>
     <span class='ocr_line' id='line_1_19' title="bbox 114 1879 1841 1955; baseline 0.002 -16"><span class='ocrx_word' id='word_1_215' title='bbox 114 1901 147 1940; x_wconf 90' lang='lat' dir='ltr'>os</span> <span class='ocrx_word' id='word_1_216' title='bbox 162 1882 253 1938; x_wconf 92' lang='lat' dir='ltr'>nimio</span> <span class='ocrx_word' id='word_1_217' title='bbox 269 1898 336 1937; x_wconf 91' lang='lat' dir='ltr'>cum</span> <span class='ocrx_word' id='word_1_218' title='bbox 352 1881 476 1954; x_wconf 89' lang='lat' dir='ltr'>strepitu</span> <span class='ocrx_word' id='word_1_219' title='bbox 488 1898 646 1954; x_wconf 90' lang='lat' dir='ltr'>erumpens</span> <span class='ocrx_word' id='word_1_220' title='bbox 657 1881 767 1939; x_wconf 87' lang='lat' dir='ltr'>crebris</span> <span class='ocrx_word' id='word_1_221' title='bbox 777 1881 861 1939; x_wconf 89' lang='lat' dir='ltr'>ilium</span> <span class='ocrx_word' id='word_1_222' title='bbox 872 1900 945 1955; x_wconf 92' lang='lat' dir='ltr'>pun·</span> <span class='ocrx_word' id='word_1_223' title='bbox 997 1884 1128 1951; x_wconf 81' lang='lat' dir='ltr'>ceteras,</span> <span class='ocrx_word' id='word_1_224' title='bbox 1139 1880 1220 1936; x_wconf 87' lang='lat' dir='ltr'>illum</span> <span class='ocrx_word' id='word_1_225' title='bbox 1231 1881 1346 1938; x_wconf 89' lang='lat' dir='ltr'>sectari.</span> <span class='ocrx_word' id='word_1_226' title='bbox 1363 1879 1390 1938; x_wconf 92' lang='lat' dir='ltr'>Is</span> <span class='ocrx_word' id='word_1_227' title='bbox 1405 1881 1483 1938; x_wconf 90' lang='lat' dir='ltr'>enim</span> <span class='ocrx_word' id='word_1_228' title='bbox 1499 1898 1565 1937; x_wconf 93' lang='lat' dir='ltr'>cum</span> <span class='ocrx_word' id='word_1_229' title='bbox 1580 1898 1615 1939; x_wconf 83' lang='lat' dir='ltr'>ex</span> <span class='ocrx_word' id='word_1_230' title='bbox 1627 1883 1754 1940; x_wconf 89' lang='lat' dir='ltr'>scientia</span> <span class='ocrx_word' id='word_1_231' title='bbox 1768 1900 1841 1943; x_wconf 80' lang='lat' dir='ltr'>sue.</span> 
     </span>
     <span class='ocr_line' id='line_1_20' title="bbox 112 1969 1825 2046; baseline 0.001 -17"><span class='ocrx_word' id='word_1_232' title='bbox 112 1971 259 2029; x_wconf 88' lang='lat' dir='ltr'>ctionibus</span> <span class='ocrx_word' id='word_1_233' title='bbox 274 1971 413 2045; x_wconf 84' lang='lat' dir='ltr'>agitabat,</span> <span class='ocrx_word' id='word_1_234' title='bbox 430 1987 463 2026; x_wconf 91' lang='lat' dir='ltr'>ac</span> <span class='ocrx_word' id='word_1_235' title='bbox 478 1971 528 2027; x_wconf 93' lang='lat' dir='ltr'>diu</span> <span class='ocrx_word' id='word_1_236' title='bbox 545 1969 673 2028; x_wconf 91' lang='lat' dir='ltr'>multum</span> <span class='ocrx_word' id='word_1_237' title='bbox 690 1972 798 2046; x_wconf 89' lang='lat' dir='ltr'>agitato</span> <span class='ocrx_word' id='word_1_238' title='bbox 813 1971 942 2028; x_wconf 87' lang='lat' dir='ltr'>stimulis</span> <span class='ocrx_word' id='word_1_239' title='bbox 997 1971 1069 2027; x_wconf 89' lang='lat' dir='ltr'>artis</span> <span class='ocrx_word' id='word_1_240' title='bbox 1085 1971 1230 2044; x_wconf 87' lang='lat' dir='ltr'>coepisset,</span> <span class='ocrx_word' id='word_1_241' title='bbox 1247 1970 1365 2026; x_wconf 85' lang='lat' dir='ltr'>indatus</span> <span class='ocrx_word' id='word_1_242' title='bbox 1381 1970 1527 2043; x_wconf 89' lang='lat' dir='ltr'>superbia,</span> <span class='ocrx_word' id='word_1_243' title='bbox 1542 1969 1661 2029; x_wconf 88' lang='lat' dir='ltr'>stultior</span> <span class='ocrx_word' id='word_1_244' title='bbox 1673 1988 1825 2046; x_wconf 83' lang='lat' dir='ltr'>apparere,</span> 
     </span>
     <span class='ocr_line' id='line_1_21' title="bbox 113 2059 1830 2138; baseline 0.002 -21"><span class='ocrx_word' id='word_1_245' title='bbox 113 2061 192 2134; x_wconf 91' lang='lat' dir='ltr'>loqui</span> <span class='ocrx_word' id='word_1_246' title='bbox 208 2061 232 2117; x_wconf 87' lang='lat' dir='ltr'>ei</span> <span class='ocrx_word' id='word_1_247' title='bbox 248 2059 469 2127; x_wconf 84' lang='lat' dir='ltr'>ridebantur,ot</span> <span class='ocrx_word' id='word_1_248' title='bbox 479 2059 736 2116; x_wconf 90' lang='lat' dir='ltr'>multahominum</span> <span class='ocrx_word' id='word_1_249' title='bbox 748 2060 943 2134; x_wconf 89' lang='lat' dir='ltr'>impossibilia</span> <span class='ocrx_word' id='word_1_250' title='bbox 996 2065 1125 2131; x_wconf 87' lang='lat' dir='ltr'>quadarn</span> <span class='ocrx_word' id='word_1_251' title='bbox 1140 2064 1224 2116; x_wconf 92' lang='lat' dir='ltr'>nocte</span> <span class='ocrx_word' id='word_1_252' title='bbox 1239 2076 1426 2134; x_wconf 86' lang='lat' dir='ltr'>assumpsere</span> <span class='ocrx_word' id='word_1_253' title='bbox 1436 2060 1584 2117; x_wconf 78' lang='lat' dir='ltr'>demones</span> <span class='ocrx_word' id='word_1_254' title='bbox 1594 2064 1751 2133; x_wconf 88' lang='lat' dir='ltr'>poetarum</span> <span class='ocrx_word' id='word_1_255' title='bbox 1764 2079 1830 2138; x_wconf 66' lang='lat' dir='ltr'>spe</span> 
     </span>
     <span class='ocr_line' id='line_1_22' title="bbox 112 2146 1827 2224; baseline 0.002 -18"><span class='ocrx_word' id='word_1_256' title='bbox 112 2151 269 2224; x_wconf 80' lang='lat' dir='ltr'>precipere</span> <span class='ocrx_word' id='word_1_257' title='bbox 283 2151 315 2204; x_wconf 90' lang='lat' dir='ltr'>nt</span> <span class='ocrx_word' id='word_1_258' title='bbox 329 2148 445 2204; x_wconf 88' lang='lat' dir='ltr'>iaceret.</span> <span class='ocrx_word' id='word_1_259' title='bbox 462 2148 592 2204; x_wconf 77' lang='lat' dir='ltr'>Tandem</span> <span class='ocrx_word' id='word_1_260' title='bbox 609 2148 760 2222; x_wconf 84' lang='lat' dir='ltr'>fatigatus,</span> <span class='ocrx_word' id='word_1_261' title='bbox 780 2165 941 2222; x_wconf 84' lang='lat' dir='ltr'>exsurgens</span> <span class='ocrx_word' id='word_1_262' title='bbox 996 2147 1054 2204; x_wconf 90' lang='lat' dir='ltr'>cies</span> <span class='ocrx_word' id='word_1_263' title='bbox 1069 2147 1182 2222; x_wconf 85' lang='lat' dir='ltr'>Virgilii</span> <span class='ocrx_word' id='word_1_264' title='bbox 1195 2154 1224 2204; x_wconf 89' lang='lat' dir='ltr'>et</span> <span class='ocrx_word' id='word_1_265' title='bbox 1235 2146 1345 2205; x_wconf 87' lang='lat' dir='ltr'>Horatii</span> <span class='ocrx_word' id='word_1_266' title='bbox 1356 2151 1443 2221; x_wconf 90' lang='lat' dir='ltr'>atque</span> <span class='ocrx_word' id='word_1_267' title='bbox 1458 2148 1620 2218; x_wconf 84' lang='lat' dir='ltr'>luvenalis,</span> <span class='ocrx_word' id='word_1_268' title='bbox 1636 2155 1827 2224; x_wconf 84' lang='lat' dir='ltr'>apparentes·</span> 
     </span>
     <span class='ocr_line' id='line_1_23' title="bbox 113 2235 1825 2311; baseline 0.002 -18"><span class='ocrx_word' id='word_1_269' title='bbox 113 2236 555 2310; x_wconf 77' lang='lat' dir='ltr'>venitdomum‚dimittensque</span> <span class='ocrx_word' id='word_1_270' title='bbox 565 2239 784 2310; x_wconf 85' lang='lat' dir='ltr'>uxorem,quasi</span> <span class='ocrx_word' id='word_1_271' title='bbox 794 2255 828 2295; x_wconf 86' lang='lat' dir='ltr'>ex</span> <span class='ocrx_word' id='word_1_272' title='bbox 838 2255 942 2310; x_wconf 81' lang='lat' dir='ltr'>prece·</span> <span class='ocrx_word' id='word_1_273' title='bbox 996 2252 1052 2308; x_wconf 89' lang='lat' dir='ltr'>qus</span> <span class='ocrx_word' id='word_1_274' title='bbox 1068 2235 1245 2309; x_wconf 83' lang='lat' dir='ltr'>illl,iallaoes</span> <span class='ocrx_word' id='word_1_275' title='bbox 1261 2237 1530 2311; x_wconf 89' lang='lat' dir='ltr'>retuleruntgrates</span> <span class='ocrx_word' id='word_1_276' title='bbox 1545 2239 1689 2310; x_wconf 89' lang='lat' dir='ltr'>quoniam</span> <span class='ocrx_word' id='word_1_277' title='bbox 1702 2256 1825 2297; x_wconf 89' lang='lat' dir='ltr'>snorum</span> 
     </span>
     <span class='ocr_line' id='line_1_24' title="bbox 111 2323 1823 2401; baseline 0.001 -17"><span class='ocrx_word' id='word_1_278' title='bbox 111 2334 161 2401; x_wconf 92' lang='lat' dir='ltr'>pto</span> <span class='ocrx_word' id='word_1_279' title='bbox 173 2326 344 2401; x_wconf 80' lang='lat' dir='ltr'>Euangeliou</span> <span class='ocrx_word' id='word_1_280' title='bbox 356 2325 942 2400; x_wconf 82' lang='lat' dir='ltr'>iocitdivorttum.Egressueautemvelut</span> <span class='ocrx_word' id='word_1_281' title='bbox 995 2324 1072 2381; x_wconf 89' lang='lat' dir='ltr'>dicta</span> <span class='ocrx_word' id='word_1_282' title='bbox 1095 2324 1279 2381; x_wconf 85' lang='lat' dir='ltr'>voluminum</span> <span class='ocrx_word' id='word_1_283' title='bbox 1308 2325 1427 2382; x_wconf 89' lang='lat' dir='ltr'>charius</span> <span class='ocrx_word' id='word_1_284' title='bbox 1456 2323 1638 2399; x_wconf 90' lang='lat' dir='ltr'>amplectens</span> <span class='ocrx_word' id='word_1_285' title='bbox 1666 2332 1823 2398; x_wconf 82' lang='lat' dir='ltr'>exerceret,</span> 
     </span>
     <span class='ocr_line' id='line_1_25' title="bbox 111 2413 1824 2490; baseline 0 -16"><span class='ocrx_word' id='word_1_286' title='bbox 111 2422 258 2482; x_wconf 83' lang='lat' dir='ltr'>oraturus,</span> <span class='ocrx_word' id='word_1_287' title='bbox 268 2415 382 2472; x_wconf 87' lang='lat' dir='ltr'>intrans</span> <span class='ocrx_word' id='word_1_288' title='bbox 394 2413 558 2482; x_wconf 87' lang='lat' dir='ltr'>aeclesiam,</span> <span class='ocrx_word' id='word_1_289' title='bbox 568 2415 770 2489; x_wconf 83' lang='lat' dir='ltr'>arripiensque</span> <span class='ocrx_word' id='word_1_290' title='bbox 780 2433 897 2474; x_wconf 86' lang='lat' dir='ltr'>crucem</span> <span class='ocrx_word' id='word_1_291' title='bbox 912 2421 941 2474; x_wconf 89' lang='lat' dir='ltr'>at</span> <span class='ocrx_word' id='word_1_292' title='bbox 994 2429 1083 2487; x_wconf 91' lang='lat' dir='ltr'>seque</span> <span class='ocrx_word' id='word_1_293' title='bbox 1098 2413 1216 2470; x_wconf 89' lang='lat' dir='ltr'>illorum</span> <span class='ocrx_word' id='word_1_294' title='bbox 1230 2415 1411 2487; x_wconf 85' lang='lat' dir='ltr'>posteritatis</span> <span class='ocrx_word' id='word_1_295' title='bbox 1426 2413 1539 2472; x_wconf 83' lang='lat' dir='ltr'>felicem</span> <span class='ocrx_word' id='word_1_296' title='bbox 1555 2431 1621 2473; x_wconf 89' lang='lat' dir='ltr'>esse</span> <span class='ocrx_word' id='word_1_297' title='bbox 1639 2432 1824 2490; x_wconf 70' lang='lat' dir='ltr'>preconem</span> 
     </span>
     <span class='ocr_line' id='line_1_26' title="bbox 112 2502 1826 2579; baseline 0 -16"><span class='ocrx_word' id='word_1_298' title='bbox 112 2504 269 2563; x_wconf 87' lang='lat' dir='ltr'>SalvatorIs</span> <span class='ocrx_word' id='word_1_299' title='bbox 282 2503 443 2577; x_wconf 82' lang='lat' dir='ltr'>imaginem</span> <span class='ocrx_word' id='word_1_300' title='bbox 458 2504 603 2560; x_wconf 88' lang='lat' dir='ltr'>contrivit.</span> <span class='ocrx_word' id='word_1_301' title='bbox 614 2502 696 2568; x_wconf 86' lang='lat' dir='ltr'>Ouod</span> <span class='ocrx_word' id='word_1_302' title='bbox 711 2509 863 2561; x_wconf 85' lang='lat' dir='ltr'>cernentes</span> <span class='ocrx_word' id='word_1_303' title='bbox 877 2505 939 2579; x_wconf 91' lang='lat' dir='ltr'>qui·</span> <span class='ocrx_word' id='word_1_304' title='bbox 993 2502 1228 2574; x_wconf 89' lang='lat' dir='ltr'>promiseruntei</span> <span class='ocrx_word' id='word_1_305' title='bbox 1239 2503 1361 2576; x_wconf 90' lang='lat' dir='ltr'>insuper</span> <span class='ocrx_word' id='word_1_306' title='bbox 1373 2520 1432 2560; x_wconf 82' lang='lat' dir='ltr'>sua</span> <span class='ocrx_word' id='word_1_307' title='bbox 1447 2503 1546 2577; x_wconf 83' lang='lat' dir='ltr'>glorie</span> <span class='ocrx_word' id='word_1_308' title='bbox 1562 2505 1756 2577; x_wconf 90' lang='lat' dir='ltr'>postmodum</span> <span class='ocrx_word' id='word_1_309' title='bbox 1767 2505 1826 2567; x_wconf 81' lang='lat' dir='ltr'>iore</span> 
     </span>
     <span class='ocr_line' id='line_1_27' title="bbox 31 2591 1823 2668; baseline 0.001 -19"><span class='ocrx_word' id='word_1_310' title='bbox 31 2644 33 2649; x_wconf 81' lang='grc'>,</span> <span class='ocrx_word' id='word_1_311' title='bbox 110 2611 167 2668; x_wconf 91' lang='lat' dir='ltr'>que</span> <span class='ocrx_word' id='word_1_312' title='bbox 181 2593 274 2650; x_wconf 91' lang='lat' dir='ltr'>territi</span> <span class='ocrx_word' id='word_1_313' title='bbox 296 2609 411 2665; x_wconf 84' lang='lat' dir='ltr'>pavore,</span> <span class='ocrx_word' id='word_1_314' title='bbox 428 2592 580 2649; x_wconf 90' lang='lat' dir='ltr'>credentes</span> <span class='ocrx_word' id='word_1_315' title='bbox 602 2592 697 2662; x_wconf 92' lang='lat' dir='ltr'>illum,</span> <span class='ocrx_word' id='word_1_316' title='bbox 715 2599 747 2650; x_wconf 93' lang='lat' dir='ltr'>ut</span> <span class='ocrx_word' id='word_1_317' title='bbox 770 2598 844 2662; x_wconf 88' lang='lat' dir='ltr'>erat,</span> <span class='ocrx_word' id='word_1_318' title='bbox 859 2593 939 2650; x_wconf 88' lang='lat' dir='ltr'>insa·</span> <span class='ocrx_word' id='word_1_319' title='bbox 993 2591 1176 2664; x_wconf 88' lang='lat' dir='ltr'>participem.</span> <span class='ocrx_word' id='word_1_320' title='bbox 1193 2591 1303 2664; x_wconf 88' lang='lat' dir='ltr'>Hisque</span> <span class='ocrx_word' id='word_1_321' title='bbox 1318 2593 1485 2648; x_wconf 84' lang='lat' dir='ltr'>daemonum</span> <span class='ocrx_word' id='word_1_322' title='bbox 1500 2591 1823 2668; x_wconf 77' lang='lat' dir='ltr'>fallaciisdepravatus,</span> 
     </span>
     <span class='ocr_line' id='line_1_28' title="bbox 111 2679 1822 2754; baseline 0 -14"><span class='ocrx_word' id='word_1_323' title='bbox 111 2701 182 2740; x_wconf 92' lang='lat' dir='ltr'>num</span> <span class='ocrx_word' id='word_1_324' title='bbox 197 2683 268 2740; x_wconf 85' lang='lat' dir='ltr'>lora.</span> <span class='ocrx_word' id='word_1_325' title='bbox 292 2681 404 2748; x_wconf 83' lang='lat' dir='ltr'>Quibus</span> <span class='ocrx_word' id='word_1_326' title='bbox 426 2680 515 2737; x_wconf 89' lang='lat' dir='ltr'>etiam</span> <span class='ocrx_word' id='word_1_327' title='bbox 530 2679 593 2752; x_wconf 92' lang='lat' dir='ltr'>ipse</span> <span class='ocrx_word' id='word_1_328' title='bbox 608 2682 765 2754; x_wconf 86' lang='lat' dir='ltr'>persuasit,</span> <span class='ocrx_word' id='word_1_329' title='bbox 779 2682 854 2738; x_wconf 86' lang='lat' dir='ltr'>sicut</span> <span class='ocrx_word' id='word_1_330' title='bbox 869 2687 940 2740; x_wconf 88' lang='lat' dir='ltr'>sunt</span> <span class='ocrx_word' id='word_1_331' title='bbox 993 2681 1079 2752; x_wconf 81' lang='lat' dir='ltr'>acepit</span> <span class='ocrx_word' id='word_1_332' title='bbox 1094 2680 1187 2737; x_wconf 89' lang='lat' dir='ltr'>multa</span> <span class='ocrx_word' id='word_1_333' title='bbox 1201 2679 1317 2754; x_wconf 87' lang='lat' dir='ltr'>turgida</span> <span class='ocrx_word' id='word_1_334' title='bbox 1340 2682 1444 2738; x_wconf 86' lang='lat' dir='ltr'>dooere</span> <span class='ocrx_word' id='word_1_335' title='bbox 1467 2679 1535 2737; x_wconf 87' lang='lat' dir='ltr'>fidei</span> <span class='ocrx_word' id='word_1_336' title='bbox 1560 2698 1649 2738; x_wconf 83' lang='lat' dir='ltr'>saara</span> <span class='ocrx_word' id='word_1_337' title='bbox 1666 2683 1822 2752; x_wconf 81' lang='lat' dir='ltr'>contraria,</span> 
     </span>
     <span class='ocr_line' id='line_1_29' title="bbox 110 2769 1825 2844; baseline 0.002 -16"><span class='ocrx_word' id='word_1_338' title='bbox 110 2772 212 2830; x_wconf 91' lang='lat' dir='ltr'>rustici</span> <span class='ocrx_word' id='word_1_339' title='bbox 228 2777 325 2828; x_wconf 90' lang='lat' dir='ltr'>menta</span> <span class='ocrx_word' id='word_1_340' title='bbox 340 2769 454 2840; x_wconf 88' lang='lat' dir='ltr'>labiles,</span> <span class='ocrx_word' id='word_1_341' title='bbox 471 2769 606 2827; x_wconf 85' lang='lat' dir='ltr'>universa</span> <span class='ocrx_word' id='word_1_342' title='bbox 620 2769 682 2827; x_wconf 85' lang='lat' dir='ltr'>hec</span> <span class='ocrx_word' id='word_1_343' title='bbox 703 2775 818 2844; x_wconf 90' lang='lat' dir='ltr'>patrare</span> <span class='ocrx_word' id='word_1_344' title='bbox 833 2789 868 2827; x_wconf 86' lang='lat' dir='ltr'>ex</span> <span class='ocrx_word' id='word_1_345' title='bbox 883 2771 937 2827; x_wconf 92' lang='lat' dir='ltr'>mi·</span> <span class='ocrx_word' id='word_1_346' title='bbox 992 2769 1130 2842; x_wconf 90' lang='lat' dir='ltr'>dietaque</span> <span class='ocrx_word' id='word_1_347' title='bbox 1145 2773 1299 2843; x_wconf 91' lang='lat' dir='ltr'>poetarum</span> <span class='ocrx_word' id='word_1_348' title='bbox 1309 2770 1471 2842; x_wconf 88' lang='lat' dir='ltr'>peremnia</span> <span class='ocrx_word' id='word_1_349' title='bbox 1479 2769 1626 2828; x_wconf 87' lang='lat' dir='ltr'>credenda</span> <span class='ocrx_word' id='word_1_350' title='bbox 1635 2787 1703 2828; x_wconf 89' lang='lat' dir='ltr'>esse</span> <span class='ocrx_word' id='word_1_351' title='bbox 1714 2788 1825 2831; x_wconf 86' lang='lat' dir='ltr'>assere·</span> 
     </span>
     <span class='ocr_line' id='line_1_30' title="bbox 111 2857 1823 2936; baseline 0.002 -19"><span class='ocrx_word' id='word_1_352' title='bbox 111 2860 195 2917; x_wconf 91' lang='lat' dir='ltr'>rabili</span> <span class='ocrx_word' id='word_1_353' title='bbox 213 2860 262 2915; x_wconf 78' lang='lat' dir='ltr'>liei</span> <span class='ocrx_word' id='word_1_354' title='bbox 279 2859 464 2916; x_wconf 84' lang='lat' dir='ltr'>revelatione.</span> <span class='ocrx_word' id='word_1_355' title='bbox 481 2858 724 2933; x_wconf 80' lang='lat' dir='ltr'>rtiiluebatigitur</span> <span class='ocrx_word' id='word_1_356' title='bbox 739 2859 865 2916; x_wconf 90' lang='lat' dir='ltr'>nimium</span> <span class='ocrx_word' id='word_1_357' title='bbox 881 2877 939 2917; x_wconf 89' lang='lat' dir='ltr'>ser·</span> <span class='ocrx_word' id='word_1_358' title='bbox 991 2858 1051 2914; x_wconf 89' lang='lat' dir='ltr'>bat.</span> <span class='ocrx_word' id='word_1_359' title='bbox 1061 2858 1105 2914; x_wconf 86' lang='lat' dir='ltr'>Ad</span> <span class='ocrx_word' id='word_1_360' title='bbox 1117 2857 1255 2915; x_wconf 86' lang='lat' dir='ltr'>ultimum</span> <span class='ocrx_word' id='word_1_361' title='bbox 1266 2875 1333 2915; x_wconf 87' lang='lat' dir='ltr'>vero</span> <span class='ocrx_word' id='word_1_362' title='bbox 1349 2858 1503 2915; x_wconf 81' lang='lat' dir='ltr'>hereticus</span> <span class='ocrx_word' id='word_1_363' title='bbox 1518 2863 1564 2916; x_wconf 89' lang='lat' dir='ltr'>ast</span> <span class='ocrx_word' id='word_1_364' title='bbox 1579 2864 1724 2934; x_wconf 89' lang='lat' dir='ltr'>repertus,</span> <span class='ocrx_word' id='word_1_365' title='bbox 1735 2865 1823 2936; x_wconf 82' lang='lat' dir='ltr'>alque</span> 
     </span>
     <span class='ocr_line' id='line_1_31' title="bbox 110 2947 1822 3022; baseline 0.002 -16"><span class='ocrx_word' id='word_1_366' title='bbox 110 2950 248 3006; x_wconf 91' lang='lat' dir='ltr'>monibus</span> <span class='ocrx_word' id='word_1_367' title='bbox 263 2947 388 3005; x_wconf 89' lang='lat' dir='ltr'>utilitate</span> <span class='ocrx_word' id='word_1_368' title='bbox 403 2952 432 3005; x_wconf 90' lang='lat' dir='ltr'>at</span> <span class='ocrx_word' id='word_1_369' title='bbox 446 2948 566 3004; x_wconf 85' lang='lat' dir='ltr'>veritate</span> <span class='ocrx_word' id='word_1_370' title='bbox 586 2948 696 3016; x_wconf 82' lang='lat' dir='ltr'>vacuis,</span> <span class='ocrx_word' id='word_1_371' title='bbox 714 2948 873 3021; x_wconf 90' lang='lat' dir='ltr'>doctorque</span> <span class='ocrx_word' id='word_1_372' title='bbox 887 2967 937 3006; x_wconf 89' lang='lat' dir='ltr'>cn·</span> <span class='ocrx_word' id='word_1_373' title='bbox 991 2964 1009 3003; x_wconf 90' lang='lat' dir='ltr'>a</span> <span class='ocrx_word' id='word_1_374' title='bbox 1018 2947 1723 3022; x_wconf 82' lang='lat' dir='ltr'>pontidceipsinsurbisPetrodamnatus.Plures</span> <span class='ocrx_word' id='word_1_375' title='bbox 1733 2949 1822 3009; x_wconf 85' lang='lat' dir='ltr'>etiam</span> 
     </span>
     <span class='ocr_line' id='line_1_32' title="bbox 110 3030 1821 3114; baseline 0.002 -20"><span class='ocrx_word' id='word_1_376' title='bbox 110 3039 193 3112; x_wconf 88' lang='lat' dir='ltr'>piens</span> <span class='ocrx_word' id='word_1_377' title='bbox 204 3030 699 3112; x_wconf 83' lang='lat' dir='ltr'>apparere,dedocebatmagIstrum</span> <span class='ocrx_word' id='word_1_378' title='bbox 710 3037 936 3095; x_wconf 81' lang='lat' dir='ltr'>doctrina.Nam</span> <span class='ocrx_word' id='word_1_379' title='bbox 992 3035 1163 3107; x_wconf 89' lang='lat' dir='ltr'>peritaliam</span> <span class='ocrx_word' id='word_1_380' title='bbox 1173 3040 1303 3111; x_wconf 85' lang='lat' dir='ltr'>ternpore</span> <span class='ocrx_word' id='word_1_381' title='bbox 1309 3036 1399 3108; x_wconf 86' lang='lat' dir='ltr'>hujus</span> <span class='ocrx_word' id='word_1_382' title='bbox 1407 3036 1537 3110; x_wconf 79' lang='lat' dir='ltr'>pestiferi</span> <span class='ocrx_word' id='word_1_383' title='bbox 1545 3036 1695 3112; x_wconf 87' lang='lat' dir='ltr'>dogmatis</span> <span class='ocrx_word' id='word_1_384' title='bbox 1704 3040 1821 3114; x_wconf 88' lang='lat' dir='ltr'>reperti,</span> 
     </span>
     <span class='ocr_line' id='line_1_33' title="bbox 109 3110 1860 3200; baseline 0.003 -18"><span class='ocrx_word' id='word_1_385' title='bbox 109 3125 238 3183; x_wconf 87' lang='lat' dir='ltr'>decimas</span> <span class='ocrx_word' id='word_1_386' title='bbox 248 3126 317 3181; x_wconf 89' lang='lat' dir='ltr'>dare</span> <span class='ocrx_word' id='word_1_387' title='bbox 328 3123 517 3181; x_wconf 84' lang='lat' dir='ltr'>dicebatesse</span> <span class='ocrx_word' id='word_1_388' title='bbox 528 3124 899 3198; x_wconf 86' lang='lat' dir='ltr'>omnimodissupertluum</span> <span class='ocrx_word' id='word_1_389' title='bbox 911 3110 976 3184; x_wconf 78' lang='lat' dir='ltr'>etl}</span> <span class='ocrx_word' id='word_1_390' title='bbox 995 3124 1105 3198; x_wconf 87' lang='lat' dir='ltr'>quique</span> <span class='ocrx_word' id='word_1_391' title='bbox 1121 3123 1177 3198; x_wconf 89' lang='lat' dir='ltr'>ipsi</span> <span class='ocrx_word' id='word_1_392' title='bbox 1193 3130 1244 3181; x_wconf 90' lang='lat' dir='ltr'>aut</span> <span class='ocrx_word' id='word_1_393' title='bbox 1258 3124 1362 3198; x_wconf 89' lang='lat' dir='ltr'>gladiis</span> <span class='ocrx_word' id='word_1_394' title='bbox 1378 3131 1429 3182; x_wconf 88' lang='lat' dir='ltr'>aut</span> <span class='ocrx_word' id='word_1_395' title='bbox 1443 3125 1587 3183; x_wconf 86' lang='lat' dir='ltr'>incendiis</span> <span class='ocrx_word' id='word_1_396' title='bbox 1603 3126 1766 3200; x_wconf 89' lang='lat' dir='ltr'>perierunt.</span> <span class='ocrx_word' id='word_1_397' title='bbox 1784 3129 1860 3187; x_wconf 62' lang='lat' dir='ltr'>a:</span> 
     </span>
     <span class='ocr_line' id='line_1_34' title="bbox 109 3212 1866 3289; baseline 0.003 -20"><span class='ocrx_word' id='word_1_398' title='bbox 109 3214 205 3271; x_wconf 89' lang='lat' dir='ltr'>inane.</span> <span class='ocrx_word' id='word_1_399' title='bbox 215 3215 259 3282; x_wconf 83' lang='lat' dir='ltr'>st,</span> <span class='ocrx_word' id='word_1_400' title='bbox 269 3212 480 3269; x_wconf 84' lang='lat' dir='ltr'>sicuthereses</span> <span class='ocrx_word' id='word_1_401' title='bbox 490 3215 608 3282; x_wconf 79' lang='lat' dir='ltr'>estere,</span> <span class='ocrx_word' id='word_1_402' title='bbox 618 3214 936 3289; x_wconf 90' lang='lat' dir='ltr'>utcantiusdecipiant,</span> <span class='ocrx_word' id='word_1_403' title='bbox 993 3214 1128 3270; x_wconf 85' lang='lat' dir='ltr'>Sardinia</span> <span class='ocrx_word' id='word_1_404' title='bbox 1142 3231 1259 3288; x_wconf 91' lang='lat' dir='ltr'>quoque</span> <span class='ocrx_word' id='word_1_405' title='bbox 1272 3214 1381 3283; x_wconf 88' lang='lat' dir='ltr'>insula,</span> <span class='ocrx_word' id='word_1_406' title='bbox 1397 3232 1460 3288; x_wconf 82' lang='lat' dir='ltr'>que</span> <span class='ocrx_word' id='word_1_407' title='bbox 1484 3215 1532 3272; x_wconf 94' lang='lat' dir='ltr'>his</span> <span class='ocrx_word' id='word_1_408' title='bbox 1546 3214 1711 3288; x_wconf 90' lang='lat' dir='ltr'>plurimum</span> <span class='ocrx_word' id='word_1_409' title='bbox 1727 3219 1866 3275; x_wconf 83' lang='lat' dir='ltr'>abun·-</span> 
     </span>
     <span class='ocr_line' id='line_1_35' title="bbox 109 3301 1857 3381; baseline 0.002 -21"><span class='ocrx_word' id='word_1_410' title='bbox 109 3302 267 3376; x_wconf 88' lang='lat' dir='ltr'>Scripturis</span> <span class='ocrx_word' id='word_1_411' title='bbox 282 3318 313 3358; x_wconf 89' lang='lat' dir='ltr'>se</span> <span class='ocrx_word' id='word_1_412' title='bbox 329 3301 445 3369; x_wconf 89' lang='lat' dir='ltr'>divinis,</span> <span class='ocrx_word' id='word_1_413' title='bbox 463 3301 572 3372; x_wconf 91' lang='lat' dir='ltr'>quibus</span> <span class='ocrx_word' id='word_1_414' title='bbox 587 3301 674 3358; x_wconf 88' lang='lat' dir='ltr'>etiam</span> <span class='ocrx_word' id='word_1_415' title='bbox 690 3303 840 3359; x_wconf 81' lang='lat' dir='ltr'>contrarie</span> <span class='ocrx_word' id='word_1_416' title='bbox 856 3309 936 3373; x_wconf 89' lang='lat' dir='ltr'>sant,</span> <span class='ocrx_word' id='word_1_417' title='bbox 992 3304 1061 3359; x_wconf 91' lang='lat' dir='ltr'>dare</span> <span class='ocrx_word' id='word_1_418' title='bbox 1076 3303 1160 3372; x_wconf 88' lang='lat' dir='ltr'>solet,</span> <span class='ocrx_word' id='word_1_419' title='bbox 1176 3303 1240 3377; x_wconf 89' lang='lat' dir='ltr'>ipso</span> <span class='ocrx_word' id='word_1_420' title='bbox 1254 3308 1386 3376; x_wconf 87' lang='lat' dir='ltr'>tempore</span> <span class='ocrx_word' id='word_1_421' title='bbox 1401 3303 1492 3376; x_wconf 91' lang='lat' dir='ltr'>aliqui</span> <span class='ocrx_word' id='word_1_422' title='bbox 1509 3305 1630 3379; x_wconf 85' lang='lat' dir='ltr'>egressi,</span> <span class='ocrx_word' id='word_1_423' title='bbox 1644 3310 1759 3378; x_wconf 84' lang='lat' dir='ltr'>partem</span> <span class='ocrx_word' id='word_1_424' title='bbox 1775 3323 1857 3381; x_wconf 88' lang='lat' dir='ltr'>po-</span> 
     </span>
     <span class='ocr_line' id='line_1_36' title="bbox 110 3390 1856 3467; baseline 0.004 -20"><span class='ocrx_word' id='word_1_425' title='bbox 110 3391 241 3465; x_wconf 91' lang='lat' dir='ltr'>paliiant,</span> <span class='ocrx_word' id='word_1_426' title='bbox 259 3391 300 3446; x_wconf 92' lang='lat' dir='ltr'>ita</span> <span class='ocrx_word' id='word_1_427' title='bbox 315 3395 343 3446; x_wconf 90' lang='lat' dir='ltr'>at</span> <span class='ocrx_word' id='word_1_428' title='bbox 355 3390 409 3447; x_wconf 85' lang='lat' dir='ltr'>Iste</span> <span class='ocrx_word' id='word_1_429' title='bbox 425 3390 540 3446; x_wconf 89' lang='lat' dir='ltr'>dicebat</span> <span class='ocrx_word' id='word_1_430' title='bbox 554 3390 712 3463; x_wconf 88' lang='lat' dir='ltr'>propbetas</span> <span class='ocrx_word' id='word_1_431' title='bbox 725 3408 760 3448; x_wconf 86' lang='lat' dir='ltr'>ex</span> <span class='ocrx_word' id='word_1_432' title='bbox 773 3396 855 3465; x_wconf 87' lang='lat' dir='ltr'>parte</span> <span class='ocrx_word' id='word_1_433' title='bbox 870 3411 936 3450; x_wconf 90' lang='lat' dir='ltr'>nar·</span> <span class='ocrx_word' id='word_1_434' title='bbox 991 3391 1053 3465; x_wconf 94' lang='lat' dir='ltr'>puli</span> <span class='ocrx_word' id='word_1_435' title='bbox 1067 3392 1097 3448; x_wconf 92' lang='lat' dir='ltr'>in</span> <span class='ocrx_word' id='word_1_436' title='bbox 1108 3392 1249 3467; x_wconf 90' lang='lat' dir='ltr'>Hispania</span> <span class='ocrx_word' id='word_1_437' title='bbox 1258 3398 1489 3466; x_wconf 88' lang='lat' dir='ltr'>corrumpentes,</span> <span class='ocrx_word' id='word_1_438' title='bbox 1500 3399 1530 3452; x_wconf 90' lang='lat' dir='ltr'>et</span> <span class='ocrx_word' id='word_1_439' title='bbox 1539 3393 1595 3467; x_wconf 92' lang='lat' dir='ltr'>ipsi</span> <span class='ocrx_word' id='word_1_440' title='bbox 1606 3411 1624 3451; x_wconf 98' lang='lat' dir='ltr'>a</span> <span class='ocrx_word' id='word_1_441' title='bbox 1637 3393 1709 3452; x_wconf 87' lang='lat' dir='ltr'>viris</span> <span class='ocrx_word' id='word_1_442' title='bbox 1720 3395 1856 3454; x_wconf 86' lang='lat' dir='ltr'>catho-</span> 
     </span>
     <span class='ocr_line' id='line_1_37' title="bbox 43 3478 1836 3557; baseline 0.004 -21"><span class='ocrx_word' id='word_1_443' title='bbox 43 3545 46 3548; x_wconf 47' lang='grc'>,</span> <span class='ocrx_word' id='word_1_444' title='bbox 109 3496 190 3537; x_wconf 90' lang='lat' dir='ltr'>rasse</span> <span class='ocrx_word' id='word_1_445' title='bbox 213 3478 308 3547; x_wconf 88' lang='lat' dir='ltr'>utilia,</span> <span class='ocrx_word' id='word_1_446' title='bbox 323 3494 359 3535; x_wconf 84' lang='lat' dir='ltr'>err</span> <span class='ocrx_word' id='word_1_447' title='bbox 383 3482 464 3552; x_wconf 87' lang='lat' dir='ltr'>parte</span> <span class='ocrx_word' id='word_1_448' title='bbox 489 3496 547 3535; x_wconf 91' lang='lat' dir='ltr'>non</span> <span class='ocrx_word' id='word_1_449' title='bbox 563 3479 719 3536; x_wconf 91' lang='lat' dir='ltr'>credenda.</span> <span class='ocrx_word' id='word_1_450' title='bbox 734 3480 826 3554; x_wconf 83' lang='lat' dir='ltr'>Cujus</span> <span class='ocrx_word' id='word_1_451' title='bbox 848 3483 936 3539; x_wconf 89' lang='lat' dir='ltr'>etiam</span> <span class='ocrx_word' id='word_1_452' title='bbox 990 3480 1054 3537; x_wconf 86' lang='lat' dir='ltr'>linis</span> <span class='ocrx_word' id='word_1_453' title='bbox 1077 3482 1261 3539; x_wconf 82' lang='lat' dir='ltr'>exterminati</span> <span class='ocrx_word' id='word_1_454' title='bbox 1287 3486 1366 3539; x_wconf 89' lang='lat' dir='ltr'>sunt.</span> <span class='ocrx_word' id='word_1_455' title='bbox 1382 3481 1464 3548; x_wconf 81' lang='lat' dir='ltr'>Quod</span> <span class='ocrx_word' id='word_1_456' title='bbox 1491 3483 1669 3557; x_wconf 76' lang='lat' dir='ltr'>praesagium</span> <span class='ocrx_word' id='word_1_457' title='bbox 1693 3484 1836 3543; x_wconf 70' lang='lat' dir='ltr'>loannis</span> 
     </span>
     <span class='ocr_line' id='line_1_38' title="bbox 110 3567 1833 3645; baseline 0.004 -20"><span class='ocrx_word' id='word_1_458' title='bbox 110 3567 937 3643; x_wconf 78' lang='lat' dir='ltr'>fama,qnasialicujusnientesaniaoraligiosi,inbrevi</span> <span class='ocrx_word' id='word_1_459' title='bbox 990 3569 1833 3645; x_wconf 80' lang='lat' dir='ltr'>prophetiecoagruit;quiadmitSatanamsolveadum.</span> 
     </span>
     <span class='ocr_line' id='line_1_39' title="bbox 110 3656 1827 3736; baseline 0.005 -21"><span class='ocrx_word' id='word_1_460' title='bbox 110 3660 188 3715; x_wconf 90' lang='lat' dir='ltr'>adse</span> <span class='ocrx_word' id='word_1_461' title='bbox 202 3656 415 3730; x_wconf 80' lang='lat' dir='ltr'>traxitpartam</span> <span class='ocrx_word' id='word_1_462' title='bbox 428 3674 486 3712; x_wconf 91' lang='lat' dir='ltr'>non</span> <span class='ocrx_word' id='word_1_463' title='bbox 498 3657 645 3712; x_wconf 90' lang='lat' dir='ltr'>modicam</span> <span class='ocrx_word' id='word_1_464' title='bbox 660 3656 750 3731; x_wconf 85' lang='lat' dir='ltr'>vulgi.</span> <span class='ocrx_word' id='word_1_465' title='bbox 762 3659 843 3725; x_wconf 82' lang='lat' dir='ltr'>Quod</span> <span class='ocrx_word' id='word_1_466' title='bbox 857 3675 936 3716; x_wconf 89' lang='lat' dir='ltr'>corn·</span> <span class='ocrx_word' id='word_1_467' title='bbox 990 3657 1112 3732; x_wconf 85' lang='lat' dir='ltr'>expletis</span> <span class='ocrx_word' id='word_1_468' title='bbox 1127 3658 1207 3716; x_wconf 91' lang='lat' dir='ltr'>mille</span> <span class='ocrx_word' id='word_1_469' title='bbox 1222 3659 1318 3730; x_wconf 90' lang='lat' dir='ltr'>annis,</span> <span class='ocrx_word' id='word_1_470' title='bbox 1333 3661 1368 3717; x_wconf 89' lang='lat' dir='ltr'>de</span> <span class='ocrx_word' id='word_1_471' title='bbox 1384 3661 1493 3733; x_wconf 91' lang='lat' dir='ltr'>quibus</span> <span class='ocrx_word' id='word_1_472' title='bbox 1508 3661 1537 3717; x_wconf 90' lang='lat' dir='ltr'>in</span> <span class='ocrx_word' id='word_1_473' title='bbox 1554 3661 1638 3719; x_wconf 91' lang='lat' dir='ltr'>tertio</span> <span class='ocrx_word' id='word_1_474' title='bbox 1647 3663 1712 3736; x_wconf 85' lang='lat' dir='ltr'>jam</span> <span class='ocrx_word' id='word_1_475' title='bbox 1723 3661 1827 3723; x_wconf 86' lang='lat' dir='ltr'>libella</span> 
     </span>
     <span class='ocr_line' id='line_1_40' title="bbox 110 3743 1348 3821; baseline 0.001 -17"><span class='ocrx_word' id='word_1_476' title='bbox 110 3743 935 3821; x_wconf 82' lang='lat' dir='ltr'>periensvireruditissimusGabuinussenexepiscopus,</span> <span class='ocrx_word' id='word_1_477' title='bbox 991 3747 1130 3821; x_wconf 85' lang='lat' dir='ltr'>prolixias</span> <span class='ocrx_word' id='word_1_478' title='bbox 1145 3749 1348 3806; x_wconf 88' lang='lat' dir='ltr'>tractabimus.</span> 
     </span>
     <span class='ocr_line' id='line_1_41' title="bbox 39 3834 938 3908; baseline 0.004 -17"><span class='ocrx_word' id='word_1_479' title='bbox 39 3855 42 3858; x_wconf 88' lang='lat'>·</span> <span class='ocrx_word' id='word_1_480' title='bbox 109 3837 139 3892; x_wconf 92' lang='lat' dir='ltr'>in</span> <span class='ocrx_word' id='word_1_481' title='bbox 155 3836 241 3908; x_wconf 90' lang='lat' dir='ltr'>cujus</span> <span class='ocrx_word' id='word_1_482' title='bbox 256 3834 367 3893; x_wconf 83' lang='lat' dir='ltr'>scilicet</span> <span class='ocrx_word' id='word_1_483' title='bbox 381 3839 444 3891; x_wconf 90' lang='lat' dir='ltr'>arat</span> <span class='ocrx_word' id='word_1_484' title='bbox 460 3834 587 3904; x_wconf 80' lang='lat' dir='ltr'>diecesi,</span> <span class='ocrx_word' id='word_1_485' title='bbox 603 3834 739 3892; x_wconf 87' lang='lat' dir='ltr'>accersiri</span> <span class='ocrx_word' id='word_1_486' title='bbox 754 3834 838 3892; x_wconf 90' lang='lat' dir='ltr'>illum</span> <span class='ocrx_word' id='word_1_487' title='bbox 854 3837 890 3894; x_wconf 91' lang='lat' dir='ltr'>ad</span> <span class='ocrx_word' id='word_1_488' title='bbox 906 3855 938 3895; x_wconf 89' lang='lat' dir='ltr'>se</span> 
     </span>
    </p>
   </div>
   <div class='ocr_carea' id='block_1_3' title="bbox 731 4116 1197 4252">
    <p class='ocr_par' dir='ltr' id='par_1_3' title="bbox 731 4116 1197 4252">
     <span class='ocr_line' id='line_1_42' title="bbox 731 4116 1197 4252; baseline -0.002 -5"><span class='ocrx_word' id='word_1_489' title='bbox 731 4160 905 4251; x_wconf 79' lang='lat' dir='ltr'>amna</span> <span class='ocrx_word' id='word_1_490' title='bbox 932 4116 1197 4252; x_wconf 80' lang='lat' dir='ltr'>rannus</span> 
     </span>
    </p>
   </div>
   <div class='ocr_carea' id='block_1_4' title="bbox 641 4336 1287 4397">
    <p class='ocr_par' dir='ltr' id='par_1_4' title="bbox 641 4336 1287 4397">
     <span class='ocr_line' id='line_1_43' title="bbox 641 4336 1287 4397; baseline 0.002 -3"><span class='ocrx_word' id='word_1_491' title='bbox 641 4337 824 4395; x_wconf 86' lang='lat' dir='ltr'>INCIPIUN&#39;I</span> <span class='ocrx_word' id='word_1_492' title='bbox 843 4336 1021 4397; x_wconf 70' lang='lat' dir='ltr'>cmtrdta</span> <span class='ocrx_word' id='word_1_493' title='bbox 1041 4339 1138 4396; x_wconf 84' lang='lat' dir='ltr'>LIBRI</span> <span class='ocrx_word' id='word_1_494' title='bbox 1156 4339 1287 4397; x_wconf 74' lang='lat' dir='ltr'>asara.</span> 
     </span>
    </p>
   </div>
   <div class='ocr_carea' id='block_1_5' title="bbox 250 4487 1551 5133">
    <p class='ocr_par' dir='ltr' id='par_1_5' title="bbox 253 4487 1217 4561">
     <span class='ocr_line' id='line_1_44' title="bbox 253 4487 1217 4561; baseline 0.002 -16"><span class='ocrx_word' id='word_1_495' title='bbox 253 4490 274 4545; x_wconf 91' lang='lat' dir='ltr'>I.</span> <span class='ocrx_word' id='word_1_496' title='bbox 367 4490 404 4544; x_wconf 83' lang='lat' dir='ltr'>De</span> <span class='ocrx_word' id='word_1_497' title='bbox 418 4487 553 4560; x_wconf 73' lang='lat' dir='ltr'>septeno</span> <span class='ocrx_word' id='word_1_498' title='bbox 566 4505 628 4561; x_wconf 80' lang='lat' dir='ltr'>repe</span> <span class='ocrx_word' id='word_1_499' title='bbox 644 4489 806 4561; x_wconf 77' lang='lat' dir='ltr'>llnaromm,</span> <span class='ocrx_word' id='word_1_500' title='bbox 819 4495 846 4548; x_wconf 91' lang='lat' dir='ltr'>et</span> <span class='ocrx_word' id='word_1_501' title='bbox 862 4489 939 4549; x_wconf 82' lang='lat' dir='ltr'>battis</span> <span class='ocrx_word' id='word_1_502' title='bbox 954 4492 1217 4548; x_wconf 75' lang='lat' dir='ltr'>beneventanorum.</span> 
     </span>
    </p>

    <p class='ocr_par' dir='ltr' id='par_1_6' title="bbox 255 4560 792 4632">
     <span class='ocr_line' id='line_1_45' title="bbox 255 4560 792 4632; baseline 0.002 -15"><span class='ocrx_word' id='word_1_503' title='bbox 255 4561 288 4617; x_wconf 93' lang='lat' dir='ltr'>ll.</span> <span class='ocrx_word' id='word_1_504' title='bbox 362 4563 399 4616; x_wconf 84' lang='lat' dir='ltr'>De</span> <span class='ocrx_word' id='word_1_505' title='bbox 413 4560 525 4616; x_wconf 78' lang='lat' dir='ltr'>doberto</span> <span class='ocrx_word' id='word_1_506' title='bbox 538 4576 601 4632; x_wconf 75' lang='lat' dir='ltr'>reae</span> <span class='ocrx_word' id='word_1_507' title='bbox 614 4562 792 4618; x_wconf 80' lang='lat' dir='ltr'>Francorum.</span> 
     </span>
    </p>

    <p class='ocr_par' dir='ltr' id='par_1_7' title="bbox 253 4631 1135 4707">
     <span class='ocr_line' id='line_1_46' title="bbox 253 4631 1135 4707; baseline 0 -19"><span class='ocrx_word' id='word_1_508' title='bbox 253 4631 300 4688; x_wconf 91' lang='lat' dir='ltr'>III.</span> <span class='ocrx_word' id='word_1_509' title='bbox 356 4635 397 4688; x_wconf 83' lang='lat' dir='ltr'>De</span> <span class='ocrx_word' id='word_1_510' title='bbox 410 4631 490 4687; x_wconf 85' lang='lat' dir='ltr'>steltu</span> <span class='ocrx_word' id='word_1_511' title='bbox 504 4639 613 4700; x_wconf 74' lang='lat' dir='ltr'>amice,</span> <span class='ocrx_word' id='word_1_512' title='bbox 629 4647 692 4704; x_wconf 77' lang='lat' dir='ltr'>quae</span> <span class='ocrx_word' id='word_1_513' title='bbox 705 4649 840 4705; x_wconf 83' lang='lat' dir='ltr'>apparens</span> <span class='ocrx_word' id='word_1_514' title='bbox 852 4634 975 4707; x_wconf 83' lang='lat' dir='ltr'>plurium</span> <span class='ocrx_word' id='word_1_515' title='bbox 987 4634 1135 4707; x_wconf 83' lang='lat' dir='ltr'>portendit.</span> 
     </span>
    </p>

    <p class='ocr_par' dir='ltr' id='par_1_8' title="bbox 253 4703 983 4763">
     <span class='ocr_line' id='line_1_47' title="bbox 253 4703 983 4763; baseline 0.001 -3"><span class='ocrx_word' id='word_1_516' title='bbox 253 4703 297 4760; x_wconf 94' lang='lat' dir='ltr'>IV.</span> <span class='ocrx_word' id='word_1_517' title='bbox 356 4706 397 4759; x_wconf 83' lang='lat' dir='ltr'>De</span> <span class='ocrx_word' id='word_1_518' title='bbox 411 4704 587 4759; x_wconf 81' lang='lat' dir='ltr'>innovatione</span> <span class='ocrx_word' id='word_1_519' title='bbox 598 4704 782 4760; x_wconf 66' lang='lat' dir='ltr'>detestatum</span> <span class='ocrx_word' id='word_1_520' title='bbox 796 4706 826 4761; x_wconf 88' lang='lat' dir='ltr'>in</span> <span class='ocrx_word' id='word_1_521' title='bbox 841 4710 897 4763; x_wconf 89' lang='lat' dir='ltr'>tota</span> <span class='ocrx_word' id='word_1_522' title='bbox 910 4706 983 4763; x_wconf 82' lang='lat' dir='ltr'>orte.</span> 
     </span>
    </p>

    <p class='ocr_par' dir='ltr' id='par_1_9' title="bbox 251 4758 1551 4993">
     <span class='ocr_line' id='line_1_48' title="bbox 252 4758 1528 4846; baseline 0.003 -17"><span class='ocrx_word' id='word_1_523' title='bbox 252 4774 286 4831; x_wconf 89' lang='lat' dir='ltr'>v.</span> <span class='ocrx_word' id='word_1_524' title='bbox 359 4773 772 4846; x_wconf 56' lang='lat' dir='ltr'>remansissemus</span> <span class='ocrx_word' id='word_1_525' title='bbox 787 4775 884 4833; x_wconf 73' lang='lat' dir='ltr'>renea</span> <span class='ocrx_word' id='word_1_526' title='bbox 902 4777 1161 4845; x_wconf 75' lang='lat' dir='ltr'>vstmmaavvau,</span> <span class='ocrx_word' id='word_1_527' title='bbox 1176 4777 1218 4834; x_wconf 73' lang='lat' dir='ltr'>aa</span> <span class='ocrx_word' id='word_1_528' title='bbox 1233 4777 1376 4835; x_wconf 78' lang='lat' dir='ltr'>institutis.</span> <span class='ocrx_word' id='word_1_529' title='bbox 1501 4758 1528 4805; x_wconf 79' lang='lat'><em>⁰</em></span> 
     </span>
     <span class='ocr_line' id='line_1_49' title="bbox 251 4846 1551 4921; baseline 0.005 -19"><span class='ocrx_word' id='word_1_530' title='bbox 251 4846 298 4902; x_wconf 88' lang='lat' dir='ltr'>VI.</span> <span class='ocrx_word' id='word_1_531' title='bbox 356 4851 567 4903; x_wconf 67' lang='lat' dir='ltr'>venenatarum</span> <span class='ocrx_word' id='word_1_532' title='bbox 578 4848 740 4919; x_wconf 74' lang='lat' dir='ltr'>pignoribus</span> <span class='ocrx_word' id='word_1_533' title='bbox 754 4847 854 4921; x_wconf 79' lang='lat' dir='ltr'>ubique</span> <span class='ocrx_word' id='word_1_534' title='bbox 869 4848 1004 4906; x_wconf 85' lang='lat' dir='ltr'>reveletis.</span> <span class='ocrx_word' id='word_1_535' title='bbox 1549 4877 1551 4881; x_wconf 95' lang='lat'>·</span> 
     </span>
     <span class='ocr_line' id='line_1_50' title="bbox 251 4917 1231 4993; baseline 0.004 -20"><span class='ocrx_word' id='word_1_536' title='bbox 251 4917 312 4974; x_wconf 92' lang='lat' dir='ltr'>VII.</span> <span class='ocrx_word' id='word_1_537' title='bbox 351 4918 389 4975; x_wconf 77' lang='lat' dir='ltr'>Ite</span> <span class='ocrx_word' id='word_1_538' title='bbox 402 4918 540 4974; x_wconf 73' lang='lat' dir='ltr'>evasione</span> <span class='ocrx_word' id='word_1_539' title='bbox 553 4917 648 4990; x_wconf 79' lang='lat' dir='ltr'>ternpti</span> <span class='ocrx_word' id='word_1_540' title='bbox 663 4919 922 4993; x_wconf 78' lang='lat' dir='ltr'>Hierosolymorum,</span> <span class='ocrx_word' id='word_1_541' title='bbox 936 4927 963 4978; x_wconf 89' lang='lat' dir='ltr'>et</span> <span class='ocrx_word' id='word_1_542' title='bbox 975 4919 1048 4978; x_wconf 74' lang='lat' dir='ltr'>caede</span> <span class='ocrx_word' id='word_1_543' title='bbox 1062 4918 1231 4978; x_wconf 56' lang='lat' dir='ltr'>tatarorum.</span> 
     </span>
    </p>

    <p class='ocr_par' dir='ltr' id='par_1_10' title="bbox 250 4988 897 5064">
     <span class='ocr_line' id='line_1_51' title="bbox 250 4988 897 5064; baseline 0.005 -21"><span class='ocrx_word' id='word_1_544' title='bbox 250 4988 324 5046; x_wconf 87' lang='lat' dir='ltr'>VIII.</span> <span class='ocrx_word' id='word_1_545' title='bbox 345 4991 382 5047; x_wconf 81' lang='lat' dir='ltr'>De</span> <span class='ocrx_word' id='word_1_546' title='bbox 397 4988 503 5047; x_wconf 75' lang='lat' dir='ltr'>herese</span> <span class='ocrx_word' id='word_1_547' title='bbox 515 4988 590 5060; x_wconf 86' lang='lat' dir='ltr'>opud</span> <span class='ocrx_word' id='word_1_548' title='bbox 602 4988 765 5048; x_wconf 78' lang='lat' dir='ltr'>Aurelianos</span> <span class='ocrx_word' id='word_1_549' title='bbox 779 4999 897 5064; x_wconf 86' lang='lat' dir='ltr'>reperta.</span> 
     </span>
    </p>

    <p class='ocr_par' dir='ltr' id='par_1_11' title="bbox 251 5059 699 5133">
     <span class='ocr_line' id='line_1_52' title="bbox 251 5059 699 5133; baseline -0.002 -15"><span class='ocrx_word' id='word_1_550' title='bbox 251 5059 297 5119; x_wconf 89' lang='lat' dir='ltr'>lx.</span> <span class='ocrx_word' id='word_1_551' title='bbox 352 5061 390 5117; x_wconf 81' lang='lat' dir='ltr'>De</span> <span class='ocrx_word' id='word_1_552' title='bbox 403 5060 470 5132; x_wconf 69' lang='lat' dir='ltr'>filiis</span> <span class='ocrx_word' id='word_1_553' title='bbox 483 5061 557 5131; x_wconf 75' lang='lat' dir='ltr'>regis</span> <span class='ocrx_word' id='word_1_554' title='bbox 570 5059 699 5133; x_wconf 64' lang='lat' dir='ltr'>ciuem</span> 
     </span>
    </p>
   </div>
   <div class='ocr_carea' id='block_1_6' title="bbox 108 5246 1800 5603">
    <p class='ocr_par' dir='ltr' id='par_1_12' title="bbox 423 5246 1797 5332">
     <span class='ocr_line' id='line_1_53' title="bbox 423 5246 1797 5332; baseline 0.002 -19"><span class='ocrx_word' id='word_1_555' title='bbox 423 5255 622 5313; x_wconf 77' lang='lat' dir='ltr'>PHAEHATIO.</span> <span class='ocrx_word' id='word_1_556' title='bbox 947 5264 972 5329; x_wconf 73' lang='grc' dir='ltr'>Β</span> <span class='ocrx_word' id='word_1_557' title='bbox 988 5259 1067 5318; x_wconf 88' lang='lat' dir='ltr'>tertii</span> <span class='ocrx_word' id='word_1_558' title='bbox 1081 5274 1236 5315; x_wconf 88' lang='lat' dir='ltr'>sumamus</span> <span class='ocrx_word' id='word_1_559' title='bbox 1260 5257 1419 5316; x_wconf 88' lang='lat' dir='ltr'>incitamen</span> <span class='ocrx_word' id='word_1_560' title='bbox 1443 5258 1535 5331; x_wconf 78' lang='lat' dir='ltr'>huius</span> <span class='ocrx_word' id='word_1_561' title='bbox 1549 5256 1648 5332; x_wconf 83' lang='lat' dir='ltr'>operis</span> <span class='ocrx_word' id='word_1_562' title='bbox 1662 5246 1797 5316; x_wconf 65' lang='lat' dir='ltr'>imitata</span> 
     </span>
    </p>

    <p class='ocr_par' dir='ltr' id='par_1_13' title="bbox 108 5341 1800 5603">
     <span class='ocr_line' id='line_1_54' title="bbox 144 5341 1799 5423; baseline 0.005 -24"><span class='ocrx_word' id='word_1_563' title='bbox 144 5342 228 5399; x_wconf 89' lang='lat' dir='ltr'>Nunc</span> <span class='ocrx_word' id='word_1_564' title='bbox 239 5341 485 5416; x_wconf 87' lang='lat' dir='ltr'>igitur,quoniam</span> <span class='ocrx_word' id='word_1_565' title='bbox 496 5344 533 5401; x_wconf 91' lang='lat' dir='ltr'>de</span> <span class='ocrx_word' id='word_1_566' title='bbox 543 5345 673 5418; x_wconf 89' lang='lat' dir='ltr'>priorum</span> <span class='ocrx_word' id='word_1_567' title='bbox 684 5345 775 5420; x_wconf 87' lang='lat' dir='ltr'>gestis</span> <span class='ocrx_word' id='word_1_568' title='bbox 784 5346 883 5422; x_wconf 90' lang='lat' dir='ltr'>aliqua</span> <span class='ocrx_word' id='word_1_569' title='bbox 893 5366 936 5406; x_wconf 89' lang='lat' dir='ltr'>re·</span> <span class='ocrx_word' id='word_1_570' title='bbox 989 5353 1099 5418; x_wconf 74' lang='lat' dir='ltr'>amem,</span> <span class='ocrx_word' id='word_1_571' title='bbox 1116 5347 1301 5418; x_wconf 83' lang='lat' dir='ltr'>utdiximus,</span> <span class='ocrx_word' id='word_1_572' title='bbox 1318 5347 1502 5420; x_wconf 86' lang='lat' dir='ltr'>Imminente,</span> <span class='ocrx_word' id='word_1_573' title='bbox 1517 5347 1651 5423; x_wconf 82' lang='lat' dir='ltr'>privatus</span> <span class='ocrx_word' id='word_1_574' title='bbox 1676 5350 1722 5407; x_wconf 82' lang='lat' dir='ltr'>eet</span> <span class='ocrx_word' id='word_1_575' title='bbox 1742 5348 1799 5423; x_wconf 66' lang='lat' dir='ltr'>&#39;pell</span> 
     </span>
     <span class='ocr_line' id='line_1_55' title="bbox 108 5426 1799 5511; baseline 0.002 -22"><span class='ocrx_word' id='word_1_576' title='bbox 108 5432 244 5502; x_wconf 88' lang='lat' dir='ltr'>tulimus,</span> <span class='ocrx_word' id='word_1_577' title='bbox 254 5435 290 5490; x_wconf 90' lang='lat' dir='ltr'>ab</span> <span class='ocrx_word' id='word_1_578' title='bbox 306 5431 356 5490; x_wconf 91' lang='lat' dir='ltr'>illo</span> <span class='ocrx_word' id='word_1_579' title='bbox 370 5426 401 5489; x_wconf 84' lang='lat' dir='ltr'>et&#39;</span> <span class='ocrx_word' id='word_1_580' title='bbox 412 5433 498 5501; x_wconf 86' lang='lat' dir='ltr'>intra,</span> <span class='ocrx_word' id='word_1_581' title='bbox 513 5437 546 5489; x_wconf 91' lang='lat' dir='ltr'>ut</span> <span class='ocrx_word' id='word_1_582' title='bbox 560 5435 783 5510; x_wconf 83' lang='lat' dir='ltr'>spopondimus,</span> <span class='ocrx_word' id='word_1_583' title='bbox 799 5453 876 5495; x_wconf 91' lang='lat' dir='ltr'>anno</span> <span class='ocrx_word' id='word_1_584' title='bbox 891 5439 934 5495; x_wconf 88' lang='lat' dir='ltr'>vi·</span> <span class='ocrx_word' id='word_1_585' title='bbox 989 5437 1069 5496; x_wconf 90' lang='lat' dir='ltr'>orbis</span> <span class='ocrx_word' id='word_1_586' title='bbox 1083 5436 1237 5494; x_wconf 87' lang='lat' dir='ltr'>universus</span> <span class='ocrx_word' id='word_1_587' title='bbox 1252 5436 1386 5510; x_wconf 86' lang='lat' dir='ltr'>personis</span> <span class='ocrx_word' id='word_1_588' title='bbox 1409 5440 1438 5494; x_wconf 91' lang='lat' dir='ltr'>et</span> <span class='ocrx_word' id='word_1_589' title='bbox 1452 5435 1599 5511; x_wconf 89' lang='lat' dir='ltr'>religiosis</span> <span class='ocrx_word' id='word_1_590' title='bbox 1612 5440 1644 5495; x_wconf 87' lang='lat' dir='ltr'>st</span> <span class='ocrx_word' id='word_1_591' title='bbox 1657 5434 1799 5497; x_wconf 73' lang='lat' dir='ltr'>nauffinna·</span> 
     </span>
     <span class='ocr_line' id='line_1_56' title="bbox 109 5519 1800 5603; baseline 0 -18"><span class='ocrx_word' id='word_1_592' title='bbox 109 5520 212 5585; x_wconf 87' lang='lat' dir='ltr'>delicet</span> <span class='ocrx_word' id='word_1_593' title='bbox 240 5519 398 5582; x_wconf 86' lang='lat' dir='ltr'>millesimo</span> <span class='ocrx_word' id='word_1_594' title='bbox 422 5521 483 5583; x_wconf 89' lang='lat' dir='ltr'>nati</span> <span class='ocrx_word' id='word_1_595' title='bbox 510 5526 615 5584; x_wconf 87' lang='lat' dir='ltr'>cunata</span> <span class='ocrx_word' id='word_1_596' title='bbox 637 5523 811 5585; x_wconf 72' lang='lat' dir='ltr'>dvisscantis</span> <span class='ocrx_word' id='word_1_597' title='bbox 835 5527 932 5600; x_wconf 88' lang='lat' dir='ltr'>Verbi,</span> <span class='ocrx_word' id='word_1_598' title='bbox 988 5528 1125 5586; x_wconf 80' lang='lat' dir='ltr'>claruere</span> <span class='ocrx_word' id='word_1_599' title='bbox 1138 5529 1237 5584; x_wconf 89' lang='lat' dir='ltr'>tamen</span> <span class='ocrx_word' id='word_1_600' title='bbox 1251 5526 1288 5583; x_wconf 94' lang='lat' dir='ltr'>ab</span> <span class='ocrx_word' id='word_1_601' title='bbox 1302 5525 1405 5585; x_wconf 89' lang='lat' dir='ltr'>eodem</span> <span class='ocrx_word' id='word_1_602' title='bbox 1421 5525 1616 5598; x_wconf 85' lang='lat' dir='ltr'>onno,tamin</span> <span class='ocrx_word' id='word_1_603' title='bbox 1632 5525 1800 5603; x_wconf 77' lang='lat' dir='ltr'>1tatiaqum</span> 
     </span>
    </p>
   </div>
   <div class='ocr_carea' id='block_1_7' title="bbox 0 0 1946 6084">
    <p class='ocr_par' dir='ltr' id='par_1_14' title="bbox 0 0 1946 6084">
     <span class='ocr_line' id='line_1_57' title="bbox 0 0 1946 6084; baseline 0 3"><span class='ocrx_word' id='word_1_604' title='bbox 0 0 1946 6084; x_wconf 95' lang='lat' dir='ltr'> </span> 
     </span>
    </p>
   </div>
  </div>
 </body>
</html>
