3884 6084
112 247 191 310 1189
784 251 876 330 vira
900 255 933 317 S.
957 249 1151 316 Ubatalul.
1716 266 1819 332 '¹190

109 384 261 457 quondam
275 399 365 457 super
379 401 446 440 eum
463 386 512 457 qui
529 385 657 443 altlictns
668 391 770 455 crat,ct
781 387 937 460 compelle·
951 392 978 458 Α
995 387 1155 458 protulerit,
1181 393 1278 446 tamen
1298 406 1400 447 verum
1426 391 1481 448 luit
1504 396 1582 467 quod
1607 395 1689 454 dixit.
1706 398 1818 458 Cibavit

111 473 199 529 batur
214 474 313 529 anima
327 490 392 529 mea
408 475 624 548 pauperiUndc
634 476 662 531 in
676 476 829 533 resectione
841 475 940 547 quoti·
994 492 1120 548 namque
1133 477 1275 535 Dominus
1292 478 1375 536 illum
1392 498 1467 553 panc
1481 483 1544 538 vitae
1556 488 1585 540 et
1598 485 1773 557 intellectos,
1790 495 1819 546 et

111 562 510 636 dianasemperejusmensae
522 565 674 621 charasibi
684 566 821 621 intererat
834 581 940 638 paupe·
993 581 1070 636 aqua
1085 565 1232 638 sapientiae
1248 569 1387 626 salutaris
1403 572 1513 642 potavit
1528 572 1621 641 illum,
1638 574 1678 631 ita
1694 581 1726 631 ut
1741 584 1819 634 recte

113 651 376 724 rumturba,quam
384 653 494 708 etvictu
503 655 938 725 pavitatindumentisvestivit.
993 668 1061 707 cum
1069 653 1222 711 Psalmista
1233 657 1548 730 possitproclamarect
1557 662 1667 719 dicere:
1678 687 1688 713 ι
1701 665 1819 724 Eructa-

114 740 251 814 Seipsum
267 758 334 797 vero
350 741 442 796 nimia
457 743 653 800 maceratione
672 745 835 818 castigavit,
852 745 893 800 ita
907 748 941 800 ut
992 742 1089 798 vitcor
1102 746 1330 801 meumverbum
1340 746 1461 815 bonum;
1472 749 1633 806 »etiterum
1644 769 1651 807 :
1663 775 1677 803 a
1690 753 1724 808 Et
1733 771 1821 827 pocus

113 832 939 907 carnemnonmanducarct‚etintrinsecussupernudam
993 826 1820 915 lumtuuminebrians,quampraeclarumest‘loVoxpsal-

111 924 209 976 cutem
221 918 335 975 laneam
346 925 455 975 vestem
469 926 597 991 portaret
609 940 616 990 ;
628 921 701 977 illud
711 922 841 993 Apostoli
854 940 940 995 opere
994 919 1098 974 modia
1109 925 1169 975 tam
1183 922 1265 995 jugis
1290 923 1318 978 in
1342 923 1421 981 illius
1446 943 1494 982 ore
1515 927 1639 986 dulciter
1653 932 1817 1002 resonabat,

110 1008 339 1082 proclamans:«
347 1008 463 1081 castigo
473 1016 719 1081 corpusmeumet
729 1011 759 1067 in
771 1012 939 1069 servitutem
994 1010 1099 1063 utnon
1116 1009 1211 1066 solum
1228 1011 1300 1083 ipse,
1316 1014 1367 1068 sed
1384 1018 1412 1070 et
1426 1014 1478 1083 illi,
1496 1017 1546 1088 qui
1563 1034 1627 1074 eam
1643 1018 1719 1076 soliti
1735 1026 1819 1077 erant

114 1097 227 1170 redigo,
243 1114 279 1153 ne
294 1098 376 1167 sorte,
395 1115 461 1153 cum
484 1097 550 1155 aliis
571 1101 798 1171 praedicaverim,
821 1102 884 1173 ipse
899 1117 942 1157 re·
994 1112 1061 1152 cunr
1086 1097 1135 1153 illo
1159 1116 1233 1171 pura
1258 1101 1365 1157 mentis
1386 1102 1548 1161 intentione
1563 1107 1686 1180 cantari,
1704 1114 1818 1166 tantam

113 1187 225 1261 probus
235 1187 357 1243 efficiar.
372 1211 384 1236 »ι
395 1189 428 1242 tlt
439 1193 522 1243 nocte
533 1188 651 1260 quidem
664 1190 693 1244 in
707 1190 836 1245 oratione
850 1190 940 1262 pervi—
994 1187 1090 1242 cordis
1105 1188 1280 1244 munditiam
1296 1207 1330 1246 en
1345 1207 1379 1246 ea
1394 1192 1626 1266 conciperent,ut
1636 1198 1769 1269 quadam
1785 1216 1819 1255 cx

114 1276 167 1350 gil,
192 1275 322 1349 seipsum
349 1277 377 1331 in
404 1293 454 1331 ara
478 1277 575 1333 cordis
600 1295 651 1350 per
677 1279 818 1334 orationis
843 1279 942 1335 stcrdia
995 1275 1169 1333 revelatione
1182 1278 1279 1334 divina
1295 1279 1409 1335 occulta
1432 1290 1649 1355 cognoscerent,
1673 1281 1736 1359 quae
1752 1288 1819 1344 aliis

113 1365 253 1421 mactavit
268 1382 275 1419 :
292 1366 339 1420 die
353 1382 419 1420 vero
429 1383 517 1437 super
528 1366 617 1422 altare
630 1367 774 1423 visibilem
787 1385 819 1423 ac
831 1367 940 1423 saluta·
996 1364 1312 1424 manifestarentUnde
1323 1370 1447 1443 exempli
1460 1388 1549 1427 causa
1559 1374 1693 1445 quaedam
1704 1377 1818 1432 subter-

112 1471 175 1510 rem
192 1453 319 1510 hostiam
336 1454 459 1509 Domino
485 1454 655 1521 immolavit,
672 1473 730 1528 quo
751 1457 815 1528 ejus
830 1456 940 1511 sacriti-
996 1454 1261 1525 notabo,quatenus
1277 1474 1418 1515 veraesse
1438 1462 1646 1533 approbentur,
1664 1481 1727 1536 qua
1742 1464 1817 1520 dico.

114 1543 193 1600 cium
202 1543 608 1616 Redemptoriomniumcssct
618 1549 940 1618 gratnmctaeceptum.
1032 1542 1098 1598 Car.
1116 1543 1176 1599 l'll.
1192 1576 1226 1584 -
1242 1546 1372 1612 Quodam
1382 1551 1512 1620 tempore
1521 1566 1586 1605 cun.
1594 1552 1721 1609 artifices
1731 1552 1820 1609 eccle-

113 1634 167 1691 Dic
183 1650 250 1689 cum
268 1632 381 1688 Martha
393 1632 515 1688 Domino
526 1632 556 1687 in
568 1633 712 1690 membris
723 1634 785 1690 suis
794 1634 942 1690 ministra·
995 1631 1044 1686 sie
1060 1636 1192 1705 cryptam
1204 1634 1233 1688 in
1246 1634 1352 1692 melius
1362 1638 1689 1709 repararevellent,erat¹
1699 1643 1819 1714 quidam

113 1723 167 1778 bat
179 1739 185 1777 :
196 1725 279 1777 nocte
290 1738 357 1777 vero
368 1737 435 1776 eum
448 1721 540 1777 Maria
552 1723 657 1778 sedens
667 1740 751 1778 secus
763 1725 851 1796 pedes
861 1723 941 1794 Jesu,
957 1767 980 1832 B
996 1719 1130 1789 clericus,
1148 1723 1266 1779 nomine
1286 1725 1474 1794 flambertus,
1491 1729 1585 1784 sancti
1599 1731 1653 1786 viri
1679 1731 1819 1804 obsequio

114 1810 379 1867 audiebatverbum
390 1808 578 1877 illins,seiens
589 1811 941 1884 scriptum:«0aiappro·
994 1808 1176 1866 deditusllic
1190 1813 1317 1884 quadam
1334 1815 1381 1870 die
1391 1813 1421 1870 in
1437 1832 1557 1874 excessu
1570 1819 1677 1876 mentis
1688 1821 1819 1890 allectus,

114 1901 260 1973 pinquant
275 1899 628 1971 pedibusejns‚accipient
638 1901 672 1955 de
683 1900 913 1956 doctrinaillius.
925 1923 939 1950 n
993 1898 1149 1954 videbatur
1163 1899 1218 1955 sibi
1235 1902 1634 1979 cumdominosuoepiscopo
1644 1906 1729 1962 solito
1740 1924 1820 1964 more

112 1991 183 2046 Erat
197 1989 222 2045 ei
236 1987 376 2044 solemnis
386 1988 648 2061 consuetudo,post
659 1989 887 2063 Complatorium
900 1988 941 2044 nil
994 1988 1125 2059 psalmos
1139 2006 1253 2062 canere,
1268 2007 1321 2046 nec
1337 2009 1393 2048 non
1404 1993 1820 2068 Adalberonemquondam,ut

112 2079 172 2136 cibi
194 2082 245 2134 aut
270 2081 356 2150 potus
382 2095 508 2147 sumere,
538 2077 655 2134 silentio
680 2080 815 2147 studere;
832 2079 941 2135 sciebat
995 2093 1084 2147 supra
1094 2077 1405 2151 cliximus,pontillcem
1421 2082 1457 2137 ad
1474 2082 1675 2154 aquilonarem
1686 2085 1819 2157 ejusdem

112 2169 227 2224 enirna
251 2166 374 2223 Domino
391 2167 502 2221 dictum
520 2184 526 2221 ε
545 2189 558 2217 «
577 2167 616 2222 Ex
632 2169 728 2224 verbis
749 2168 807 2224 tuis
830 2168 941 2239 justifi—
995 2171 1101 2238 crypta
1125 2166 1253 2240 plagam,
1275 2170 1505 2226 sacerdotalibus
1530 2171 1665 2228 indutum
1688 2174 1820 2231 vestibus

113 2257 239 2324 caberis,
264 2259 293 2311 et
316 2272 351 2312 ex
374 2255 470 2311 verbis
490 2256 549 2311 tuis
565 2257 815 2312 condemnaberis.
831 2281 843 2305 »
862 2257 941 2313 Unde

111 2345 226 2420 jugiter
240 2363 257 2400 a
272 2345 395 2400 Domino
412 2344 594 2417 postulabat:
608 2346 721 2411 «Pone,
742 2345 874 2414 Domine,
891 2362 940 2400 cu·

115 2435 243 2491 stodiam
259 2433 300 2489 ori
322 2450 397 2498 meo,
419 2437 448 2488 et
473 2433 581 2490 ostium
606 2433 830 2489 circumstantia
855 2433 941 2490 labiis

116 2525 201 2581 meis.
219 2523 305 2579 »Sed
330 2524 355 2579 si
380 2523 497 2594 quando
524 2523 688 2579 necessario
713 2522 941 2596 alloquendum

116 2615 249 2681 luit,erat
264 2611 343 2666 illius
360 2629 455 2667 sermo
472 2612 621 2684 sapientiae
642 2612 702 2669 sale
718 2614 861 2682 conditus,
879 2630 942 2669 mo·

116 2704 231 2768 destus,
248 2701 369 2757 humilis
384 2705 412 2756 et
427 2701 462 2756 ad
487 2702 708 2772 persuasionem
732 2702 824 2768 utilis,
845 2708 883 2767 ct,
909 2707 943 2758 ut

117 2781 241 2865 quidam
257 2791 379 2862 Sapiens
393 2790 463 2845 dicit
476 2809 482 2846 :
495 2790 525 2845 ln
538 2807 672 2846 sermone
684 2791 900 2864 pondus,atquc
912 2793 942 2846 in

115 2881 215 2939 verbis
230 2882 345 2936 modus.
358 2881 479 2947 Quando
494 2897 561 2935 vero
579 2881 712 2935 membra
724 2880 752 2935 in
764 2880 814 2936 Dei
825 2880 942 2936 servitio

116 2969 240 3044 fatigata
254 2985 371 3026 necesse
388 2968 490 3023 hahuit
505 2969 602 3039 quiete
618 2968 718 3040 aliqua
733 2985 942 3036 recremanda

996 2272 1085 2326 propo
1100 2256 1248 2325 assistere,
1264 2258 1390 2330 sibique,
1405 2264 1438 2314 ut
1454 2260 1488 2315 ad
1505 2276 1536 2315 se
1550 2261 1672 2330 veniret,
1686 2261 1818 2318 innuere.

995 2345 1031 2398 At
1046 2342 1094 2398 ille
1110 2349 1208 2400 mente
1224 2346 1421 2417 perculsus,ac
1434 2347 1510 2404 inter
1523 2348 1620 2404 vitum
1631 2355 1660 2406 ct
1670 2356 1819 2408 mortuum

996 2432 1065 2504 quid
1082 2438 1179 2505 ageret
1194 2435 1302 2491 dubius
1318 2439 1346 2491 et
1362 2453 1479 2509 anceps,
1496 2438 1614 2496 tandem
1636 2438 1819 2496 invisentem

997 2538 1105 2594 pavens
1120 2524 1185 2595 figit
1201 2524 1331 2592 obtutus,
1348 2525 1427 2581 velut
1440 2526 1593 2584 sciscitans
1605 2529 1675 2601 quid
1690 2534 1768 2585 esset
1778 2530 1819 2586 la·

995 2616 1108 2666 cturus
1135 2613 1216 2667 Tunc
1241 2615 1398 2687 episeopus
1415 2632 1421 2670 :
1439 2620 1471 2670 ut
1494 2616 1576 2687 quid,
1603 2617 1654 2683 ait,
1670 2618 1712 2673 sic
1727 2617 1756 2673 in
1773 2634 1819 2674 me

996 2699 1097 2756 oculos
1110 2701 1232 2773 defigis?
1246 2702 1297 2757 Cui
1313 2702 1362 2758 ille
1377 2705 1537 2775 respondit,
1553 2705 1654 2761 dicens
1664 2723 1673 2760 :
1684 2705 1758 2762 Ecce
1772 2706 1820 2761 do-
1844 2731 1851 2748 ·

997 2790 1095 2844 minus
1122 2805 1206 2844 meus
1229 2790 1371 2847 Adalbero
1387 2792 1542 2864 episcopus
1555 2793 1591 2849 ad
1611 2792 1818 2851 celebrandum

997 2877 1129 2933 divinum
1150 2879 1323 2950 mysterium
1353 2884 1473 2951 paratus
1501 2885 1586 2949 astat,
1612 2885 1642 2937 et
1664 2899 1709 2939 me
1736 2883 1819 2939 adse

995 2964 1145 3021 vocat.Cui
1159 2965 1314 3038 episcopus
1329 2983 1335 3021 ι
1350 2967 1478 3036 Festina,
1503 2969 1609 3042 inquit,
1626 2970 1681 3039 ire,
1696 2973 1819 3044 ejusque

114 3059 210 3116 hocin
225 3056 585 3131 plumardmmollitie,sed
597 3056 792 3128 subterposito
803 3058 941 3130 psiathio,
993 3054 1087 3127 jussis
1103 3054 1132 3110 in
1149 3054 1286 3110 omnibus
1307 3055 1434 3112 obedire.
1464 3057 1517 3121 Qui
1542 3075 1610 3114 mox
1637 3064 1670 3115 ut
1698 3061 1819 3133 propius

116 3152 215 3221 tapete
228 3146 273 3203 vel
288 3163 475 3220 sago,parum
500 3145 550 3219 qui
577 3146 746 3219 indulgebat
767 3164 879 3204 somno.
897 3150 941 3217 st,
957 3132 979 3199 C
997 3143 1129 3212 occessit,
1146 3143 1206 3199 hac
1221 3145 1257 3199 ab
1272 3161 1306 3200 eo
1321 3145 1433 3201 audivit
1448 3163 1454 3200 :
1471 3146 1686 3215 Rambertedic
1700 3149 1820 3206 domino

117 3241 154 3294 ut
167 3235 318 3293 brevitatis
334 3235 508 3306 compendio
533 3240 606 3301 utar,
627 3234 669 3290 sic
684 3236 811 3293 caterius
825 3239 945 3310 gerebat
998 3233 1132 3305 tuoquia
1148 3250 1287 3307 magnum
1298 3251 1314 3288 a
1325 3234 1448 3290 Domino
1460 3236 1623 3292 mercedem
1638 3237 1758 3294 habebit
1768 3255 1819 3312 pro

118 3326 249 3384 officium
266 3324 437 3391 sacerdotis,
454 3329 487 3378 ut
503 3323 625 3380 interius
642 3342 698 3380 non
716 3327 862 3383 omitteret
876 3327 943 3383 reli·
998 3322 1181 3379 orationibus
1195 3340 1227 3378 ac
1251 3322 1442 3397 eleemosynis
1465 3341 1539 3396 quas
1563 3342 1615 3398 pro
1631 3342 1678 3382 me
1697 3326 1822 3384 fideliter
1882 3380 1886 3386 ,

117 3416 236 3489 monem
265 3413 431 3470 monastiea
456 3414 694 3470 conversationis.
722 3416 790 3471 Erat
815 3417 943 3472 ctiamei
997 3411 1138 3468 exhibuit.
1154 3413 1188 3467 Et
1203 3412 1257 3468 hoc
1280 3413 1339 3468 sibl
1364 3412 1402 3468 sit
1425 3413 1454 3469 in
1478 3413 1607 3487 signum,
1630 3417 1707 3488 quod
1724 3421 1821 3490 egoet

118 3505 270 3560 moderata
283 3502 415 3558 ciborum
433 3503 568 3575 parcitas,
586 3520 618 3558 ac
644 3504 764 3575 quidam
785 3505 943 3578 singularis
999 3502 1175 3557 Fortunatus
1189 3500 1218 3555 in
1244 3501 1374 3574 proxima
1398 3519 1479 3559 omna
1501 3503 1628 3572 Domini,
1645 3505 1821 3562 concedente
1901 3492 1906 3499 ⁸

117 3592 303 3650 abstinentie
319 3592 496 3664 modusque
507 3591 619 3647 solebat
628 3591 763 3665 religiosa
772 3598 833 3651 arte
843 3610 943 3650 secum

117 3681 305 3739 convivantes
320 3680 654 3753 circumveniresapius
666 3683 745 3738 enim
757 3683 943 3754 sperantibus

119 3772 200 3845 quod
216 3787 283 3826 cum
298 3769 358 3825 illis
374 3770 573 3835 manducaret,
590 3769 653 3841 ipsc
667 3769 764 3826 ablata
780 3771 943 3828 carnalium

116 3860 274 3936 epularum
301 3877 402 3915 mensa
423 3874 548 3932 surgens
565 3860 600 3913 ad
628 3859 782 3916 ecclesiam
807 3861 941 3933 perrexit,

117 3951 277 4008 missarum
294 3948 437 4005 solemnia
452 3948 616 4005 celebravit.
629 3949 710 4005 Unde
734 3949 841 4016 adhuc,
858 3951 943 4024 quasi

116 4039 227 4096 recenti
240 4040 278 4094 sit
293 4043 390 4094 actum
407 4037 559 4105 memoria,
576 4054 625 4094 ore
641 4037 801 4094 multorum
821 4039 944 4097 retertur

116 4129 197 4202 quod
213 4129 284 4184 dum
300 4128 427 4201 quadum
443 4127 490 4183 die
504 4127 567 4201 ipse
582 4128 766 4184 venerandus
781 4128 864 4185 Pater
876 4146 942 4185 cum

117 4218 254 4275 Cunrado
279 4218 349 4273 dive
375 4217 521 4272 memoria
550 4216 781 4274 constantiensis
810 4216 943 4274 Ecclesia

998 3590 1066 3656 Deo,
1084 3595 1303 3647 sacrosanctum
1325 3590 1456 3647 chrisma
1470 3609 1539 3648 cum
1565 3592 1613 3650 illo
1629 3594 1822 3650 sanctificabi-

998 3679 1202 3752 mus.lnsuper
1214 3679 1365 3737 edificatio
1375 3681 1461 3737 istius
1473 3687 1577 3755 crypta
1593 3687 1659 3739 ruet
1668 3682 1819 3740 citissimo.

998 3769 1176 3842 lpseautcm
1203 3774 1321 3842 propter
1344 3769 1399 3826 hoc
1424 3771 1460 3826 ab
1486 3771 1601 3845 incepto
1626 3789 1684 3828 non
1700 3772 1823 3829 desistat

997 3875 1093 3929 opere,
1108 3856 1180 3930 quin
1195 3857 1268 3913 illud
1285 3858 1465 3915 firmioribus
1490 3861 1606 3916 studeat
1622 3861 1821 3918 fundamentis

997 3946 1137 4003 stabilire.
1155 3947 1268 4002 Fratres
1292 3963 1408 4018 quoquc
1430 3948 1588 4004 admonere
1615 3952 1726 4016 curato,
1751 3949 1821 4021 quia

998 4035 1154 4104 orationes,
1172 4051 1245 4106 quas
1270 4052 1325 4090 sua
1351 4040 1454 4106 sponte
1482 4052 1513 4091 se
1539 4037 1667 4092 tacturos
1694 4052 1747 4109 pro
1773 4054 1821 4094 me

997 4124 1434 4197 spoponderunt,nequaquam,
1452 4124 1528 4181 sicut
1543 4125 1748 4197 promiserant,
1763 4125 1821 4181 im-

997 4213 1157 4287 pleverunt.
1175 4214 1210 4268 Et
1225 4213 1281 4268 nisi
1296 4212 1349 4269 hoc
1365 4213 1531 4269 studuerint
1545 4215 1710 4285 emendare,
1726 4213 1822 4272 sciant

116 4308 255 4381 episeopo
270 4306 306 4362 ad
319 4305 476 4378 prandium
502 4306 579 4378 apud
603 4310 734 4361 sanctam
749 4307 848 4362 Alram
865 4323 943 4362 mar·
997 4319 1028 4359 se
1057 4307 1174 4376 proptor
1201 4301 1256 4358 boc
1286 4301 1316 4357 in
1346 4308 1504 4375 conspectu
1534 4301 1649 4359 Domini
1678 4303 1820 4360 rationem

115 4400 211 4470 tyrem
236 4395 428 4465 consedisset,
446 4399 600 4467 postquam
616 4397 799 4467 consumptis
819 4396 891 4452 cibis
907 4396 943 4452 ab
997 4391 1164 4447 reddituros
1187 4407 1261 4447 esse.
1280 4390 1439 4464 Episcopus
1455 4395 1552 4447 autem
1569 4408 1586 4446 a
1602 4390 1717 4447 civitate
1743 4391 1823 4464 regia

116 4486 252 4557 utrisque
264 4485 427 4541 discessum
444 4484 635 4556 est,quadam
652 4501 739 4541 causa
752 4485 873 4550 exstitit,
886 4503 981 4568 qual)
997 4485 1144 4536 revertens
1157 4481 1235 4552 (nam
1251 4485 1320 4535 tunc
1345 4480 1485 4553 temporis
1509 4481 1548 4537 ibi
1573 4480 1764 4551 morabatur),
1781 4480 1823 4535 ita

117 4573 275 4649 praedictus
290 4574 418 4646 pontifex
434 4572 577 4628 advirum
594 4572 643 4628 Dei
654 4571 769 4628 mittere
780 4574 939 4631 debuisset.
996 4570 1032 4626 dc
1047 4573 1147 4642 crypta
1171 4568 1328 4641 contigisse
1352 4568 1468 4641 reperit,
1494 4568 1581 4625 sicuti
1598 4556 1657 4642 'per
1678 4568 1822 4626 visionem

116 4665 161 4720 ad
177 4680 266 4736 quem
282 4680 350 4719 cum
365 4662 480 4734 legatus
496 4662 591 4734 ipsius
606 4661 861 4727 venisset,invenit
875 4680 942 4720 eum
997 4659 1153 4714 Ramberto
1169 4662 1321 4713 ostensum
1332 4657 1482 4713 luit'lcinc
1495 4657 1542 4714 ille
1552 4657 1711 4731 impatiens
1722 4673 1820 4726 morae,

116 4769 201 4810 sacro
217 4750 302 4807 altari
318 4756 474 4818 astantem,
498 4768 530 4806 ac
550 4750 708 4806 salutarem
735 4750 862 4808 bostiam
886 4754 943 4808 Do·
999 4765 1056 4803 non
1071 4751 1156 4802 antea
1171 4764 1188 4802 a
1202 4745 1301 4802 labore
1316 4747 1544 4819 cessavit,quam
1558 4747 1658 4803 omnia
1675 4747 1705 4800 in
1721 4744 1821 4801 melio·

116 4841 199 4898 mino
214 4841 426 4898 immolantem.
444 4841 504 4906 Quo
527 4843 643 4912 peracto
668 4843 805 4895 nuntium
821 4840 941 4910 audivit,
997 4852 1059 4893 rem
1075 4839 1184 4891 statum
1208 4839 1382 4908 reparasset.
1396 4837 1502 4891 lterum
1518 4835 1576 4892 alia
1589 4835 1650 4890 viee
1666 4851 1732 4890 cum
1749 4851 1822 4907 pra-

116 4935 207 5003 otque
218 4931 385 4987 absolutum
393 4929 486 4986 redire
495 4928 692 4985 addominum
703 4945 790 4983 suum
800 4930 941 5001 permisit.
998 4926 1093 4981 dictus
1111 4924 1541 4996 Rambertusyuxtamorempn
1552 4923 1658 4996 oppido
1674 4922 1823 4996 Vuaringa

115 5023 249 5093 Cumque
261 5037 394 5076 reversus
405 5018 800 5092 interrogareturcurtandiu
813 5024 943 5074 moratus
998 5032 1064 5070 cum
1091 5017 1191 5069 sancto
1223 5013 1284 5068 viro
1313 5012 1508 5085 psalmodiam
1531 5012 1711 5077 decantaret,
1736 5009 1824 5084 coepit

116 5109 387 5182 luisset,respondit
402 5109 472 5181 quia
483 5108 578 5163 virum
590 5107 639 5163 Dei
651 5106 753 5163 tandiu
765 5113 944 5181 exspeectas·
997 5107 1107 5159 terrore
1121 5101 1213 5157 nimio
1228 5102 1390 5168 concuti,ac
1401 5100 1514 5158 redenis
1525 5099 1619 5156 oculis
1628 5099 1686 5156 Deo
1698 5098 1821 5173 dignum

114 5203 159 5255 set
166 5198 259 5254 donec
267 5203 311 5254 ter
324 5198 484 5254 missarum
507 5195 650 5252 solemnia
664 5197 833 5269 peregisset.
848 5199 884 5253 at
895 5196 943 5253 illo
998 5190 1158 5248 antistitem
1174 5190 1291 5246 intueri.
1307 5194 1331 5246 A
1354 5207 1412 5263 quo
1432 5188 1592 5265 inquisitus
1608 5189 1750 5262 quidnam
1766 5187 1822 5245 sibi

112 5287 213 5360 ipsum
228 5287 350 5343 verbum
373 5289 409 5344 ab
435 5284 515 5342 illius
539 5301 588 5342 ore
603 5285 942 5357 arripiens:blissarum,
997 5286 1084 5347 esset,
1101 5277 1250 5353 respondit
1270 5280 1416 5336 seniorem
1440 5296 1528 5336 suum
1551 5279 1754 5336 Adalberoueu
1773 5296 1821 5335 eo·

114 5376 372 5450 inquit,solemnia
385 5374 562 5432 celebravit?
574 5375 655 5431 Tunc
668 5376 753 5446 quasi
764 5374 943 5432 subridendo
997 5372 1075 5438 dem,
1092 5386 1149 5443 quo
1162 5373 1191 5425 ct
1205 5372 1282 5436 ante,
1302 5374 1437 5442 paratum
1453 5385 1484 5426 se
1500 5370 1607 5437 videre,
1621 5369 1737 5442 sibique
1752 5384 1822 5440 pra-

117 5466 202 5523 intuli
209 5471 234 5522 t:
247 5467 280 5521 ba
292 5484 356 5520 vere
372 5464 471 5521 nullus
483 5464 529 5520 illo
541 5464 668 5520 saturior
678 5465 713 5520 ad
726 5480 858 5520 mensam
870 5462 942 5520 alta·
997 5461 1102 5533 cipere,
1119 5463 1152 5514 ut
1176 5456 1218 5512 illi
1242 5458 1317 5513 sacri
1342 5459 1442 5515 altaris
1472 5457 1643 5532 mysterium
1664 5455 1820 5513 celebranti

116 5555 159 5615 ris
172 5554 258 5615 hodie
279 5554 410 5622 accessit.
437 5554 493 5613 Sed
516 5556 616 5611 utrum
636 5553 714 5627 joco,
739 5568 776 5613 aa
797 5552 872 5614 serio
888 5553 942 5615 hoc
997 5550 1128 5624 assistat,
1145 5546 1298 5627 solitaque
1327 5548 1478 5617 servitutis
1504 5548 1635 5611 crucium
1657 5543 1820 5624 impendat,
