3900 6098
56 300 121 381 831
839 296 1031 369 meaturi.
1739 309 1801 381 882

63 434 189 493 storiam
202 432 350 510 vulgatam
363 432 559 507 cremitae‚qui
576 427 654 487 huic
669 427 847 486 institutioni
862 432 947 499 oet
963 430 1090 491 Oditonia
1108 439 1227 508 paterno
1256 439 1372 514 imperio
1401 441 1529 502 obediens
1568 442 1687 522 scripsit
1713 455 1802 523 Syrus
1860 448 1863 453 ’

63 525 216 581 casionem
232 526 389 598 prebuisse
407 525 524 580 dicitur.
541 523 624 578 Eum
641 533 710 574 vero
724 516 906 574 inhabitasse
963 522 1139 580 monachus
1157 527 1268 586 Cetera
1282 529 1457 599 omittimus,
1472 539 1504 591 ut
1529 536 1664 595 dicamus
1687 538 1801 612 aliquid

62 613 170 673 scribit
179 631 309 670 eremum
321 616 404 686 juxta
418 617 547 671 montem
562 605 686 668 AEthnae
715 624 766 664 seu
781 606 905 664 Vulcani
960 610 996 667 de
1014 612 1152 684 ipsismet
1167 617 1245 672 beati
1259 618 1376 675 abbatis
1391 623 1529 694 operibus
1544 629 1574 682 et
1589 627 1733 685 doctrina.

55 704 96 761 ,jn
128 703 229 760 sicilia
253 704 432 760 situmfflaec
460 703 570 768 eadem,
591 695 649 751 sed
675 696 765 768 paulo
795 697 902 766 fusius,
998 700 1062 755 117.
1079 700 1625 780 OdiloniseloquentiamlaudatAbbe
1637 715 1801 776 Eleriaeen·

64 794 175 866 repetit
190 793 218 847 in
236 810 309 848 nora
325 794 454 865 ejusdem
470 785 611 847 Clrronici
627 784 759 842 editione
779 786 904 858 Sangat-
959 787 1003 844 sis
1027 790 1120 847 abbas
1151 792 1181 848 in
1209 795 1334 868 epistola
1357 800 1493 870 superius
1509 802 1802 866 laudata.Jotsaldus

62 881 155 947 lensi,
172 882 229 938 nisi
241 882 318 954 quod
333 882 395 938 loco
409 881 533 937 eremitae
544 873 732 934 monachum
745 875 903 948 quemdam
957 892 1029 932 vero
1043 879 1177 950 eiusdem
1195 883 1224 938 in
1240 884 1402 957 Scripturis
1424 891 1622 949 eruditionem
1646 898 1675 951 et
1698 895 1729 951 in
1744 913 1802 954 ser

62 970 259 1044 peregrinum
285 970 496 1026 eCluniaceosi
516 964 632 1025 lamiliu
652 961 780 1021 inducit.
797 964 904 1021 Subdit
958 982 1051 1021 mene
1068 967 1237 1027 facundiam
1251 971 1388 1044 pluribus
1402 982 1592 1038 commendat
1602 983 1633 1038 in
1649 985 1714 1057 ejus
1722 985 1800 1044 Vita.

59 1061 176 1116 deinde
201 1060 371 1115 institutum
399 1059 471 1115 illud
495 1076 512 1114 a
535 1053 751 1114 loannoXVlll
766 1053 903 1126 pontitiee
957 1053 1102 1127 Ejusdem
1118 1059 1326 1118 exhortationes
1350 1063 1451 1123 laudat
1476 1069 1577 1128 Petrus
1601 1072 1749 1132 Btcsensis
1771 1076 1802 1132 in
1863 1063 1869 1072 ’

58 1149 419 1215 Romanoeontlrmatum
433 1148 532 1204 luisse.
547 1143 630 1213 Quod
645 1144 745 1215 potius
766 1144 801 1199 ad
817 1143 903 1199 loan-
956 1143 1087 1216 epistola
1101 1145 1237 1220 l23,quae
1255 1156 1301 1207 est
1315 1154 1351 1209 ad
1368 1155 1547 1215 llichardum
1561 1161 1802 1222 Londoniensem

58 1256 136 1296 nem
152 1238 215 1297 XIX
231 1237 328 1293 reterri
344 1239 440 1303 dobct,
449 1236 474 1292 si
491 1237 551 1292 haec
567 1236 632 1307 ipsa
647 1232 821 1290 constitutio
837 1235 903 1303 post
956 1233 1206 1306 episcopum,ubi
1223 1239 1316 1296 refert
1328 1243 1440 1316 aliquot
1455 1249 1549 1305 sancti
1561 1251 1679 1309 abbatis
1688 1251 1754 1311 loca
1766 1255 1803 1313 de

60 1327 190 1387 ilenrici
203 1326 326 1400 Augusti
343 1328 506 1395 obitum,ut
521 1326 550 1380 in
563 1325 678 1380 decreto
690 1340 706 1379 a
718 1322 804 1379 nohis
814 1337 902 1394 supe·
957 1321 1151 1380 sanctissimo
1176 1326 1372 1388 Eucharistiae
1396 1342 1590 1395 sacramento.
1608 1340 1801 1416 Trithemins,

59 1419 131 1476 rius
149 1417 271 1474 laudate
286 1415 402 1472 disertis
424 1415 521 1470 verbis
546 1413 681 1480 habetur,
698 1414 776 1468 iacta
797 1410 900 1479 suerit;
958 1411 1012 1483 qui
1029 1414 1095 1484 qius
1110 1413 1302 1475 solummodo
1318 1437 1469 1479 sermones
1483 1426 1604 1496 viderat,
1615 1441 1685 1485 aum
1701 1435 1801 1489 tamen

58 1508 220 1582 siquidem
230 1507 358 1563 loannes
368 1505 457 1562 XVllt
468 1506 532 1576 jam
549 1521 564 1560 a
580 1502 651 1557 aivis
675 1504 842 1558 excesserat
866 1501 901 1557 ab
957 1504 1182 1560 recensetinter
1193 1503 1275 1563 uiros
1288 1509 1390 1566 doctos
1406 1511 1457 1584 qui
1468 1516 1575 1572 seculo
1584 1534 1614 1573 xi
1625 1518 1800 1584 floruerunt.

57 1599 184 1672 aliquot
198 1597 295 1662 annis,
311 1613 378 1652 eum
390 1598 509 1652 sanctus
520 1593 662 1650 lleurieus
672 1591 757 1647 obiit.
773 1591 901 1664 Longius
956 1588 1062 1646 Eidem
1079 1608 1146 1648 cum
1163 1593 1199 1648 iis
1214 1596 1268 1666 qui
1284 1600 1348 1653 ortu
1365 1603 1394 1654 et
1406 1600 1540 1658 doctrina
1553 1603 1688 1678 insignes
1703 1613 1798 1678 erant,

58 1707 79 1745 a
92 1704 167 1746 vero
184 1685 364 1759 ahest‚quod
379 1683 409 1739 in
422 1683 508 1738 veteri
525 1680 731 1754 Martyrologio
746 1679 858 1736 Adonis
868 1696 903 1736 ex
957 1676 1058 1736 locum
1073 1682 1221 1739 concessit
1237 1684 1361 1741 Plutioo.
1378 1688 1417 1742 td
1434 1688 1542 1746 caleam
1559 1695 1668 1751 veteris
1687 1696 1798 1756 codicis

56 1773 238 1835 corbeiensi
267 1772 358 1828 sancti
383 1769 531 1826 Laurentii
555 1767 749 1840 prepositura
776 1767 902 1827 habetur
957 1784 1016 1825 ms.
1033 1769 1165 1827 ecclesiae
1179 1772 1345 1831 Aniciensis
1361 1780 1477 1833 exstant
1492 1781 1624 1836 nonnulli
1641 1796 1745 1844 versus
1760 1787 1796 1845 de

58 1865 112 1923 his
126 1863 230 1920 verbis
247 1879 253 1916 :
270 1879 298 1917 xv
313 1862 402 1917 Nouos
411 1860 676 1915 Nocetnbris...itcm
692 1860 750 1928 ipso
766 1857 811 1912 die
824 1873 902 1928 peric·
956 1856 1098 1914 laudibus
1113 1861 1209 1916 saneti
1225 1862 1335 1931 Moioli,
1352 1864 1402 1936 qui
1418 1865 1503 1924 beato
1520 1868 1635 1926 Odiloni
1658 1871 1794 1946 inscripti

55 1955 135 2015 ralis
148 1953 285 2008 memoria
298 1949 420 2022 pitatium
431 1948 814 2020 defunetorummonatitutoo
826 1947 901 2002 beato
955 1950 1037 2003 sunt.
1053 1951 1166 2006 Horum
1186 1950 1300 2022 aliquot
1324 1952 1510 2025 proferimus,
1526 1955 1557 2013 in
1582 1959 1693 2031 quibus
1713 1962 1791 2019 hea'

58 2042 195 2108 odilone,
212 2041 379 2096 auctorizata
395 2054 456 2094 vcro
480 2045 505 2092 et
529 2038 722 2107 confirmatae
746 2034 901 2091 beatissimo
954 2034 1010 2092 uiri
1026 2037 1161 2095 doctrina
1175 2039 1336 2097 laudatur:
1765 2059 1770 2067 ‘

55 2149 139 2207 papa
152 2132 250 2197 mone,
271 2144 342 2184 anno
357 2128 390 2182 ab
406 2127 597 2182 incarnatione
618 2124 730 2179 Domini
752 2123 901 2180 millesimo
1003 2151 1114 2216 oydepo
1132 2153 1244 2204 domino
1260 2155 1338 2214 pam¹
1354 2158 1488 2230 Probitate
1504 2162 1625 2224 colendo,

56 2221 196 2281 secando.
214 2219 272 2275 Hoc
284 2218 391 2291 quippe
406 2232 482 2271 auno
497 2214 645 2280 Silvestcr,
663 2229 720 2268 non
746 2228 815 2267 vero
832 2213 898 2280 Leo,
1002 2216 1131 2278 Dogmata
1145 2219 1298 2280 perspicuo,
1314 2219 1528 2274 divinomunera
1543 2225 1621 2288 tulto,

58 2313 169 2374 noma
184 2309 315 2366 sedebat.
331 2307 385 2362 Sed
400 2322 481 2361 error
495 2307 541 2360 est
555 2303 680 2358 tortasse
696 2300 898 2367 amanuensis,
1001 2278 1765 2420 gggmgffefflgss’ffilggflfiggfflfflnstffi‘l’ssetgffwm,

58 2403 117 2476 qul
140 2415 245 2455 vocem
269 2397 492 2469 quinquagesimo
515 2395 633 2448 incaute
657 2391 799 2447 omiserit.
816 2392 899 2447 Anno
1004 2402 1081 2452 ttunc
1093 2418 1189 2476 omues
1204 2405 1299 2456 fratres
1313 2408 1418 2458 Domini
1433 2411 1510 2459 matri
1524 2411 1685 2466 tumulantes

60 2491 180 2568 quippe
197 2488 288 2559 hujus
312 2485 409 2542 saeculi
434 2484 562 2540 secundo
588 2497 678 2553 supra
689 2479 899 2553 quinquagesi-
1003 2465 1100 2515 ΜΨ
1110 2470 1239 2531 1⁰8¹lss11b
1253 2473 1280 2518 el
1294 2472 1434 2533 pertenire
1448 2477 1602 2537 peroptant,
1615 2479 1665 2527 etc.

61 2598 150 2639 mum
170 2580 228 2635 Leo
243 2576 279 2634 tx
290 2575 332 2631 vir
346 2573 553 2631 sanctissimus
564 2572 727 2627 Ronlanum
740 2568 898 2626 Ecclesiam
954 2572 1065 2630 Omitto
1080 2577 1214 2630 auctores
1229 2576 1278 2647 qui
1299 2577 1427 2634 virorum
1452 2578 1612 2638 illustrium
1637 2586 1786 2661 catalogos

59 2669 199 2743 regebat·
954 2667 1144 2730 contexuere;
1154 2666 1186 2719 at
1201 2664 1301 2719 mirari
1317 2667 1389 2723 satis
1405 2684 1461 2724 non
1473 2685 1633 2740 possumus
1642 2671 1723 2730 beati
1730 2676 1785 2731 viri

183 2757 216 2813 X.
234 2755 311 2810 Odito
326 2753 417 2810 siradio
429 2753 578 2824 promovet.
595 2748 660 2819 Ejtaa
673 2748 786 2819 scripta.
954 2748 1163 2818 humilitatem,
1181 2752 1231 2821 qui
1248 2753 1421 2827 sibimetipsi
1446 2756 1486 2811 ita
1509 2757 1575 2814 vilis
1596 2764 1625 2815 ot
1649 2762 1783 2834 abjectus

101 2845 330 2907 uenditorem
340 2837 664 2898 litterarumscientiam
673 2853 739 2891 cum
749 2837 898 2891 honestate
952 2839 1117 2907 videbatur,
1135 2843 1166 2894 ut
1181 2839 1276 2895 Vitam
1291 2843 1458 2900 Adheleidis
1473 2845 1680 2918 imperatricis,
1692 2869 1782 2925 quam

61 2954 190 2999 morum
207 2935 236 2990 in
253 2950 284 2989 se
300 2932 362 3004 ipso
377 2926 823 3001 conjunxisso,probanteaquau
834 2925 897 2993 jam
954 2926 1052 2983 Basilii
1071 2932 1099 2984 et
1111 2928 1278 3001 Hieronymi
1291 2947 1370 2987 nrore
1387 2934 1566 3005 Epitaphium
1589 2940 1781 3012 nuncupavit,

60 3031 98 3088 dc
115 3026 217 3100 ipsius
233 3021 389 3079 virtutibus
404 3019 532 3076 diximus
556 3021 585 3073 et
608 3032 695 3088 opera
717 3031 780 3086 (lua
796 3014 896 3069 edidit.
953 3032 985 3070 se
1001 3015 1064 3072 ideo
1079 3016 1175 3072 solum
1192 3017 1360 3088 scripsisses
1371 3022 1422 3076 uiti
1436 3023 1784 3096 orniquesennoaedixa-

61 3114 172 3173 Studia
187 3129 255 3167 rore
270 3109 398 3167 etiamid
412 3108 474 3163 suis
494 3104 674 3178 approbasse
698 3101 840 3158 discimus
864 3118 898 3158 cx
953 3103 999 3173 rit,
1018 3111 1050 3160 ut
1064 3104 1248 3161 occasionem
1263 3108 1404 3178 preberet
1416 3108 1504 3166 alicui
1524 3111 1585 3169 viro
1606 3115 1720 3173 erudito
1745 3118 1783 3175 de

64 3205 103 3262 iis
117 3222 188 3278 quae
202 3201 241 3258 ad
256 3199 304 3256 illa
318 3198 514 3270 promovenda
528 3196 565 3250 ab
580 3211 614 3249 eo
628 3194 703 3248 iacta
717 3190 807 3246 luisse
820 3190 897 3261 apud
914 3176 935 3244 C
955 3197 1014 3247 tam
1031 3200 1133 3250 sancta
1148 3194 1332 3267 imperatrice
1343 3197 1430 3269 digne
1440 3203 1470 3255 et
1484 3205 1783 3277 competenter,prout

64 3298 203 3352 uetustos
214 3293 348 3347 auctores
364 3287 474 3360 passim
491 3285 628 3357 legimus.
642 3283 724 3336 Certe
739 3279 819 3335 Abho
835 3277 899 3333 Flo·
955 3298 1009 3353 par
1029 3287 1100 3350 erat,
1118 3283 1276 3339 scribendi.
1292 3285 1400 3342 Eodem
1425 3287 1531 3359 spiritu
1554 3290 1662 3348 ductus
1684 3293 1782 3352 Vitam

67 3381 215 3441 nonensis
231 3380 384 3444 abbas,mr
400 3374 517 3432 illorum
533 3378 698 3444 temporum
711 3367 864 3424 sanctitate
872 3371 901 3423 et
954 3372 1045 3427 srncti
1062 3372 1160 3428 Maioli
1175 3371 1220 3427 sui
1237 3376 1422 3444 praecessoris
1437 3378 1611 3450 conscripsit
1634 3382 1785 3440 umatum

68 3457 900 3536 doetrinaoeleberrimus,scripsitepistolamprolixiorem
952 3462 1116 3532 puriritatem
1139 3462 1290 3517 intellectus
1314 3465 1369 3531 sui,
1387 3466 1420 3518 ut
1442 3464 1505 3536 ipse
1529 3467 1637 3524 aiedat.
1652 3469 1784 3543 Hymnus

74 3563 109 3620 sd
123 3558 282 3632 cujusdam
294 3554 426 3611 monachi
438 3551 638 3608 Cluniacensis
652 3549 752 3605 attenti
761 3552 787 3603 et
803 3546 900 3602 ducitis
955 3549 1042 3604 etiam
1053 3553 1082 3605 et
1097 3549 1243 3606 orationes
1260 3550 1372 3622 aliquot
1386 3551 1535 3612 inlficiis
1549 3556 1658 3615 divinis
1671 3558 1708 3615 de
1718 3576 1784 3617 san·

74 3650 258 3723 petitionem,
272 3646 304 3701 de
319 3644 479 3716 repetitione
492 3641 629 3696 similium
649 3653 835 3704 numerorum,
851 3639 901 3708 qni
954 3641 1000 3693 oto
1016 3637 1122 3694 Maiolo
1136 3643 1165 3693 ct
1180 3643 1282 3695 sancta
1296 3639 1464 3710 adheleide,
1476 3643 1507 3700 in
1522 3644 1627 3701 horum
1642 3646 1782 3705 testivita-

77 3739 207 3796 latentur
234 3735 406 3806 frequentius
435 3733 465 3786 iu
493 3730 643 3786 canonibus
672 3727 898 3796 Eiraapctioram.
954 3726 1212 3783 tibusrecitandas
1228 3730 1393 3801 composuit
1412 3748 1418 3786 :
1435 3748 1499 3803 que
1515 3734 1658 3791 omniain
1674 3735 1781 3794 Biblio-

80 3830 166 3895 Quam
182 3825 304 3899 quidem
319 3823 510 3895 questionem
527 3836 558 3874 se
575 3818 731 3873 mandasse
742 3815 901 3887 scriptis,et
954 3815 1040 3870 theca
1054 3814 1236 3871 Cluniacensi
1252 3817 1330 3873 edita
1344 3821 1414 3873 sunt
1428 3836 1495 3875 cum
1507 3821 1571 3893 ejus
1583 3824 1781 3895 sermonibus,

82 3916 231 3988 prolixiore
246 3929 380 3970 sermone
404 3909 574 3982 exposuisse
594 3909 729 3971 testatur,
745 3905 823 3976 quod
849 3919 899 3959 nc·
954 3903 1066 3975 aliquot
1088 3903 1229 3974 epistolis,
1248 3904 1426 3975 protessione
1449 3908 1526 3975 fidei,
1543 3913 1572 3965 ot
1598 3910 1782 3970 orationibus

85 4004 218 4076 quivisset
233 4001 274 4058 illi
289 4018 323 4057 cx
337 4005 468 4071 tempore
484 4000 577 4054 lacere
590 3996 742 4061 satiatum
754 3994 790 4049 ob
806 3993 899 4066 ipsius
954 3991 1114 4048 nonnullis.
1131 3993 1202 4047 Tres
1219 3990 1287 4047 item
1310 3993 1443 4065 ejusdem
1468 3995 1544 4052 beati
1567 3996 1619 4054 viri
1642 3998 1782 4071 epistolas

88 4091 245 4163 questionis
261 4087 542 4151 difficultatemtum
558 4085 634 4157 quod
650 4087 767 4155 tempus
782 4083 817 4138 ad
830 4081 901 4137 inte·
953 4080 1046 4136 edidit
1061 4084 1161 4135 uester
1176 4080 1269 4136 Lucas
1280 4080 1440 4139 Daeherius
1456 4083 1733 4157 insptcttsgittonro
1744 4087 1780 4156 11,

93 4194 161 4251 gram
174 4180 253 4237 itlius
266 4176 500 4251 explanationem
515 4191 572 4230 non
586 4173 748 4229 suffecisset
764 4188 771 4226 τ
789 4187 823 4226 cx
842 4187 899 4242 quo
954 4184 1028 4241 quas
1038 4183 1072 4222 ex
1087 4166 1212 4223 archivis
1220 4167 1463 4227 Cluniacensibus
1476 4173 1782 4246 descripserat.Unnm

96 4273 160 4339 aaut
178 4269 354 4326 monachum
377 4265 462 4321 illum
484 4265 520 4320 ad
541 4258 719 4318 difficiliores
743 4260 899 4332 Scriptura
953 4256 1023 4312 item
1039 4257 1150 4327 exejus
1174 4259 1361 4314 setfflt’sslbtffi
1387 4259 1532 4317 ineditum
1557 4279 1615 4334 Pl&
1642 4262 1781 4321 mlfliblffl

99 4369 168 4414 sacra
182 4358 356 4432 questiones
369 4353 539 4411 enodandas
554 4352 686 4407 animum
712 4347 898 4421 applicuisse.
953 4344 1108 4410 habemus,
1118 4361 1205 4417 quem
1222 4347 1258 4402 de
1273 4346 1458 4405 solemnitate
1473 4355 1580 4407 sanctu
1592 4351 1694 4408 Crucis
1704 4368 1783 4409 com·

100 4445 188 4506 Studiis
201 4447 289 4506 etiam
305 4443 433 4501 historica
448 4440 657 4498 incumbebant
677 4437 810 4493 monachi
833 4437 899 4494 Clu·
955 4433 1062 4506 posuit.
1079 4433 1152 4489 Huic
1167 4433 1255 4491 etiam
1272 4437 1398 4492 revocari
1416 4442 1513 4511 potest
1521 4439 1689 4498 sollicitudo
1704 4441 1782 4498 beati

103 4531 229 4594 circenses
244 4538 300 4593 sub
315 4535 391 4590 beati
407 4531 539 4588 Odilonis
553 4527 704 4601 regimine,
721 4531 752 4582 ut
768 4530 846 4598 [rotet
866 4542 899 4581 ex
915 4546 938 4612 D
954 4523 1007 4578 viri
1023 4540 1074 4595 pro
1089 4524 1274 4580 associandis
1300 4524 1521 4601 privilegiorum
1546 4532 1575 4585 et
1588 4529 1782 4587 donationum

102 4619 176 4682 crebri
192 4626 305 4684 nonum
321 4622 457 4692 Historia,
467 4617 709 4692 ipsimetOdilonx
721 4619 897 4688 nuncupata,
955 4612 1132 4669 monasterio
1148 4630 1201 4668 suo
1216 4615 1359 4672 laetarum
1375 4615 1496 4686 chartis,
1514 4617 1564 4690 qui
1579 4635 1682 4676 earnm
1695 4618 1781 4676 colle·

104 4722 224 4789 quamque
239 4733 271 4772 sc
281 4712 446 4784 suscepisse
456 4705 754 4765 scribendamGluber
766 4708 901 4771 testatur,
958 4701 1084 4757 ctionem
1114 4706 1279 4777 accuratam
1306 4703 1368 4758 sieri
1395 4705 1511 4777 sategit,
1527 4711 1559 4762 ut
1582 4705 1725 4765 discimus
1749 4724 1784 4764 ex

104 4801 261 4863 caducorum
287 4807 410 4876 {rutrum
443 4797 623 4872 querimoniis
656 4794 823 4861 excitatum,
852 4793 902 4865 qui
958 4789 1120 4846 collectoris
1136 4790 1255 4865 prologo
1282 4791 1311 4847 in
1337 4793 1426 4849 veteri
1443 4811 1498 4851 ms.
1510 4794 1711 4852 cluniacensis
1726 4810 1782 4853 cac·

104 4898 161 4957 *gre
174 4894 301 4951 serebant
316 4889 464 4947 neminem
474 4886 608 4952 inveniri,
625 4884 675 4956 qui
692 4899 813 4940 suorum
829 4888 902 4939 tcm-
959 4880 1048 4936 nobil.
1063 4880 1194 4951 Denique
1210 4885 1315 4953 prater
1338 4880 1399 4937 hec
1414 4883 1552 4951 omnine
1577 4881 1728 4940 nonnullis
1748 4901 1784 4941 cx

105 4985 186 5041 numm
199 4988 319 5041 eventus
329 4986 389 5036 tom
403 4982 431 5035 in
444 4977 564 5034 ecelesiis
579 4976 627 5031 Dei
642 4991 722 5047 prtem
734 4975 763 5028 in
777 4974 903 5045 plebibus
958 4969 1022 5026 eod.
1040 4986 1095 5024 uis.
1111 4969 1249 5024 laudatur
1273 4969 1435 5026 chronicon
1460 4969 1609 5043 quoddam
1636 4975 1784 5028 vetustum

106 5071 241 5131 nannet
266 5069 495 5135 commendaret,
512 5071 574 5120 tum
597 5063 670 5118 dicit
689 5080 720 5118 se
741 5061 795 5118 hae
821 5062 850 5116 in
872 5077 903 5116 re
957 5063 1056 5115 nostro
1071 5057 1187 5115 Odiloni
1205 5059 1363 5128 tributum;
1380 5060 1431 5116 sed
1456 5076 1523 5116 cum
1548 5061 1613 5132 ejus
1638 5060 1678 5117 rei
1705 5061 1785 5134 apud

30 5184 33 5191 .
106 5149 210 5218 ltdilonis
223 5158 404 5234 praeceptioni
417 5173 449 5213 ec
462 5157 584 5227 fratrum
606 5153 743 5209 atalanten
765 5150 903 5206 obedien·
957 5153 1069 5205 veteres
1083 5146 1198 5203 nullum
1213 5152 1306 5203 exstet
1321 5147 1486 5222 vestigium,
1502 5149 1786 5222 conjicimusOdilo-

106 5239 139 5295 itt
150 5249 320 5317 prestitisse.
336 5249 368 5303 Et
384 5245 500 5317 nequis
515 5244 638 5299 sortasse
652 5245 734 5313 putet
749 5240 824 5295 hanc
840 5240 904 5296 His·
960 5239 1006 5294 nis
1023 5254 1128 5293 nomen
1144 5254 1196 5309 pro
1212 5237 1311 5293 Odone
1327 5238 1356 5293 in
1372 5238 1450 5293 hunc
1465 5239 1596 5296 codicem
1621 5239 1785 5312 irrepsisse.

106 5328 188 5394 teriam
201 5357 252 5412 pro
267 5335 419 5394 monachis
441 5333 581 5404 scriptam
602 5349 658 5386 non
683 5331 783 5397 tuisse,
801 5329 906 5386 Glaber
961 5329 994 5384 Et
1009 5327 1127 5399 quidem
1142 5325 1303 5382 tironachus
1318 5327 1438 5398 MaJ'oris
1454 5327 1633 5398 Monasterii,
1645 5328 1788 5401 quigesta

106 5406 163 5480 hue
176 5427 266 5502 ipsam
279 5444 328 5500 pro
344 5426 483 5496 religiosis
499 5440 530 5478 sc
546 5421 699 5492 scripsisse
714 5418 833 5475 disertis
848 5435 908 5474 xer·
961 5415 1116 5472 consulum
1138 5415 1393 5487 llndegavcnsium
1414 5416 1541 5490 collegit,
1557 5418 1638 5474 edita
1661 5421 1740 5473 tomo
1763 5415 1788 5471 X

106 5505 141 5565 bis
153 5517 309 5575 affirmauit.
326 5515 421 5570 Vitam
438 5512 531 5569 sancti
549 5510 645 5567 blaioli
662 5526 728 5564 cum
745 5509 861 5564 cliiobus
876 5506 908 5562 li·
962 5504 1110 5578 Spieilegii
1126 5503 1401 5572 acheriantlaudut
1413 5505 1556 5563 'thomam
1574 5507 1786 5568 Luoohcusem,

81 5618 86 5625 ’
107 5587 154 5660 itis
173 5605 376 5664 ldiraculorum
399 5603 493 5661 dotarii
515 5617 547 5657 ae
569 5601 781 5657 reuerentissime
802 5597 908 5654 aaronita
963 5593 1013 5666 qui
1028 5593 1270 5650 trecassinorum
1280 5596 1390 5651 nomine
1404 5592 1788 5655 Oderitnbbtttt'tt'ttlt‘lm
