<?xml version="1.0" encoding="UTF-8"?>
<!DOCTYPE html PUBLIC "-//W3C//DTD XHTML 1.0 Transitional//EN"
    "http://www.w3.org/TR/xhtml1/DTD/xhtml1-transitional.dtd">
<html xmlns="http://www.w3.org/1999/xhtml" xml:lang="en" lang="en">
 <head>
  <title>
</title>
<meta http-equiv="Content-Type" content="text/html;charset=utf-8" />
  <meta name='ocr-system' content='tesseract 3.04.00' />
  <meta name='ocr-capabilities' content='ocr_page ocr_carea ocr_par ocr_line ocrx_word'/>
</head>
<body>
  <div class='ocr_page' id='page_1' title='image "./patrologiaecurs64unkngoog_0619.png"; bbox 0 0 3884 6084; ppageno 0'>
   <div class='ocr_carea' id='block_1_1' title="bbox 75 200 1782 303">
    <p class='ocr_par' dir='ltr' id='par_1_1' title="bbox 75 200 1782 303">
     <span class='ocr_line' id='line_1_1' title="bbox 75 200 1782 303; baseline 0.014 -38"><span class='ocrx_word' id='word_1_1' title='bbox 75 200 156 266; x_wconf 79' lang='lat' dir='ltr'><strong>isar</strong></span> <span class='ocrx_word' id='word_1_2' title='bbox 710 206 1154 303; x_wconf 76' lang='lat' dir='ltr'><strong>viraooueamsauer.</strong></span> <span class='ocrx_word' id='word_1_3' title='bbox 1703 218 1782 289; x_wconf 77' lang='lat' dir='ltr'><strong>reat</strong></span> 
     </span>
    </p>
   </div>
   <div class='ocr_carea' id='block_1_2' title="bbox 8 345 1821 5461">
    <p class='ocr_par' dir='ltr' id='par_1_2' title="bbox 8 345 1821 5461">
     <span class='ocr_line' id='line_1_2' title="bbox 246 345 1779 431; baseline 0.013 -34"><span class='ocrx_word' id='word_1_4' title='bbox 246 354 282 398; x_wconf 82' lang='lat' dir='ltr'><strong>na</strong></span> <span class='ocrx_word' id='word_1_5' title='bbox 301 356 437 399; x_wconf 80' lang='lat' dir='ltr'><strong>aonrsnan</strong></span> <span class='ocrx_word' id='word_1_6' title='bbox 456 358 530 400; x_wconf 82' lang='lat' dir='ltr'><strong>nuce</strong></span> <span class='ocrx_word' id='word_1_7' title='bbox 550 358 731 401; x_wconf 80' lang='lat' dir='ltr'><strong>aomvoauu.</strong></span> <span class='ocrx_word' id='word_1_8' title='bbox 916 345 1027 415; x_wconf 69' lang='lat' dir='ltr'><strong>Aitluc</strong></span> <span class='ocrx_word' id='word_1_9' title='bbox 1043 348 1227 422; x_wconf 78' lang='lat' dir='ltr'><strong>confugerat,</strong></span> <span class='ocrx_word' id='word_1_10' title='bbox 1239 347 1306 422; x_wconf 88' lang='lat' dir='ltr'><strong>igne</strong></span> <span class='ocrx_word' id='word_1_11' title='bbox 1322 353 1351 408; x_wconf 90' lang='lat' dir='ltr'><strong>at</strong></span> <span class='ocrx_word' id='word_1_12' title='bbox 1365 350 1463 426; x_wconf 89' lang='lat' dir='ltr'><strong>gladio</strong></span> <span class='ocrx_word' id='word_1_13' title='bbox 1475 352 1580 428; x_wconf 80' lang='lat' dir='ltr'><strong>penit3</strong></span> <span class='ocrx_word' id='word_1_14' title='bbox 1596 356 1658 431; x_wconf 83' lang='lat' dir='ltr'><strong>agri</strong></span> <span class='ocrx_word' id='word_1_15' title='bbox 1673 360 1779 417; x_wconf 86' lang='lat' dir='ltr'><strong>vastati</strong></span> 
     </span>
     <span class='ocr_line' id='line_1_3' title="bbox 112 431 1780 507; baseline 0.01 -18"><span class='ocrx_word' id='word_1_16' title='bbox 112 431 220 489; x_wconf 78' lang='lat' dir='ltr'><strong>Eodem</strong></span> <span class='ocrx_word' id='word_1_17' title='bbox 234 448 321 499; x_wconf 91' lang='lat' dir='ltr'><strong>anuo,</strong></span> <span class='ocrx_word' id='word_1_18' title='bbox 338 448 425 504; x_wconf 89' lang='lat' dir='ltr'><strong>quem</strong></span> <span class='ocrx_word' id='word_1_19' title='bbox 450 448 541 504; x_wconf 89' lang='lat' dir='ltr'><strong>supra</strong></span> <span class='ocrx_word' id='word_1_20' title='bbox 563 433 741 500; x_wconf 87' lang='lat' dir='ltr'><strong>notavimus,</strong></span> <span class='ocrx_word' id='word_1_21' title='bbox 758 432 902 490; x_wconf 88' lang='lat' dir='ltr'><strong>Bolislaus</strong></span> <span class='ocrx_word' id='word_1_22' title='bbox 956 440 1036 501; x_wconf 86' lang='lat' dir='ltr'><strong>sunt,</strong></span> <span class='ocrx_word' id='word_1_23' title='bbox 1052 435 1141 492; x_wconf 75' lang='lat' dir='ltr'><strong>unae</strong></span> <span class='ocrx_word' id='word_1_24' title='bbox 1158 440 1384 507; x_wconf 85' lang='lat' dir='ltr'><strong>truncabantur;</strong></span> <span class='ocrx_word' id='word_1_25' title='bbox 1401 443 1510 499; x_wconf 85' lang='lat' dir='ltr'><strong>exitum</strong></span> <span class='ocrx_word' id='word_1_26' title='bbox 1527 449 1555 500; x_wconf 89' lang='lat' dir='ltr'><strong>et</strong></span> <span class='ocrx_word' id='word_1_27' title='bbox 1569 445 1721 504; x_wconf 88' lang='lat' dir='ltr'><strong>introitum</strong></span> <span class='ocrx_word' id='word_1_28' title='bbox 1730 465 1780 507; x_wconf 84' lang='lat' dir='ltr'><strong>rex</strong></span> 
     </span>
     <span class='ocr_line' id='line_1_4' title="bbox 74 518 1778 608; baseline 0.009 -29"><span class='ocrx_word' id='word_1_29' title='bbox 74 520 257 595; x_wconf 81' lang='lat' dir='ltr'><strong>Sclavigena,</strong></span> <span class='ocrx_word' id='word_1_30' title='bbox 274 520 332 576; x_wconf 84' lang='lat' dir='ltr'><strong>dux</strong></span> <span class='ocrx_word' id='word_1_31' title='bbox 347 518 522 577; x_wconf 88' lang='lat' dir='ltr'><strong>Bolonnmm</strong></span> <span class='ocrx_word' id='word_1_32' title='bbox 545 521 674 595; x_wconf 89' lang='lat' dir='ltr'><strong>insignia</strong></span> <span class='ocrx_word' id='word_1_33' title='bbox 687 523 796 595; x_wconf 81' lang='lat' dir='ltr'><strong>regalia</strong></span> <span class='ocrx_word' id='word_1_34' title='bbox 811 527 839 578; x_wconf 85' lang='lat' dir='ltr'><strong>et</strong></span> <span class='ocrx_word' id='word_1_35' title='bbox 854 539 901 578; x_wconf 90' lang='lat' dir='ltr'><strong>re·</strong></span> <span class='ocrx_word' id='word_1_36' title='bbox 956 525 1139 596; x_wconf 86' lang='lat' dir='ltr'><strong>prohibebat,</strong></span> <span class='ocrx_word' id='word_1_37' title='bbox 1155 527 1303 600; x_wconf 88' lang='lat' dir='ltr'><strong>navigium</strong></span> <span class='ocrx_word' id='word_1_38' title='bbox 1327 530 1459 600; x_wconf 88' lang='lat' dir='ltr'><strong>abstulit,</strong></span> <span class='ocrx_word' id='word_1_39' title='bbox 1474 535 1665 593; x_wconf 90' lang='lat' dir='ltr'><strong>mercimonia</strong></span> <span class='ocrx_word' id='word_1_40' title='bbox 1675 539 1778 608; x_wconf 88' lang='lat' dir='ltr'><strong>vetuit,</strong></span> 
     </span>
     <span class='ocr_line' id='line_1_5' title="bbox 73 609 1778 692; baseline 0.01 -26"><span class='ocrx_word' id='word_1_41' title='bbox 73 611 157 685; x_wconf 86' lang='lat' dir='ltr'><strong>gium</strong></span> <span class='ocrx_word' id='word_1_42' title='bbox 174 625 280 666; x_wconf 88' lang='lat' dir='ltr'><strong>nomen</strong></span> <span class='ocrx_word' id='word_1_43' title='bbox 290 610 320 666; x_wconf 93' lang='lat' dir='ltr'><strong>in</strong></span> <span class='ocrx_word' id='word_1_44' title='bbox 331 609 470 681; x_wconf 90' lang='lat' dir='ltr'><strong>injuriam</strong></span> <span class='ocrx_word' id='word_1_45' title='bbox 486 610 564 682; x_wconf 89' lang='lat' dir='ltr'><strong>regis</strong></span> <span class='ocrx_word' id='word_1_46' title='bbox 579 610 744 667; x_wconf 84' lang='lat' dir='ltr'><strong>Chuonradi</strong></span> <span class='ocrx_word' id='word_1_47' title='bbox 755 610 810 667; x_wconf 89' lang='lat' dir='ltr'><strong>sibi</strong></span> <span class='ocrx_word' id='word_1_48' title='bbox 822 615 901 684; x_wconf 90' lang='lat' dir='ltr'><strong>apta·</strong></span> <span class='ocrx_word' id='word_1_49' title='bbox 955 617 984 669; x_wconf 89' lang='lat' dir='ltr'><strong>et</strong></span> <span class='ocrx_word' id='word_1_50' title='bbox 998 612 1039 669; x_wconf 85' lang='lat' dir='ltr'><strong>ita</strong></span> <span class='ocrx_word' id='word_1_51' title='bbox 1054 631 1106 687; x_wconf 89' lang='lat' dir='ltr'><strong>per</strong></span> <span class='ocrx_word' id='word_1_52' title='bbox 1120 614 1271 672; x_wconf 84' lang='lat' dir='ltr'><strong>biennium</strong></span> <span class='ocrx_word' id='word_1_53' title='bbox 1295 635 1398 675; x_wconf 89' lang='lat' dir='ltr'><strong>omnes</strong></span> <span class='ocrx_word' id='word_1_54' title='bbox 1412 620 1583 678; x_wconf 84' lang='lat' dir='ltr'><strong>Tirinenses</strong></span> <span class='ocrx_word' id='word_1_55' title='bbox 1597 624 1711 692; x_wconf 82' lang='lat' dir='ltr'><strong>afflixit,</strong></span> <span class='ocrx_word' id='word_1_56' title='bbox 1727 626 1778 683; x_wconf 90' lang='lat' dir='ltr'><strong>do·</strong></span> 
     </span>
     <span class='ocr_line' id='line_1_6' title="bbox 70 697 1780 786; baseline 0.01 -30"><span class='ocrx_word' id='word_1_57' title='bbox 70 699 116 756; x_wconf 86' lang='lat' dir='ltr'><strong>vit</strong></span> <span class='ocrx_word' id='word_1_58' title='bbox 131 718 138 756; x_wconf 91' lang='lat'>:</span> <span class='ocrx_word' id='word_1_59' title='bbox 153 699 240 770; x_wconf 86' lang='lat' dir='ltr'><strong>cujus</strong></span> <span class='ocrx_word' id='word_1_60' title='bbox 256 697 449 754; x_wconf 79' lang='lat' dir='ltr'><strong>temeritatem</strong></span> <span class='ocrx_word' id='word_1_61' title='bbox 465 698 522 754; x_wconf 90' lang='lat' dir='ltr'><strong>cito</strong></span> <span class='ocrx_word' id='word_1_62' title='bbox 536 717 616 755; x_wconf 83' lang='lat' dir='ltr'><strong>innrs</strong></span> <span class='ocrx_word' id='word_1_63' title='bbox 630 700 798 755; x_wconf 85' lang='lat' dir='ltr'><strong>exinanivit.</strong></span> <span class='ocrx_word' id='word_1_64' title='bbox 810 699 900 756; x_wconf 85' lang='lat' dir='ltr'><strong>Filias</strong></span> <span class='ocrx_word' id='word_1_65' title='bbox 955 718 1008 758; x_wconf 88' lang='lat' dir='ltr'><strong>nec</strong></span> <span class='ocrx_word' id='word_1_66' title='bbox 1022 703 1202 777; x_wconf 70' lang='lat' dir='ltr'><strong>omniaque</strong></span> <span class='ocrx_word' id='word_1_67' title='bbox 1219 708 1451 779; x_wconf 80' lang='lat' dir='ltr'><strong>precepit,umni</strong></span> <span class='ocrx_word' id='word_1_68' title='bbox 1468 709 1607 768; x_wconf 84' lang='lat' dir='ltr'><strong>dilatione</strong></span> <span class='ocrx_word' id='word_1_69' title='bbox 1619 715 1780 786; x_wconf 86' lang='lat' dir='ltr'><strong>postposita</strong></span> 
     </span>
     <span class='ocr_line' id='line_1_7' title="bbox 72 785 1180 866; baseline 0.004 -19"><span class='ocrx_word' id='word_1_70' title='bbox 72 793 172 847; x_wconf 81' lang='lat' dir='ltr'><strong>antem</strong></span> <span class='ocrx_word' id='word_1_71' title='bbox 188 787 290 844; x_wconf 84' lang='lat' dir='ltr'><strong>Misico</strong></span> <span class='ocrx_word' id='word_1_72' title='bbox 306 785 442 844; x_wconf 90' lang='lat' dir='ltr'><strong>similiter</strong></span> <span class='ocrx_word' id='word_1_73' title='bbox 452 786 568 842; x_wconf 90' lang='lat' dir='ltr'><strong>rebellis</strong></span> <span class='ocrx_word' id='word_1_74' title='bbox 584 789 703 843; x_wconf 85' lang='lat' dir='ltr'><strong>tratrem</strong></span> <span class='ocrx_word' id='word_1_75' title='bbox 719 805 806 844; x_wconf 90' lang='lat' dir='ltr'><strong>suum</strong></span> <span class='ocrx_word' id='word_1_76' title='bbox 820 789 899 844; x_wconf 86' lang='lat' dir='ltr'><strong>Otto·</strong></span> <span class='ocrx_word' id='word_1_77' title='bbox 954 791 1180 866; x_wconf 77' lang='lat' dir='ltr'><strong>compleverant.</strong></span> 
     </span>
     <span class='ocr_line' id='line_1_8' title="bbox 72 875 1679 950; baseline 0.009 -16"><span class='ocrx_word' id='word_1_78' title='bbox 72 894 152 940; x_wconf 87' lang='lat' dir='ltr'><strong>nem,</strong></span> <span class='ocrx_word' id='word_1_79' title='bbox 168 876 308 950; x_wconf 85' lang='lat' dir='ltr'><strong>quoniam</strong></span> <span class='ocrx_word' id='word_1_80' title='bbox 326 875 402 949; x_wconf 83' lang='lat' dir='ltr'><strong>regis</strong></span> <span class='ocrx_word' id='word_1_81' title='bbox 418 876 551 948; x_wconf 89' lang='lat' dir='ltr'><strong>partibus</strong></span> <span class='ocrx_word' id='word_1_82' title='bbox 567 876 691 941; x_wconf 75' lang='lat' dir='ltr'><strong>favebat,</strong></span> <span class='ocrx_word' id='word_1_83' title='bbox 708 877 737 931; x_wconf 92' lang='lat' dir='ltr'><strong>in</strong></span> <span class='ocrx_word' id='word_1_84' title='bbox 754 875 898 933; x_wconf 87' lang='lat' dir='ltr'><strong>llubniam</strong></span> <span class='ocrx_word' id='word_1_85' title='bbox 1052 899 1087 937; x_wconf 81' lang='lat' dir='ltr'><strong>na</strong></span> <span class='ocrx_word' id='word_1_86' title='bbox 1107 899 1255 940; x_wconf 73' lang='lat' dir='ltr'><strong>sacremus</strong></span> <span class='ocrx_word' id='word_1_87' title='bbox 1273 903 1338 948; x_wconf 69' lang='lat' dir='ltr'><strong>aaa</strong></span> <span class='ocrx_word' id='word_1_88' title='bbox 1357 904 1496 944; x_wconf 71' lang='lat' dir='ltr'><strong>navarrae</strong></span> <span class='ocrx_word' id='word_1_89' title='bbox 1515 908 1600 946; x_wconf 74' lang='lat' dir='ltr'><strong>sacra</strong></span> <span class='ocrx_word' id='word_1_90' title='bbox 1619 908 1679 948; x_wconf 81' lang='lat' dir='ltr'><strong>ssr.</strong></span> 
     </span>
     <span class='ocr_line' id='line_1_9' title="bbox 70 962 1778 1044; baseline 0.009 -20"><span class='ocrx_word' id='word_1_91' title='bbox 70 965 254 1042; x_wconf 88' lang='lat' dir='ltr'><strong>provinciam</strong></span> <span class='ocrx_word' id='word_1_92' title='bbox 276 962 399 1038; x_wconf 86' lang='lat' dir='ltr'><strong>pepulit.</strong></span> <span class='ocrx_word' id='word_1_93' title='bbox 416 965 546 1030; x_wconf 82' lang='lat' dir='ltr'><strong>Qualiter</strong></span> <span class='ocrx_word' id='word_1_94' title='bbox 570 981 636 1021; x_wconf 89' lang='lat' dir='ltr'><strong>vero</strong></span> <span class='ocrx_word' id='word_1_95' title='bbox 661 965 794 1036; x_wconf 85' lang='lat' dir='ltr'><strong>ejusdcm</strong></span> <span class='ocrx_word' id='word_1_96' title='bbox 818 965 899 1022; x_wconf 87' lang='lat' dir='ltr'><strong>ltlisi·</strong></span> <span class='ocrx_word' id='word_1_97' title='bbox 989 970 1097 1026; x_wconf 79' lang='lat' dir='ltr'><strong>Eodem</strong></span> <span class='ocrx_word' id='word_1_98' title='bbox 1113 975 1243 1044; x_wconf 89' lang='lat' dir='ltr'><strong>tempore</strong></span> <span class='ocrx_word' id='word_1_99' title='bbox 1262 990 1311 1029; x_wconf 81' lang='lat' dir='ltr'><strong>rex</strong></span> <span class='ocrx_word' id='word_1_100' title='bbox 1333 975 1525 1034; x_wconf 85' lang='lat' dir='ltr'><strong>Chuonradus</strong></span> <span class='ocrx_word' id='word_1_101' title='bbox 1550 983 1717 1038; x_wconf 87' lang='lat' dir='ltr'><strong>Ravennam</strong></span> <span class='ocrx_word' id='word_1_102' title='bbox 1733 982 1778 1039; x_wconf 90' lang='lat' dir='ltr'><strong>in·</strong></span> 
     </span>
     <span class='ocr_line' id='line_1_10' title="bbox 70 1052 1777 1142; baseline 0.008 -27"><span class='ocrx_word' id='word_1_103' title='bbox 70 1057 156 1115; x_wconf 89' lang='lat' dir='ltr'><strong>conis</strong></span> <span class='ocrx_word' id='word_1_104' title='bbox 184 1054 400 1128; x_wconf 78' lang='lat' dir='ltr'><strong>protervitatem</strong></span> <span class='ocrx_word' id='word_1_105' title='bbox 423 1058 451 1109; x_wconf 87' lang='lat' dir='ltr'><strong>et</strong></span> <span class='ocrx_word' id='word_1_106' title='bbox 474 1053 629 1125; x_wconf 88' lang='lat' dir='ltr'><strong>cujusdam</strong></span> <span class='ocrx_word' id='word_1_107' title='bbox 657 1052 786 1110; x_wconf 90' lang='lat' dir='ltr'><strong>Udalriei</strong></span> <span class='ocrx_word' id='word_1_108' title='bbox 814 1055 898 1112; x_wconf 88' lang='lat' dir='ltr'><strong>ducis</strong></span> <span class='ocrx_word' id='word_1_109' title='bbox 952 1059 1050 1125; x_wconf 88' lang='lat' dir='ltr'><strong>travit,</strong></span> <span class='ocrx_word' id='word_1_110' title='bbox 1067 1063 1095 1115; x_wconf 88' lang='lat' dir='ltr'><strong>et</strong></span> <span class='ocrx_word' id='word_1_111' title='bbox 1109 1077 1176 1116; x_wconf 89' lang='lat' dir='ltr'><strong>cum</strong></span> <span class='ocrx_word' id='word_1_112' title='bbox 1192 1079 1299 1135; x_wconf 86' lang='lat' dir='ltr'><strong>magna</strong></span> <span class='ocrx_word' id='word_1_113' title='bbox 1322 1068 1465 1136; x_wconf 86' lang='lat' dir='ltr'><strong>potestate</strong></span> <span class='ocrx_word' id='word_1_114' title='bbox 1486 1067 1526 1122; x_wconf 94' lang='lat' dir='ltr'><strong>ibi</strong></span> <span class='ocrx_word' id='word_1_115' title='bbox 1546 1069 1685 1142; x_wconf 86' lang='lat' dir='ltr'><strong>regnavit.</strong></span> <span class='ocrx_word' id='word_1_116' title='bbox 1701 1071 1777 1135; x_wconf 84' lang='lat' dir='ltr'><strong>Qua·</strong></span> 
     </span>
     <span class='ocr_line' id='line_1_11' title="bbox 71 1141 1776 1234; baseline 0.008 -30"><span class='ocrx_word' id='word_1_117' title='bbox 71 1144 219 1204; x_wconf 81' lang='lat' dir='ltr'><strong>Bohemice</strong></span> <span class='ocrx_word' id='word_1_118' title='bbox 236 1142 387 1216; x_wconf 85' lang='lat' dir='ltr'><strong>perfidiam</strong></span> <span class='ocrx_word' id='word_1_119' title='bbox 404 1159 452 1198; x_wconf 88' lang='lat' dir='ltr'><strong>rex</strong></span> <span class='ocrx_word' id='word_1_120' title='bbox 472 1141 665 1199; x_wconf 89' lang='lat' dir='ltr'><strong>Chuonradus</strong></span> <span class='ocrx_word' id='word_1_121' title='bbox 694 1146 794 1215; x_wconf 91' lang='lat' dir='ltr'><strong>postea</strong></span> <span class='ocrx_word' id='word_1_122' title='bbox 818 1159 897 1200; x_wconf 88' lang='lat' dir='ltr'><strong>eom·</strong></span> <span class='ocrx_word' id='word_1_123' title='bbox 952 1147 1021 1203; x_wconf 90' lang='lat' dir='ltr'><strong>dam</strong></span> <span class='ocrx_word' id='word_1_124' title='bbox 1032 1148 1079 1203; x_wconf 90' lang='lat' dir='ltr'><strong>die</strong></span> <span class='ocrx_word' id='word_1_125' title='bbox 1090 1149 1188 1205; x_wconf 90' lang='lat' dir='ltr'><strong>miseri</strong></span> <span class='ocrx_word' id='word_1_126' title='bbox 1199 1150 1545 1211; x_wconf 84' lang='lat' dir='ltr'><strong>Ravennateslitemcum</strong></span> <span class='ocrx_word' id='word_1_127' title='bbox 1561 1159 1688 1215; x_wconf 84' lang='lat' dir='ltr'><strong>exercitu</strong></span> <span class='ocrx_word' id='word_1_128' title='bbox 1699 1160 1776 1234; x_wconf 82' lang='lat' dir='ltr'><strong>mgis</strong></span> 
     </span>
     <span class='ocr_line' id='line_1_12' title="bbox 71 1232 1775 1316; baseline 0.008 -26"><span class='ocrx_word' id='word_1_129' title='bbox 71 1236 214 1311; x_wconf 80' lang='lat' dir='ltr'><strong>pasceret,</strong></span> <span class='ocrx_word' id='word_1_130' title='bbox 229 1232 260 1288; x_wconf 91' lang='lat' dir='ltr'><strong>in</strong></span> <span class='ocrx_word' id='word_1_131' title='bbox 275 1232 337 1288; x_wconf 91' lang='lat' dir='ltr'><strong>loco</strong></span> <span class='ocrx_word' id='word_1_132' title='bbox 353 1247 406 1287; x_wconf 93' lang='lat' dir='ltr'><strong>suo</strong></span> <span class='ocrx_word' id='word_1_133' title='bbox 421 1232 528 1288; x_wconf 88' lang='lat' dir='ltr'><strong>dinam.</strong></span> <span class='ocrx_word' id='word_1_134' title='bbox 952 1237 1185 1305; x_wconf 86' lang='lat' dir='ltr'><strong>commovebant,</strong></span> <span class='ocrx_word' id='word_1_135' title='bbox 1201 1243 1230 1294; x_wconf 91' lang='lat' dir='ltr'><strong>ct</strong></span> <span class='ocrx_word' id='word_1_136' title='bbox 1244 1239 1273 1294; x_wconf 90' lang='lat' dir='ltr'><strong>in</strong></span> <span class='ocrx_word' id='word_1_137' title='bbox 1295 1239 1483 1298; x_wconf 86' lang='lat' dir='ltr'><strong>multitudine</strong></span> <span class='ocrx_word' id='word_1_138' title='bbox 1498 1261 1552 1301; x_wconf 90' lang='lat' dir='ltr'><strong>aua</strong></span> <span class='ocrx_word' id='word_1_139' title='bbox 1566 1247 1680 1316; x_wconf 87' lang='lat' dir='ltr'><strong>contisi,</strong></span> <span class='ocrx_word' id='word_1_140' title='bbox 1696 1265 1775 1306; x_wconf 85' lang='lat' dir='ltr'><strong>exer·</strong></span> 
     </span>
     <span class='ocr_line' id='line_1_13' title="bbox 94 1318 1776 1409; baseline 0.008 -28"><span class='ocrx_word' id='word_1_141' title='bbox 94 1341 132 1381; x_wconf 80' lang='lat' dir='ltr'><strong>aa</strong></span> <span class='ocrx_word' id='word_1_142' title='bbox 151 1339 301 1381; x_wconf 78' lang='lat' dir='ltr'><strong>mmmmm</strong></span> <span class='ocrx_word' id='word_1_143' title='bbox 320 1338 406 1377; x_wconf 81' lang='lat' dir='ltr'><strong>ranan</strong></span> <span class='ocrx_word' id='word_1_144' title='bbox 426 1338 521 1376; x_wconf 78' lang='lat' dir='ltr'><strong>arcear</strong></span> <span class='ocrx_word' id='word_1_145' title='bbox 541 1338 574 1377; x_wconf 86' lang='lat' dir='ltr'><strong>ar</strong></span> <span class='ocrx_word' id='word_1_146' title='bbox 593 1337 745 1376; x_wconf 66' lang='lat' dir='ltr'><strong>aasasrcar</strong></span> <span class='ocrx_word' id='word_1_147' title='bbox 766 1338 873 1378; x_wconf 74' lang='lat' dir='ltr'><strong>nocam.</strong></span> <span class='ocrx_word' id='word_1_148' title='bbox 952 1322 1211 1381; x_wconf 85' lang='lat' dir='ltr'><strong>citumdecivitate</strong></span> <span class='ocrx_word' id='word_1_149' title='bbox 1225 1327 1366 1400; x_wconf 85' lang='lat' dir='ltr'><strong>expellere</strong></span> <span class='ocrx_word' id='word_1_150' title='bbox 1381 1318 1476 1387; x_wconf 80' lang='lat' dir='ltr'><strong>conati</strong></span> <span class='ocrx_word' id='word_1_151' title='bbox 1488 1338 1566 1399; x_wconf 90' lang='lat' dir='ltr'><strong>sunt,</strong></span> <span class='ocrx_word' id='word_1_152' title='bbox 1577 1338 1607 1390; x_wconf 90' lang='lat' dir='ltr'><strong>et</strong></span> <span class='ocrx_word' id='word_1_153' title='bbox 1615 1352 1668 1407; x_wconf 87' lang='lat' dir='ltr'><strong>per</strong></span> <span class='ocrx_word' id='word_1_154' title='bbox 1676 1338 1776 1409; x_wconf 85' lang='lat' dir='ltr'><strong>cujus·</strong></span> 
     </span>
     <span class='ocr_line' id='line_1_14' title="bbox 105 1409 1775 1495; baseline 0.007 -25"><span class='ocrx_word' id='word_1_155' title='bbox 105 1413 216 1471; x_wconf 82' lang='lat' dir='ltr'><strong>Eodem</strong></span> <span class='ocrx_word' id='word_1_156' title='bbox 232 1415 374 1482; x_wconf 89' lang='lat' dir='ltr'><strong>tompore,</strong></span> <span class='ocrx_word' id='word_1_157' title='bbox 389 1409 473 1465; x_wconf 88' lang='lat' dir='ltr'><strong>hoste</strong></span> <span class='ocrx_word' id='word_1_158' title='bbox 493 1409 575 1482; x_wconf 82' lang='lat' dir='ltr'><strong>pacis</strong></span> <span class='ocrx_word' id='word_1_159' title='bbox 600 1409 715 1465; x_wconf 82' lang='lat' dir='ltr'><strong>diaholo</strong></span> <span class='ocrx_word' id='word_1_160' title='bbox 743 1411 897 1478; x_wconf 89' lang='lat' dir='ltr'><strong>suadente,</strong></span> <span class='ocrx_word' id='word_1_161' title='bbox 952 1412 1020 1467; x_wconf 91' lang='lat' dir='ltr'><strong>dam</strong></span> <span class='ocrx_word' id='word_1_162' title='bbox 1037 1417 1125 1484; x_wconf 83' lang='lat' dir='ltr'><strong>porta</strong></span> <span class='ocrx_word' id='word_1_163' title='bbox 1141 1415 1293 1487; x_wconf 88' lang='lat' dir='ltr'><strong>angustias</strong></span> <span class='ocrx_word' id='word_1_164' title='bbox 1308 1433 1358 1473; x_wconf 89' lang='lat' dir='ltr'><strong>eos</strong></span> <span class='ocrx_word' id='word_1_165' title='bbox 1373 1419 1423 1490; x_wconf 88' lang='lat' dir='ltr'><strong>qui</strong></span> <span class='ocrx_word' id='word_1_166' title='bbox 1440 1420 1511 1476; x_wconf 84' lang='lat' dir='ltr'><strong>toris</strong></span> <span class='ocrx_word' id='word_1_167' title='bbox 1532 1426 1616 1478; x_wconf 89' lang='lat' dir='ltr'><strong>erant</strong></span> <span class='ocrx_word' id='word_1_168' title='bbox 1639 1424 1775 1495; x_wconf 88' lang='lat' dir='ltr'><strong>prohibe·</strong></span> 
     </span>
     <span class='ocr_line' id='line_1_15' title="bbox 66 1497 1775 1570; baseline 0.006 -10"><span class='ocrx_word' id='word_1_169' title='bbox 66 1503 212 1561; x_wconf 70' lang='lat' dir='ltr'><strong>ernestus</strong></span> <span class='ocrx_word' id='word_1_170' title='bbox 224 1500 282 1556; x_wconf 87' lang='lat' dir='ltr'><strong>dux</strong></span> <span class='ocrx_word' id='word_1_171' title='bbox 296 1497 484 1565; x_wconf 75' lang='lat' dir='ltr'><strong>Alamanniae,</strong></span> <span class='ocrx_word' id='word_1_172' title='bbox 502 1498 603 1554; x_wconf 86' lang='lat' dir='ltr'><strong>Chuno</strong></span> <span class='ocrx_word' id='word_1_173' title='bbox 619 1498 679 1553; x_wconf 90' lang='lat' dir='ltr'><strong>dux</strong></span> <span class='ocrx_word' id='word_1_174' title='bbox 695 1498 897 1564; x_wconf 80' lang='lat' dir='ltr'><strong>l&#39;rancin,Fri·</strong></span> <span class='ocrx_word' id='word_1_175' title='bbox 951 1499 1022 1556; x_wconf 90' lang='lat' dir='ltr'><strong>bant</strong></span> <span class='ocrx_word' id='word_1_176' title='bbox 1033 1501 1516 1564; x_wconf 78' lang='lat' dir='ltr'><strong>interioribnssuccurrere.Excito</strong></span> <span class='ocrx_word' id='word_1_177' title='bbox 1527 1509 1775 1570; x_wconf 90' lang='lat' dir='ltr'><strong>tumultubellum</strong></span> 
     </span>
     <span class='ocr_line' id='line_1_16' title="bbox 65 1585 1776 1665; baseline 0.006 -16"><span class='ocrx_word' id='word_1_178' title='bbox 65 1592 187 1649; x_wconf 78' lang='lat' dir='ltr'><strong>dericim</strong></span> <span class='ocrx_word' id='word_1_179' title='bbox 209 1590 268 1645; x_wconf 88' lang='lat' dir='ltr'><strong>dux</strong></span> <span class='ocrx_word' id='word_1_180' title='bbox 291 1588 546 1660; x_wconf 86' lang='lat' dir='ltr'><strong>Letharingorum,</strong></span> <span class='ocrx_word' id='word_1_181' title='bbox 563 1603 630 1642; x_wconf 89' lang='lat' dir='ltr'><strong>eum</strong></span> <span class='ocrx_word' id='word_1_182' title='bbox 659 1585 724 1643; x_wconf 90' lang='lat' dir='ltr'><strong>aliis</strong></span> <span class='ocrx_word' id='word_1_183' title='bbox 750 1586 896 1660; x_wconf 87' lang='lat' dir='ltr'><strong>plerisque</strong></span> <span class='ocrx_word' id='word_1_184' title='bbox 951 1588 1081 1661; x_wconf 87' lang='lat' dir='ltr'><strong>undique</strong></span> <span class='ocrx_word' id='word_1_185' title='bbox 1104 1591 1189 1664; x_wconf 84' lang='lat' dir='ltr'><strong>coepit</strong></span> <span class='ocrx_word' id='word_1_186' title='bbox 1212 1593 1421 1665; x_wconf 77' lang='lat' dir='ltr'><strong>ingravescere.</strong></span> <span class='ocrx_word' id='word_1_187' title='bbox 1438 1597 1562 1661; x_wconf 88' lang='lat' dir='ltr'><strong>Quidam</strong></span> <span class='ocrx_word' id='word_1_188' title='bbox 1588 1599 1617 1656; x_wconf 91' lang='lat' dir='ltr'><strong>in</strong></span> <span class='ocrx_word' id='word_1_189' title='bbox 1639 1601 1776 1660; x_wconf 88' lang='lat' dir='ltr'><strong>domibus</strong></span> 
     </span>
     <span class='ocr_line' id='line_1_17' title="bbox 64 1675 1776 1765; baseline 0.006 -27"><span class='ocrx_word' id='word_1_190' title='bbox 64 1684 172 1738; x_wconf 87' lang='lat' dir='ltr'><strong>contra</strong></span> <span class='ocrx_word' id='word_1_191' title='bbox 186 1694 283 1752; x_wconf 85' lang='lat' dir='ltr'><strong>regem</strong></span> <span class='ocrx_word' id='word_1_192' title='bbox 296 1676 504 1733; x_wconf 87' lang='lat' dir='ltr'><strong>Chuonradum</strong></span> <span class='ocrx_word' id='word_1_193' title='bbox 522 1680 743 1745; x_wconf 88' lang='lat' dir='ltr'><strong>consenserunt,</strong></span> <span class='ocrx_word' id='word_1_194' title='bbox 760 1680 788 1731; x_wconf 87' lang='lat' dir='ltr'><strong>ct</strong></span> <span class='ocrx_word' id='word_1_195' title='bbox 803 1675 896 1732; x_wconf 91' lang='lat' dir='ltr'><strong>multa</strong></span> <span class='ocrx_word' id='word_1_196' title='bbox 950 1676 1080 1748; x_wconf 88' lang='lat' dir='ltr'><strong>hospites</strong></span> <span class='ocrx_word' id='word_1_197' title='bbox 1095 1696 1164 1735; x_wconf 91' lang='lat' dir='ltr'><strong>suas</strong></span> <span class='ocrx_word' id='word_1_198' title='bbox 1179 1683 1308 1754; x_wconf 81' lang='lat' dir='ltr'><strong>aggressi</strong></span> <span class='ocrx_word' id='word_1_199' title='bbox 1325 1688 1413 1753; x_wconf 87' lang='lat' dir='ltr'><strong>sunt;</strong></span> <span class='ocrx_word' id='word_1_200' title='bbox 1430 1684 1480 1741; x_wconf 89' lang='lat' dir='ltr'><strong>alii</strong></span> <span class='ocrx_word' id='word_1_201' title='bbox 1497 1687 1526 1743; x_wconf 92' lang='lat' dir='ltr'><strong>in</strong></span> <span class='ocrx_word' id='word_1_202' title='bbox 1543 1687 1647 1761; x_wconf 90' lang='lat' dir='ltr'><strong>plateis</strong></span> <span class='ocrx_word' id='word_1_203' title='bbox 1662 1707 1776 1765; x_wconf 90' lang='lat' dir='ltr'><strong>pugna·</strong></span> 
     </span>
     <span class='ocr_line' id='line_1_18' title="bbox 65 1764 1775 1849; baseline 0.005 -22"><span class='ocrx_word' id='word_1_204' title='bbox 65 1766 235 1836; x_wconf 79' lang='lat' dir='ltr'><strong>molientes,</strong></span> <span class='ocrx_word' id='word_1_205' title='bbox 251 1766 360 1823; x_wconf 86' lang='lat' dir='ltr'><strong>multas</strong></span> <span class='ocrx_word' id='word_1_206' title='bbox 371 1765 549 1822; x_wconf 85' lang='lat' dir='ltr'><strong>munitiones</strong></span> <span class='ocrx_word' id='word_1_207' title='bbox 564 1764 714 1820; x_wconf 89' lang='lat' dir='ltr'><strong>incassum</strong></span> <span class='ocrx_word' id='word_1_208' title='bbox 728 1780 894 1837; x_wconf 76' lang='lat' dir='ltr'><strong>preparari·</strong></span> <span class='ocrx_word' id='word_1_209' title='bbox 951 1765 1031 1830; x_wconf 89' lang='lat' dir='ltr'><strong>bant,</strong></span> <span class='ocrx_word' id='word_1_210' title='bbox 1044 1764 1092 1820; x_wconf 90' lang='lat' dir='ltr'><strong>alii</strong></span> <span class='ocrx_word' id='word_1_211' title='bbox 1108 1771 1208 1839; x_wconf 91' lang='lat' dir='ltr'><strong>portas</strong></span> <span class='ocrx_word' id='word_1_212' title='bbox 1224 1769 1407 1838; x_wconf 90' lang='lat' dir='ltr'><strong>obsidebant,</strong></span> <span class='ocrx_word' id='word_1_213' title='bbox 1418 1772 1517 1846; x_wconf 88' lang='lat' dir='ltr'><strong>pluras</strong></span> <span class='ocrx_word' id='word_1_214' title='bbox 1531 1776 1679 1849; x_wconf 91' lang='lat' dir='ltr'><strong>demuris,</strong></span> <span class='ocrx_word' id='word_1_215' title='bbox 1689 1779 1775 1837; x_wconf 90' lang='lat' dir='ltr'><strong>multi</strong></span> 
     </span>
     <span class='ocr_line' id='line_1_19' title="bbox 63 1853 1776 1933; baseline 0.005 -16"><span class='ocrx_word' id='word_1_216' title='bbox 63 1862 124 1926; x_wconf 73' lang='lat' dir='ltr'><strong>tes,-</strong></span> <span class='ocrx_word' id='word_1_217' title='bbox 140 1856 215 1915; x_wconf 86' lang='lat' dir='ltr'><strong>nibil</strong></span> <span class='ocrx_word' id='word_1_218' title='bbox 230 1855 287 1912; x_wconf 86' lang='lat' dir='ltr'><strong>nisi</strong></span> <span class='ocrx_word' id='word_1_219' title='bbox 302 1855 497 1912; x_wconf 79' lang='lat' dir='ltr'><strong>calamitatem</strong></span> <span class='ocrx_word' id='word_1_220' title='bbox 513 1854 641 1910; x_wconf 89' lang='lat' dir='ltr'><strong>suturam</strong></span> <span class='ocrx_word' id='word_1_221' title='bbox 656 1853 784 1910; x_wconf 87' lang='lat' dir='ltr'><strong>assecuti</strong></span> <span class='ocrx_word' id='word_1_222' title='bbox 800 1858 870 1910; x_wconf 87' lang='lat' dir='ltr'><strong>sunt</strong></span> <span class='ocrx_word' id='word_1_223' title='bbox 886 1872 893 1910; x_wconf 91' lang='lat'>:</span> <span class='ocrx_word' id='word_1_224' title='bbox 950 1853 985 1909; x_wconf 90' lang='lat' dir='ltr'><strong>de</strong></span> <span class='ocrx_word' id='word_1_225' title='bbox 1002 1854 1133 1911; x_wconf 89' lang='lat' dir='ltr'><strong>turribus</strong></span> <span class='ocrx_word' id='word_1_226' title='bbox 1159 1855 1226 1912; x_wconf 87' lang='lat' dir='ltr'><strong>altis</strong></span> <span class='ocrx_word' id='word_1_227' title='bbox 1255 1858 1392 1932; x_wconf 88' lang='lat' dir='ltr'><strong>ignavum</strong></span> <span class='ocrx_word' id='word_1_228' title='bbox 1417 1862 1550 1933; x_wconf 83' lang='lat' dir='ltr'><strong>pralium</strong></span> <span class='ocrx_word' id='word_1_229' title='bbox 1574 1882 1641 1922; x_wconf 91' lang='lat' dir='ltr'><strong>cum</strong></span> <span class='ocrx_word' id='word_1_230' title='bbox 1656 1868 1734 1925; x_wconf 87' lang='lat' dir='ltr'><strong>saxis</strong></span> <span class='ocrx_word' id='word_1_231' title='bbox 1746 1873 1776 1926; x_wconf 92' lang='lat' dir='ltr'><strong>et</strong></span> 
     </span>
     <span class='ocr_line' id='line_1_20' title="bbox 64 1941 1775 2015; baseline 0.005 -11"><span class='ocrx_word' id='word_1_232' title='bbox 64 1948 152 2015; x_wconf 78' lang='lat' dir='ltr'><strong>Quos</strong></span> <span class='ocrx_word' id='word_1_233' title='bbox 171 1961 273 2003; x_wconf 87' lang='lat' dir='ltr'><strong>omnes</strong></span> <span class='ocrx_word' id='word_1_234' title='bbox 302 1961 351 2001; x_wconf 83' lang='lat' dir='ltr'><strong>rex</strong></span> <span class='ocrx_word' id='word_1_235' title='bbox 378 1943 571 1999; x_wconf 84' lang='lat' dir='ltr'><strong>Chuonradus</strong></span> <span class='ocrx_word' id='word_1_236' title='bbox 601 1942 824 2015; x_wconf 85' lang='lat' dir='ltr'><strong>parvipendens,</strong></span> <span class='ocrx_word' id='word_1_237' title='bbox 840 1943 896 2000; x_wconf 87' lang='lat' dir='ltr'><strong>iter</strong></span> <span class='ocrx_word' id='word_1_238' title='bbox 950 1941 1076 1998; x_wconf 90' lang='lat' dir='ltr'><strong>sudibus</strong></span> <span class='ocrx_word' id='word_1_239' title='bbox 1086 1945 1306 2001; x_wconf 90' lang='lat' dir='ltr'><strong>commiserunt.</strong></span> <span class='ocrx_word' id='word_1_240' title='bbox 1323 1948 1343 2003; x_wconf 83' lang='lat' dir='ltr'>E</span> <span class='ocrx_word' id='word_1_241' title='bbox 1360 1954 1460 2007; x_wconf 89' lang='lat' dir='ltr'><strong>contra</strong></span> <span class='ocrx_word' id='word_1_242' title='bbox 1474 1952 1625 2009; x_wconf 80' lang='lat' dir='ltr'><strong>Teutonici</strong></span> <span class='ocrx_word' id='word_1_243' title='bbox 1640 1957 1731 2013; x_wconf 90' lang='lat' dir='ltr'><strong>armis</strong></span> <span class='ocrx_word' id='word_1_244' title='bbox 1745 1961 1775 2014; x_wconf 85' lang='lat' dir='ltr'><strong>et</strong></span> 
     </span>
     <span class='ocr_line' id='line_1_21' title="bbox 64 2028 1821 2114; baseline 0.005 -21"><span class='ocrx_word' id='word_1_245' title='bbox 64 2050 158 2094; x_wconf 83' lang='lat' dir='ltr'><strong>soum</strong></span> <span class='ocrx_word' id='word_1_246' title='bbox 172 2034 202 2090; x_wconf 93' lang='lat' dir='ltr'><strong>in</strong></span> <span class='ocrx_word' id='word_1_247' title='bbox 217 2032 331 2090; x_wconf 88' lang='lat' dir='ltr'><strong>ltaliam</strong></span> <span class='ocrx_word' id='word_1_248' title='bbox 346 2049 414 2089; x_wconf 91' lang='lat' dir='ltr'><strong>cum</strong></span> <span class='ocrx_word' id='word_1_249' title='bbox 427 2032 519 2104; x_wconf 90' lang='lat' dir='ltr'><strong>copiis</strong></span> <span class='ocrx_word' id='word_1_250' title='bbox 534 2031 700 2087; x_wconf 89' lang='lat' dir='ltr'><strong>destinavit.</strong></span> <span class='ocrx_word' id='word_1_251' title='bbox 710 2032 766 2087; x_wconf 84' lang='lat' dir='ltr'><strong>Sed</strong></span> <span class='ocrx_word' id='word_1_252' title='bbox 776 2032 835 2087; x_wconf 79' lang='lat' dir='ltr'><strong>dux</strong></span> <span class='ocrx_word' id='word_1_253' title='bbox 845 2032 894 2087; x_wconf 81' lang='lat' dir='ltr'><strong>Er·</strong></span> <span class='ocrx_word' id='word_1_254' title='bbox 948 2028 1066 2102; x_wconf 91' lang='lat' dir='ltr'><strong>ingenio</strong></span> <span class='ocrx_word' id='word_1_255' title='bbox 1083 2030 1269 2099; x_wconf 79' lang='lat' dir='ltr'><strong>reluctantes,</strong></span> <span class='ocrx_word' id='word_1_256' title='bbox 1282 2035 1365 2093; x_wconf 82' lang='lat' dir='ltr'><strong>lactis</strong></span> <span class='ocrx_word' id='word_1_257' title='bbox 1376 2037 1545 2111; x_wconf 87' lang='lat' dir='ltr'><strong>agminibus</strong></span> <span class='ocrx_word' id='word_1_258' title='bbox 1559 2044 1626 2098; x_wconf 86' lang='lat' dir='ltr'><strong>ante</strong></span> <span class='ocrx_word' id='word_1_259' title='bbox 1640 2047 1670 2099; x_wconf 87' lang='lat' dir='ltr'><strong>et</strong></span> <span class='ocrx_word' id='word_1_260' title='bbox 1684 2048 1771 2114; x_wconf 89' lang='lat' dir='ltr'><strong>retro,</strong></span> <span class='ocrx_word' id='word_1_261' title='bbox 1808 2054 1821 2075; x_wconf 91' lang='lat'><strong>·</strong></span> 
     </span>
     <span class='ocr_line' id='line_1_22' title="bbox 63 2117 1772 2205; baseline 0.004 -22"><span class='ocrx_word' id='word_1_262' title='bbox 63 2128 172 2183; x_wconf 60' lang='lat' dir='ltr'><strong>natus</strong></span> <span class='ocrx_word' id='word_1_263' title='bbox 195 2121 347 2179; x_wconf 90' lang='lat' dir='ltr'><strong>humiliter</strong></span> <span class='ocrx_word' id='word_1_264' title='bbox 369 2122 424 2178; x_wconf 87' lang='lat' dir='ltr'><strong>iter</strong></span> <span class='ocrx_word' id='word_1_265' title='bbox 448 2121 513 2193; x_wconf 89' lang='lat' dir='ltr'><strong>ejus</strong></span> <span class='ocrx_word' id='word_1_266' title='bbox 537 2125 709 2192; x_wconf 86' lang='lat' dir='ltr'><strong>prosecutus</strong></span> <span class='ocrx_word' id='word_1_267' title='bbox 731 2136 824 2192; x_wconf 89' lang='lat' dir='ltr'><strong>usque</strong></span> <span class='ocrx_word' id='word_1_268' title='bbox 838 2122 892 2175; x_wconf 81' lang='lat' dir='ltr'><strong>hu·</strong></span> <span class='ocrx_word' id='word_1_269' title='bbox 949 2117 1130 2176; x_wconf 88' lang='lat' dir='ltr'><strong>Ravennates</strong></span> <span class='ocrx_word' id='word_1_270' title='bbox 1155 2121 1395 2194; x_wconf 89' lang='lat' dir='ltr'><strong>circumdabant;</strong></span> <span class='ocrx_word' id='word_1_271' title='bbox 1413 2131 1442 2182; x_wconf 90' lang='lat' dir='ltr'><strong>et</strong></span> <span class='ocrx_word' id='word_1_272' title='bbox 1457 2129 1644 2186; x_wconf 79' lang='lat' dir='ltr'><strong>sevientibus</strong></span> <span class='ocrx_word' id='word_1_273' title='bbox 1665 2130 1772 2205; x_wconf 84' lang='lat' dir='ltr'><strong>gladiis</strong></span> 
     </span>
     <span class='ocr_line' id='line_1_23' title="bbox 63 2204 1771 2290; baseline 0.004 -20"><span class='ocrx_word' id='word_1_274' title='bbox 63 2216 186 2289; x_wconf 74' lang='lat' dir='ltr'><strong>gnatam</strong></span> <span class='ocrx_word' id='word_1_275' title='bbox 199 2209 393 2276; x_wconf 79' lang='lat' dir='ltr'><strong>vindelicam,</strong></span> <span class='ocrx_word' id='word_1_276' title='bbox 409 2209 573 2265; x_wconf 85' lang='lat' dir='ltr'><strong>interventu</strong></span> <span class='ocrx_word' id='word_1_277' title='bbox 594 2207 770 2265; x_wconf 80' lang='lat' dir='ltr'><strong>matrissuae</strong></span> <span class='ocrx_word' id='word_1_278' title='bbox 786 2207 892 2281; x_wconf 81' lang='lat' dir='ltr'><strong>regine</strong></span> <span class='ocrx_word' id='word_1_279' title='bbox 947 2204 1024 2262; x_wconf 70' lang='lat' dir='ltr'><strong>dam</strong></span> <span class='ocrx_word' id='word_1_280' title='bbox 1039 2208 1076 2262; x_wconf 90' lang='lat' dir='ltr'><strong>ad</strong></span> <span class='ocrx_word' id='word_1_281' title='bbox 1092 2208 1214 2264; x_wconf 90' lang='lat' dir='ltr'><strong>invicem</strong></span> <span class='ocrx_word' id='word_1_282' title='bbox 1233 2210 1382 2275; x_wconf 84' lang='lat' dir='ltr'><strong>facientes,</strong></span> <span class='ocrx_word' id='word_1_283' title='bbox 1400 2230 1450 2269; x_wconf 89' lang='lat' dir='ltr'><strong>eas</strong></span> <span class='ocrx_word' id='word_1_284' title='bbox 1468 2215 1519 2287; x_wconf 89' lang='lat' dir='ltr'><strong>qui</strong></span> <span class='ocrx_word' id='word_1_285' title='bbox 1535 2217 1651 2274; x_wconf 86' lang='lat' dir='ltr'><strong>luerent</strong></span> <span class='ocrx_word' id='word_1_286' title='bbox 1671 2219 1771 2290; x_wconf 86' lang='lat' dir='ltr'><strong>medii,</strong></span> 
     </span>
     <span class='ocr_line' id='line_1_24' title="bbox 62 2295 1771 2379; baseline 0.004 -21"><span class='ocrx_word' id='word_1_287' title='bbox 62 2300 207 2359; x_wconf 79' lang='lat' dir='ltr'><strong>attratris</strong></span> <span class='ocrx_word' id='word_1_288' title='bbox 221 2299 268 2356; x_wconf 91' lang='lat' dir='ltr'><strong>sni</strong></span> <span class='ocrx_word' id='word_1_289' title='bbox 291 2298 418 2355; x_wconf 85' lang='lat' dir='ltr'><strong>Heinrici</strong></span> <span class='ocrx_word' id='word_1_290' title='bbox 444 2297 539 2353; x_wconf 91' lang='lat' dir='ltr'><strong>adhue</strong></span> <span class='ocrx_word' id='word_1_291' title='bbox 567 2295 679 2369; x_wconf 89' lang='lat' dir='ltr'><strong>parvuli</strong></span> <span class='ocrx_word' id='word_1_292' title='bbox 708 2296 892 2368; x_wconf 91' lang='lat' dir='ltr'><strong>aliarumque</strong></span> <span class='ocrx_word' id='word_1_293' title='bbox 948 2298 1080 2350; x_wconf 89' lang='lat' dir='ltr'><strong>mortuos</strong></span> <span class='ocrx_word' id='word_1_294' title='bbox 1095 2299 1147 2351; x_wconf 92' lang='lat' dir='ltr'><strong>aut</strong></span> <span class='ocrx_word' id='word_1_295' title='bbox 1168 2298 1325 2364; x_wconf 90' lang='lat' dir='ltr'><strong>sauciatos,</strong></span> <span class='ocrx_word' id='word_1_296' title='bbox 1341 2299 1385 2355; x_wconf 91' lang='lat' dir='ltr'><strong>vel</strong></span> <span class='ocrx_word' id='word_1_297' title='bbox 1412 2301 1556 2374; x_wconf 77' lang='lat' dir='ltr'><strong>fugientes</strong></span> <span class='ocrx_word' id='word_1_298' title='bbox 1580 2303 1771 2379; x_wconf 88' lang='lat' dir='ltr'><strong>reliquerunt.</strong></span> 
     </span>
     <span class='ocr_line' id='line_1_25' title="bbox 62 2381 1773 2467; baseline 0.005 -21"><span class='ocrx_word' id='word_1_299' title='bbox 62 2388 248 2467; x_wconf 75' lang='lat' dir='ltr'><strong>principum,</strong></span> <span class='ocrx_word' id='word_1_300' title='bbox 263 2387 390 2444; x_wconf 92' lang='lat' dir='ltr'><strong>multum</strong></span> <span class='ocrx_word' id='word_1_301' title='bbox 407 2390 547 2442; x_wconf 87' lang='lat' dir='ltr'><strong>renuente</strong></span> <span class='ocrx_word' id='word_1_302' title='bbox 567 2400 645 2458; x_wconf 86' lang='lat' dir='ltr'><strong>rega,</strong></span> <span class='ocrx_word' id='word_1_303' title='bbox 660 2384 707 2440; x_wconf 84' lang='lat' dir='ltr'><strong>vix</strong></span> <span class='ocrx_word' id='word_1_304' title='bbox 721 2384 750 2439; x_wconf 91' lang='lat' dir='ltr'><strong>in</strong></span> <span class='ocrx_word' id='word_1_305' title='bbox 766 2384 891 2458; x_wconf 86' lang='lat' dir='ltr'><strong>gratiam</strong></span> <span class='ocrx_word' id='word_1_306' title='bbox 947 2381 1070 2450; x_wconf 82' lang='lat' dir='ltr'><strong>Quidam</strong></span> <span class='ocrx_word' id='word_1_307' title='bbox 1099 2400 1198 2441; x_wconf 88' lang='lat' dir='ltr'><strong>comes</strong></span> <span class='ocrx_word' id='word_1_308' title='bbox 1227 2388 1345 2443; x_wconf 89' lang='lat' dir='ltr'><strong>nomina</strong></span> <span class='ocrx_word' id='word_1_309' title='bbox 1372 2390 1463 2463; x_wconf 78' lang='lat' dir='ltr'><strong>lippo,</strong></span> <span class='ocrx_word' id='word_1_310' title='bbox 1478 2392 1608 2465; x_wconf 89' lang='lat' dir='ltr'><strong>optimus</strong></span> <span class='ocrx_word' id='word_1_311' title='bbox 1633 2395 1716 2453; x_wconf 87' lang='lat' dir='ltr'><strong>miles</strong></span> <span class='ocrx_word' id='word_1_312' title='bbox 1737 2397 1773 2454; x_wconf 90' lang='lat' dir='ltr'><strong>de</strong></span> 
     </span>
     <span class='ocr_line' id='line_1_26' title="bbox 62 2466 1772 2559; baseline 0.004 -24"><span class='ocrx_word' id='word_1_313' title='bbox 62 2466 133 2553; x_wconf 64' lang='lat' dir='ltr'><strong>elne</strong></span> <span class='ocrx_word' id='word_1_314' title='bbox 147 2481 281 2551; x_wconf 85' lang='lat' dir='ltr'><strong>receptus</strong></span> <span class='ocrx_word' id='word_1_315' title='bbox 295 2479 350 2531; x_wconf 88' lang='lat' dir='ltr'><strong>est.</strong></span> <span class='ocrx_word' id='word_1_316' title='bbox 947 2471 1090 2542; x_wconf 85' lang='lat' dir='ltr'><strong>Bajoaria,</strong></span> <span class='ocrx_word' id='word_1_317' title='bbox 1107 2489 1173 2529; x_wconf 92' lang='lat' dir='ltr'><strong>cum</strong></span> <span class='ocrx_word' id='word_1_318' title='bbox 1202 2475 1319 2531; x_wconf 89' lang='lat' dir='ltr'><strong>Panone</strong></span> <span class='ocrx_word' id='word_1_319' title='bbox 1344 2476 1491 2534; x_wconf 86' lang='lat' dir='ltr'><strong>civitatem</strong></span> <span class='ocrx_word' id='word_1_320' title='bbox 1516 2480 1625 2550; x_wconf 77' lang='lat' dir='ltr'><strong>exiens,</strong></span> <span class='ocrx_word' id='word_1_321' title='bbox 1642 2499 1692 2539; x_wconf 90' lang='lat' dir='ltr'><strong>eos</strong></span> <span class='ocrx_word' id='word_1_322' title='bbox 1721 2486 1772 2559; x_wconf 89' lang='lat' dir='ltr'><strong>qui</strong></span> 
     </span>
     <span class='ocr_line' id='line_1_27' title="bbox 66 2558 1772 2640; baseline 0.004 -17"><span class='ocrx_word' id='word_1_323' title='bbox 66 2558 70 2563; x_wconf 68' lang='grc'><strong>’</strong></span> <span class='ocrx_word' id='word_1_324' title='bbox 134 2582 212 2631; x_wconf 84' lang='lat' dir='ltr'><strong>ouon</strong></span> <span class='ocrx_word' id='word_1_325' title='bbox 230 2582 282 2621; x_wconf 83' lang='lat' dir='ltr'><strong>rsx</strong></span> <span class='ocrx_word' id='word_1_326' title='bbox 301 2580 362 2620; x_wconf 80' lang='lat' dir='ltr'><strong>cau</strong></span> <span class='ocrx_word' id='word_1_327' title='bbox 381 2578 519 2618; x_wconf 77' lang='lat' dir='ltr'><strong>mnaciru</strong></span> <span class='ocrx_word' id='word_1_328' title='bbox 540 2579 568 2616; x_wconf 79' lang='lat' dir='ltr'><strong>av</strong></span> <span class='ocrx_word' id='word_1_329' title='bbox 588 2578 702 2617; x_wconf 76' lang='lat' dir='ltr'><strong>iranvau</strong></span> <span class='ocrx_word' id='word_1_330' title='bbox 722 2577 828 2616; x_wconf 81' lang='lat' dir='ltr'><strong>araur.</strong></span> <span class='ocrx_word' id='word_1_331' title='bbox 946 2564 1064 2632; x_wconf 87' lang='lat' dir='ltr'><strong>pontem</strong></span> <span class='ocrx_word' id='word_1_332' title='bbox 1081 2563 1288 2634; x_wconf 84' lang='lat' dir='ltr'><strong>superstabant</strong></span> <span class='ocrx_word' id='word_1_333' title='bbox 1302 2565 1480 2639; x_wconf 89' lang='lat' dir='ltr'><strong>subjugavit,</strong></span> <span class='ocrx_word' id='word_1_334' title='bbox 1493 2572 1522 2623; x_wconf 89' lang='lat' dir='ltr'><strong>et</strong></span> <span class='ocrx_word' id='word_1_335' title='bbox 1534 2567 1655 2640; x_wconf 89' lang='lat' dir='ltr'><strong>plurimi</strong></span> <span class='ocrx_word' id='word_1_336' title='bbox 1670 2588 1772 2630; x_wconf 90' lang='lat' dir='ltr'><strong>eorum</strong></span> 
     </span>
     <span class='ocr_line' id='line_1_28' title="bbox 101 2646 1773 2731; baseline 0.002 -18"><span class='ocrx_word' id='word_1_337' title='bbox 101 2658 187 2713; x_wconf 79' lang='lat' dir='ltr'><strong>Anno</strong></span> <span class='ocrx_word' id='word_1_338' title='bbox 202 2651 412 2710; x_wconf 86' lang='lat' dir='ltr'><strong>incarnationis</strong></span> <span class='ocrx_word' id='word_1_339' title='bbox 426 2649 532 2707; x_wconf 90' lang='lat' dir='ltr'><strong>Christi</strong></span> <span class='ocrx_word' id='word_1_340' title='bbox 545 2651 623 2716; x_wconf 75' lang='lat'><strong>1020,</strong></span> <span class='ocrx_word' id='word_1_341' title='bbox 635 2648 827 2705; x_wconf 88' lang='lat' dir='ltr'><strong>Chuonradus</strong></span> <span class='ocrx_word' id='word_1_342' title='bbox 842 2664 892 2704; x_wconf 78' lang='lat' dir='ltr'><strong>rex</strong></span> <span class='ocrx_word' id='word_1_343' title='bbox 946 2646 1095 2717; x_wconf 91' lang='lat' dir='ltr'><strong>perillum</strong></span> <span class='ocrx_word' id='word_1_344' title='bbox 1111 2648 1207 2704; x_wconf 88' lang='lat' dir='ltr'><strong>solum</strong></span> <span class='ocrx_word' id='word_1_345' title='bbox 1223 2649 1258 2705; x_wconf 91' lang='lat' dir='ltr'><strong>de</strong></span> <span class='ocrx_word' id='word_1_346' title='bbox 1274 2656 1361 2721; x_wconf 87' lang='lat' dir='ltr'><strong>ponte</strong></span> <span class='ocrx_word' id='word_1_347' title='bbox 1387 2654 1570 2726; x_wconf 72' lang='lat' dir='ltr'><strong>precipitati,</strong></span> <span class='ocrx_word' id='word_1_348' title='bbox 1586 2656 1616 2711; x_wconf 92' lang='lat' dir='ltr'><strong>in</strong></span> <span class='ocrx_word' id='word_1_349' title='bbox 1632 2674 1710 2731; x_wconf 89' lang='lat' dir='ltr'><strong>aqua</strong></span> <span class='ocrx_word' id='word_1_350' title='bbox 1725 2677 1773 2718; x_wconf 88' lang='lat' dir='ltr'><strong>ne-</strong></span> 
     </span>
     <span class='ocr_line' id='line_1_29' title="bbox 61 2735 1772 2813; baseline 0.001 -12"><span class='ocrx_word' id='word_1_351' title='bbox 61 2740 192 2801; x_wconf 71' lang='lat' dir='ltr'><strong>oonbilio</strong></span> <span class='ocrx_word' id='word_1_352' title='bbox 204 2744 233 2797; x_wconf 89' lang='lat' dir='ltr'><strong>et</strong></span> <span class='ocrx_word' id='word_1_353' title='bbox 246 2738 385 2813; x_wconf 86' lang='lat' dir='ltr'><strong>petitione</strong></span> <span class='ocrx_word' id='word_1_354' title='bbox 400 2737 566 2812; x_wconf 87' lang='lat' dir='ltr'><strong>principum</strong></span> <span class='ocrx_word' id='word_1_355' title='bbox 592 2737 673 2809; x_wconf 89' lang='lat' dir='ltr'><strong>regni</strong></span> <span class='ocrx_word' id='word_1_356' title='bbox 695 2736 789 2791; x_wconf 88' lang='lat' dir='ltr'><strong>lilium</strong></span> <span class='ocrx_word' id='word_1_357' title='bbox 802 2751 890 2791; x_wconf 91' lang='lat' dir='ltr'><strong>suum</strong></span> <span class='ocrx_word' id='word_1_358' title='bbox 945 2735 1001 2790; x_wconf 88' lang='lat' dir='ltr'><strong>cati</strong></span> <span class='ocrx_word' id='word_1_359' title='bbox 1015 2739 1093 2791; x_wconf 86' lang='lat' dir='ltr'><strong>sunt.</strong></span> <span class='ocrx_word' id='word_1_360' title='bbox 1111 2736 1169 2792; x_wconf 82' lang='lat' dir='ltr'><strong>Rex</strong></span> <span class='ocrx_word' id='word_1_361' title='bbox 1184 2754 1250 2793; x_wconf 80' lang='lat' dir='ltr'><strong>vero</strong></span> <span class='ocrx_word' id='word_1_362' title='bbox 1265 2738 1468 2809; x_wconf 85' lang='lat' dir='ltr'><strong>Chuonradus,</strong></span> <span class='ocrx_word' id='word_1_363' title='bbox 1481 2742 1630 2800; x_wconf 86' lang='lat' dir='ltr'><strong>sicuterat</strong></span> <span class='ocrx_word' id='word_1_364' title='bbox 1645 2746 1674 2800; x_wconf 93' lang='lat' dir='ltr'><strong>in</strong></span> <span class='ocrx_word' id='word_1_365' title='bbox 1688 2747 1772 2802; x_wconf 90' lang='lat' dir='ltr'><strong>cubi·</strong></span> 
     </span>
     <span class='ocr_line' id='line_1_30' title="bbox 48 2821 1770 2908; baseline 0.002 -19"><span class='ocrx_word' id='word_1_366' title='bbox 48 2826 233 2901; x_wconf 60' lang='lat' dir='ltr'><strong>¹‚fldinricum</strong></span> <span class='ocrx_word' id='word_1_367' title='bbox 248 2842 372 2902; x_wconf 89' lang='lat' dir='ltr'><strong>puerum</strong></span> <span class='ocrx_word' id='word_1_368' title='bbox 386 2843 483 2901; x_wconf 89' lang='lat' dir='ltr'><strong>regem</strong></span> <span class='ocrx_word' id='word_1_369' title='bbox 500 2830 606 2898; x_wconf 89' lang='lat' dir='ltr'><strong>postse</strong></span> <span class='ocrx_word' id='word_1_370' title='bbox 619 2822 892 2898; x_wconf 88' lang='lat' dir='ltr'><strong>designavit,illum·</strong></span> <span class='ocrx_word' id='word_1_371' title='bbox 946 2821 1021 2890; x_wconf 88' lang='lat' dir='ltr'><strong>culo,</strong></span> <span class='ocrx_word' id='word_1_372' title='bbox 1038 2822 1116 2879; x_wconf 91' lang='lat' dir='ltr'><strong>hanc</strong></span> <span class='ocrx_word' id='word_1_373' title='bbox 1140 2824 1314 2881; x_wconf 83' lang='lat' dir='ltr'><strong>seditionem</strong></span> <span class='ocrx_word' id='word_1_374' title='bbox 1341 2827 1518 2902; x_wconf 86' lang='lat' dir='ltr'><strong>intelligens,</strong></span> <span class='ocrx_word' id='word_1_375' title='bbox 1536 2848 1619 2889; x_wconf 87' lang='lat' dir='ltr'><strong>arma</strong></span> <span class='ocrx_word' id='word_1_376' title='bbox 1640 2833 1770 2908; x_wconf 87' lang='lat' dir='ltr'><strong>corripit,</strong></span> 
     </span>
     <span class='ocr_line' id='line_1_31' title="bbox 56 2911 1770 3005; baseline 0.001 -28"><span class='ocrx_word' id='word_1_377' title='bbox 56 2917 263 3005; x_wconf 69' lang='lat' dir='ltr'><strong>quaererent</strong></span> <span class='ocrx_word' id='word_1_378' title='bbox 287 2915 483 2990; x_wconf 66' lang='lat' dir='ltr'><strong>augustensis</strong></span> <span class='ocrx_word' id='word_1_379' title='bbox 494 2914 628 2970; x_wconf 75' lang='lat' dir='ltr'><strong>Ecclesia</strong></span> <span class='ocrx_word' id='word_1_380' title='bbox 648 2912 782 2985; x_wconf 88' lang='lat' dir='ltr'><strong>episcopo</strong></span> <span class='ocrx_word' id='word_1_381' title='bbox 798 2912 827 2967; x_wconf 93' lang='lat' dir='ltr'><strong>in</strong></span> <span class='ocrx_word' id='word_1_382' title='bbox 842 2916 890 2968; x_wconf 91' lang='lat' dir='ltr'><strong>tn·</strong></span> <span class='ocrx_word' id='word_1_383' title='bbox 944 2925 1054 2982; x_wconf 85' lang='lat' dir='ltr'><strong>equum</strong></span> <span class='ocrx_word' id='word_1_384' title='bbox 1070 2911 1171 2983; x_wconf 86' lang='lat' dir='ltr'><strong>poscit,</strong></span> <span class='ocrx_word' id='word_1_385' title='bbox 1189 2917 1217 2967; x_wconf 88' lang='lat' dir='ltr'><strong>et</strong></span> <span class='ocrx_word' id='word_1_386' title='bbox 1231 2929 1367 2985; x_wconf 81' lang='lat' dir='ltr'><strong>egressus</strong></span> <span class='ocrx_word' id='word_1_387' title='bbox 1383 2917 1490 2973; x_wconf 91' lang='lat' dir='ltr'><strong>atrium</strong></span> <span class='ocrx_word' id='word_1_388' title='bbox 1505 2918 1547 2975; x_wconf 93' lang='lat' dir='ltr'><strong>uti</strong></span> <span class='ocrx_word' id='word_1_389' title='bbox 1571 2920 1644 2977; x_wconf 90' lang='lat' dir='ltr'><strong>vidit</strong></span> <span class='ocrx_word' id='word_1_390' title='bbox 1656 2921 1770 2979; x_wconf 85' lang='lat' dir='ltr'><strong>Raven-</strong></span> 
     </span>
     <span class='ocr_line' id='line_1_32' title="bbox 49 2997 1770 3082; baseline -0.001 -13"><span class='ocrx_word' id='word_1_391' title='bbox 49 3000 155 3069; x_wconf 73' lang='lat' dir='ltr'><strong>litam</strong></span> <span class='ocrx_word' id='word_1_392' title='bbox 168 3004 385 3067; x_wconf 81' lang='lat' dir='ltr'><strong>commendavit</strong></span> <span class='ocrx_word' id='word_1_393' title='bbox 397 3021 404 3072; x_wconf 88' lang='lat'>;</span> <span class='ocrx_word' id='word_1_394' title='bbox 420 3007 449 3059; x_wconf 88' lang='lat' dir='ltr'><strong>et</strong></span> <span class='ocrx_word' id='word_1_395' title='bbox 463 3019 554 3074; x_wconf 91' lang='lat' dir='ltr'><strong>supra</strong></span> <span class='ocrx_word' id='word_1_396' title='bbox 568 3001 656 3058; x_wconf 91' lang='lat' dir='ltr'><strong>dictis</strong></span> <span class='ocrx_word' id='word_1_397' title='bbox 676 3000 811 3057; x_wconf 87' lang='lat' dir='ltr'><strong>hostibus</strong></span> <span class='ocrx_word' id='word_1_398' title='bbox 828 3001 890 3056; x_wconf 91' lang='lat' dir='ltr'><strong>suis</strong></span> <span class='ocrx_word' id='word_1_399' title='bbox 945 2997 1112 3055; x_wconf 85' lang='lat' dir='ltr'><strong>natosbello</strong></span> <span class='ocrx_word' id='word_1_400' title='bbox 1123 3000 1213 3057; x_wconf 89' lang='lat' dir='ltr'><strong>vietus</strong></span> <span class='ocrx_word' id='word_1_401' title='bbox 1223 3003 1259 3056; x_wconf 94' lang='lat' dir='ltr'><strong>ad</strong></span> <span class='ocrx_word' id='word_1_402' title='bbox 1271 3001 1414 3060; x_wconf 82' lang='lat' dir='ltr'><strong>Ecclesiae</strong></span> <span class='ocrx_word' id='word_1_403' title='bbox 1425 3006 1628 3080; x_wconf 66' lang='lat' dir='ltr'><strong>confugeram</strong></span> <span class='ocrx_word' id='word_1_404' title='bbox 1638 3010 1770 3082; x_wconf 83' lang='lat' dir='ltr'><strong>undique</strong></span> 
     </span>
     <span class='ocr_line' id='line_1_33' title="bbox 54 3069 1764 3168; baseline 0.001 -15"><span class='ocrx_word' id='word_1_405' title='bbox 54 3094 189 3167; x_wconf 67' lang='lat' dir='ltr'><strong>insidias</strong></span> <span class='ocrx_word' id='word_1_406' title='bbox 197 3110 249 3168; x_wconf 89' lang='lat' dir='ltr'><strong>per</strong></span> <span class='ocrx_word' id='word_1_407' title='bbox 259 3069 525 3160; x_wconf 60' lang='lat' dir='ltr'><strong>tiliume&#39;teaeteros</strong></span> <span class='ocrx_word' id='word_1_408' title='bbox 535 3089 636 3146; x_wconf 89' lang='lat' dir='ltr'><strong>ssdeles</strong></span> <span class='ocrx_word' id='word_1_409' title='bbox 646 3105 716 3145; x_wconf 83' lang='lat' dir='ltr'><strong>suos</strong></span> <span class='ocrx_word' id='word_1_410' title='bbox 730 3087 886 3163; x_wconf 89' lang='lat' dir='ltr'><strong>diligenter</strong></span> <span class='ocrx_word' id='word_1_411' title='bbox 902 3070 924 3136; x_wconf 80' lang='lat' dir='ltr'><strong>G</strong></span> <span class='ocrx_word' id='word_1_412' title='bbox 941 3085 1211 3159; x_wconf 83' lang='lat' dir='ltr'><strong>latibulaqnoerere,</strong></span> <span class='ocrx_word' id='word_1_413' title='bbox 1223 3089 1361 3146; x_wconf 89' lang='lat' dir='ltr'><strong>misertus</strong></span> <span class='ocrx_word' id='word_1_414' title='bbox 1372 3108 1485 3166; x_wconf 90' lang='lat' dir='ltr'><strong>eorum,</strong></span> <span class='ocrx_word' id='word_1_415' title='bbox 1498 3095 1637 3167; x_wconf 89' lang='lat' dir='ltr'><strong>quoniam</strong></span> <span class='ocrx_word' id='word_1_416' title='bbox 1648 3113 1682 3153; x_wconf 79' lang='lat' dir='ltr'><strong>aa</strong></span> <span class='ocrx_word' id='word_1_417' title='bbox 1691 3101 1764 3155; x_wconf 73' lang='lat' dir='ltr'><strong>utra</strong></span> 
     </span>
     <span class='ocr_line' id='line_1_34' title="bbox 56 3176 1765 3259; baseline 0.004 -22"><span class='ocrx_word' id='word_1_418' title='bbox 56 3176 225 3259; x_wconf 68' lang='lat' dir='ltr'><strong>apponens,</strong></span> <span class='ocrx_word' id='word_1_419' title='bbox 238 3180 303 3253; x_wconf 87' lang='lat' dir='ltr'><strong>ipse</strong></span> <span class='ocrx_word' id='word_1_420' title='bbox 317 3196 382 3236; x_wconf 90' lang='lat' dir='ltr'><strong>cum</strong></span> <span class='ocrx_word' id='word_1_421' title='bbox 395 3180 523 3234; x_wconf 86' lang='lat' dir='ltr'><strong>exercitu</strong></span> <span class='ocrx_word' id='word_1_422' title='bbox 534 3178 651 3249; x_wconf 87' lang='lat' dir='ltr'><strong>copioso</strong></span> <span class='ocrx_word' id='word_1_423' title='bbox 661 3177 774 3233; x_wconf 83' lang='lat' dir='ltr'><strong>ltaliam</strong></span> <span class='ocrx_word' id='word_1_424' title='bbox 788 3180 884 3249; x_wconf 88' lang='lat' dir='ltr'><strong>petere</strong></span> <span class='ocrx_word' id='word_1_425' title='bbox 938 3191 995 3247; x_wconf 85' lang='lat' dir='ltr'><strong>que</strong></span> <span class='ocrx_word' id='word_1_426' title='bbox 1019 3180 1101 3247; x_wconf 83' lang='lat' dir='ltr'><strong>parte</strong></span> <span class='ocrx_word' id='word_1_427' title='bbox 1124 3177 1170 3231; x_wconf 92' lang='lat' dir='ltr'><strong>sui</strong></span> <span class='ocrx_word' id='word_1_428' title='bbox 1199 3182 1293 3243; x_wconf 83' lang='lat' dir='ltr'><strong>erant,</strong></span> <span class='ocrx_word' id='word_1_429' title='bbox 1310 3179 1467 3237; x_wconf 85' lang='lat' dir='ltr'><strong>exereitum</strong></span> <span class='ocrx_word' id='word_1_430' title='bbox 1498 3184 1534 3238; x_wconf 90' lang='lat' dir='ltr'><strong>de</strong></span> <span class='ocrx_word' id='word_1_431' title='bbox 1561 3186 1765 3256; x_wconf 86' lang='lat' dir='ltr'><strong>persecutione</strong></span> 
     </span>
     <span class='ocr_line' id='line_1_35' title="bbox 56 3261 1764 3348; baseline 0.002 -20"><span class='ocrx_word' id='word_1_432' title='bbox 56 3270 213 3347; x_wconf 66' lang='lat' dir='ltr'><strong>sopitam</strong></span> <span class='ocrx_word' id='word_1_433' title='bbox 227 3285 287 3341; x_wconf 85' lang='lat' dir='ltr'><strong>qua</strong></span> <span class='ocrx_word' id='word_1_434' title='bbox 300 3267 491 3341; x_wconf 85' lang='lat' dir='ltr'><strong>expeditione,</strong></span> <span class='ocrx_word' id='word_1_435' title='bbox 506 3284 598 3339; x_wconf 91' lang='lat' dir='ltr'><strong>supra</strong></span> <span class='ocrx_word' id='word_1_436' title='bbox 625 3266 721 3322; x_wconf 85' lang='lat' dir='ltr'><strong>dictus</strong></span> <span class='ocrx_word' id='word_1_437' title='bbox 744 3267 885 3321; x_wconf 82' lang='lat' dir='ltr'><strong>Emestus</strong></span> <span class='ocrx_word' id='word_1_438' title='bbox 938 3261 1046 3318; x_wconf 88' lang='lat' dir='ltr'><strong>civium</strong></span> <span class='ocrx_word' id='word_1_439' title='bbox 1063 3265 1214 3331; x_wconf 85' lang='lat' dir='ltr'><strong>revocavit,</strong></span> <span class='ocrx_word' id='word_1_440' title='bbox 1231 3271 1260 3321; x_wconf 87' lang='lat' dir='ltr'><strong>et</strong></span> <span class='ocrx_word' id='word_1_441' title='bbox 1284 3266 1347 3338; x_wconf 90' lang='lat' dir='ltr'><strong>ipae</strong></span> <span class='ocrx_word' id='word_1_442' title='bbox 1370 3268 1400 3323; x_wconf 91' lang='lat' dir='ltr'><strong>in</strong></span> <span class='ocrx_word' id='word_1_443' title='bbox 1426 3269 1567 3341; x_wconf 87' lang='lat' dir='ltr'><strong>palatium</strong></span> <span class='ocrx_word' id='word_1_444' title='bbox 1593 3289 1625 3329; x_wconf 86' lang='lat' dir='ltr'><strong>se</strong></span> <span class='ocrx_word' id='word_1_445' title='bbox 1647 3275 1764 3348; x_wconf 87' lang='lat' dir='ltr'><strong>recepit.</strong></span> 
     </span>
     <span class='ocr_line' id='line_1_36' title="bbox 57 3350 1761 3430; baseline -0.001 -9"><span class='ocrx_word' id='word_1_446' title='bbox 57 3357 325 3426; x_wconf 76' lang='lat' dir='ltr'><strong>dux-Alamannia,</strong></span> <span class='ocrx_word' id='word_1_447' title='bbox 340 3355 555 3428; x_wconf 88' lang='lat' dir='ltr'><strong>aliquantulum</strong></span> <span class='ocrx_word' id='word_1_448' title='bbox 578 3353 638 3426; x_wconf 90' lang='lat' dir='ltr'><strong>regi</strong></span> <span class='ocrx_word' id='word_1_449' title='bbox 654 3353 884 3409; x_wconf 82' lang='lat' dir='ltr'><strong>militansCam·</strong></span> <span class='ocrx_word' id='word_1_450' title='bbox 938 3350 1022 3408; x_wconf 84' lang='lat' dir='ltr'><strong>Mane</strong></span> <span class='ocrx_word' id='word_1_451' title='bbox 1037 3356 1134 3407; x_wconf 91' lang='lat' dir='ltr'><strong>autem</strong></span> <span class='ocrx_word' id='word_1_452' title='bbox 1151 3353 1225 3409; x_wconf 84' lang='lat' dir='ltr'><strong>laeta</strong></span> <span class='ocrx_word' id='word_1_453' title='bbox 1243 3354 1424 3412; x_wconf 86' lang='lat' dir='ltr'><strong>Ravennates</strong></span> <span class='ocrx_word' id='word_1_454' title='bbox 1439 3358 1488 3429; x_wconf 89' lang='lat' dir='ltr'><strong>qui</strong></span> <span class='ocrx_word' id='word_1_455' title='bbox 1503 3365 1713 3430; x_wconf 87' lang='lat' dir='ltr'><strong>remanserant,</strong></span> <span class='ocrx_word' id='word_1_456' title='bbox 1730 3363 1761 3419; x_wconf 90' lang='lat' dir='ltr'><strong>in</strong></span> 
     </span>
     <span class='ocr_line' id='line_1_37' title="bbox 45 3439 1761 3525; baseline 0.001 -20"><span class='ocrx_word' id='word_1_457' title='bbox 45 3440 254 3525; x_wconf 75' lang='lat' dir='ltr'><strong>&#39;pidonenaom</strong></span> <span class='ocrx_word' id='word_1_458' title='bbox 267 3442 503 3510; x_wconf 77' lang='lat' dir='ltr'><strong>abbatiam,licot</strong></span> <span class='ocrx_word' id='word_1_459' title='bbox 517 3446 619 3498; x_wconf 84' lang='lat' dir='ltr'><strong>contra</strong></span> <span class='ocrx_word' id='word_1_460' title='bbox 633 3442 678 3498; x_wconf 84' lang='lat' dir='ltr'><strong>las</strong></span> <span class='ocrx_word' id='word_1_461' title='bbox 692 3445 720 3497; x_wconf 91' lang='lat' dir='ltr'><strong>et</strong></span> <span class='ocrx_word' id='word_1_462' title='bbox 730 3442 782 3512; x_wconf 92' lang='lat' dir='ltr'><strong>jus</strong></span> <span class='ocrx_word' id='word_1_463' title='bbox 796 3444 884 3507; x_wconf 87' lang='lat' dir='ltr'><strong>esset,</strong></span> <span class='ocrx_word' id='word_1_464' title='bbox 939 3439 1033 3495; x_wconf 87' lang='lat' dir='ltr'><strong>cilicio</strong></span> <span class='ocrx_word' id='word_1_465' title='bbox 1047 3445 1076 3495; x_wconf 89' lang='lat' dir='ltr'><strong>et</strong></span> <span class='ocrx_word' id='word_1_466' title='bbox 1091 3441 1179 3497; x_wconf 90' lang='lat' dir='ltr'><strong>nudis</strong></span> <span class='ocrx_word' id='word_1_467' title='bbox 1200 3442 1324 3514; x_wconf 90' lang='lat' dir='ltr'><strong>pedihus</strong></span> <span class='ocrx_word' id='word_1_468' title='bbox 1350 3449 1438 3516; x_wconf 85' lang='lat' dir='ltr'><strong>atque</strong></span> <span class='ocrx_word' id='word_1_469' title='bbox 1463 3447 1570 3504; x_wconf 84' lang='lat' dir='ltr'><strong>exortis</strong></span> <span class='ocrx_word' id='word_1_470' title='bbox 1595 3446 1711 3521; x_wconf 87' lang='lat' dir='ltr'><strong>gladiis,</strong></span> <span class='ocrx_word' id='word_1_471' title='bbox 1727 3453 1761 3507; x_wconf 89' lang='lat' dir='ltr'><strong>ut</strong></span> 
     </span>
     <span class='ocr_line' id='line_1_38' title="bbox 45 3527 1761 3610; baseline 0.001 -18"><span class='ocrx_word' id='word_1_472' title='bbox 45 3534 186 3597; x_wconf 60' lang='lat' dir='ltr'><strong>&#39;Mam</strong></span> <span class='ocrx_word' id='word_1_473' title='bbox 201 3550 263 3592; x_wconf 82' lang='lat' dir='ltr'><strong>rem</strong></span> <span class='ocrx_word' id='word_1_474' title='bbox 277 3532 336 3590; x_wconf 93' lang='lat' dir='ltr'><strong>nisi</strong></span> <span class='ocrx_word' id='word_1_475' title='bbox 350 3531 509 3589; x_wconf 87' lang='lat' dir='ltr'><strong>liberaliter</strong></span> <span class='ocrx_word' id='word_1_476' title='bbox 530 3531 647 3598; x_wconf 87' lang='lat' dir='ltr'><strong>servire,</strong></span> <span class='ocrx_word' id='word_1_477' title='bbox 664 3530 693 3586; x_wconf 93' lang='lat' dir='ltr'><strong>in</strong></span> <span class='ocrx_word' id='word_1_478' title='bbox 711 3528 884 3586; x_wconf 84' lang='lat' dir='ltr'><strong>beneficium</strong></span> <span class='ocrx_word' id='word_1_479' title='bbox 938 3527 1097 3585; x_wconf 84' lang='lat' dir='ltr'><strong>lexeorum</strong></span> <span class='ocrx_word' id='word_1_480' title='bbox 1112 3531 1252 3603; x_wconf 74' lang='lat' dir='ltr'><strong>precipit,</strong></span> <span class='ocrx_word' id='word_1_481' title='bbox 1267 3530 1351 3588; x_wconf 85' lang='lat' dir='ltr'><strong>victis</strong></span> <span class='ocrx_word' id='word_1_482' title='bbox 1366 3533 1489 3602; x_wconf 90' lang='lat' dir='ltr'><strong>civibus,</strong></span> <span class='ocrx_word' id='word_1_483' title='bbox 1505 3539 1572 3592; x_wconf 89' lang='lat' dir='ltr'><strong>ante</strong></span> <span class='ocrx_word' id='word_1_484' title='bbox 1595 3552 1693 3610; x_wconf 88' lang='lat' dir='ltr'><strong>regem</strong></span> <span class='ocrx_word' id='word_1_485' title='bbox 1712 3553 1761 3594; x_wconf 90' lang='lat' dir='ltr'><strong>ve·</strong></span> 
     </span>
     <span class='ocr_line' id='line_1_39' title="bbox 59 3616 1761 3699; baseline 0.002 -19"><span class='ocrx_word' id='word_1_486' title='bbox 59 3622 175 3699; x_wconf 70' lang='lat' dir='ltr'><strong>accepit</strong></span> <span class='ocrx_word' id='word_1_487' title='bbox 186 3640 205 3680; x_wconf 84' lang='lat' dir='ltr'><strong>a</strong></span> <span class='ocrx_word' id='word_1_488' title='bbox 218 3637 296 3696; x_wconf 79' lang='lat' dir='ltr'><strong>rego,</strong></span> <span class='ocrx_word' id='word_1_489' title='bbox 309 3625 338 3678; x_wconf 90' lang='lat' dir='ltr'><strong>et</strong></span> <span class='ocrx_word' id='word_1_490' title='bbox 351 3621 387 3677; x_wconf 92' lang='lat' dir='ltr'><strong>ad</strong></span> <span class='ocrx_word' id='word_1_491' title='bbox 404 3620 559 3677; x_wconf 87' lang='lat' dir='ltr'><strong>tutandam</strong></span> <span class='ocrx_word' id='word_1_492' title='bbox 584 3618 708 3690; x_wconf 88' lang='lat' dir='ltr'><strong>patriam</strong></span> <span class='ocrx_word' id='word_1_493' title='bbox 728 3617 886 3674; x_wconf 84' lang='lat' dir='ltr'><strong>honorifice</strong></span> <span class='ocrx_word' id='word_1_494' title='bbox 940 3616 1063 3685; x_wconf 85' lang='lat' dir='ltr'><strong>aientes,</strong></span> <span class='ocrx_word' id='word_1_495' title='bbox 1080 3617 1233 3691; x_wconf 84' lang='lat' dir='ltr'><strong>sicutipse</strong></span> <span class='ocrx_word' id='word_1_496' title='bbox 1248 3621 1393 3692; x_wconf 84' lang='lat' dir='ltr'><strong>pracepit,</strong></span> <span class='ocrx_word' id='word_1_497' title='bbox 1410 3622 1548 3680; x_wconf 91' lang='lat' dir='ltr'><strong>omnibus</strong></span> <span class='ocrx_word' id='word_1_498' title='bbox 1563 3625 1659 3681; x_wconf 91' lang='lat' dir='ltr'><strong>modis</strong></span> <span class='ocrx_word' id='word_1_499' title='bbox 1674 3627 1761 3683; x_wconf 87' lang='lat' dir='ltr'><strong>satis·</strong></span> 
     </span>
     <span class='ocr_line' id='line_1_40' title="bbox 59 3704 1763 3773; baseline 0.006 -14"><span class='ocrx_word' id='word_1_500' title='bbox 59 3712 209 3773; x_wconf 66' lang='lat' dir='ltr'><strong>mim.</strong></span> <span class='ocrx_word' id='word_1_501' title='bbox 220 3714 277 3768; x_wconf 64' lang='lat' dir='ltr'><strong>aaa,</strong></span> <span class='ocrx_word' id='word_1_502' title='bbox 940 3704 1094 3761; x_wconf 82' lang='lat' dir='ltr'><strong>iaciebant.</strong></span> <span class='ocrx_word' id='word_1_503' title='bbox 1106 3705 1146 3762; x_wconf 91' lang='lat' dir='ltr'><strong>Ibi</strong></span> <span class='ocrx_word' id='word_1_504' title='bbox 1157 3724 1206 3763; x_wconf 84' lang='lat' dir='ltr'><strong>rex</strong></span> <span class='ocrx_word' id='word_1_505' title='bbox 1216 3707 1408 3765; x_wconf 83' lang='lat' dir='ltr'><strong>Chuonradus</strong></span> <span class='ocrx_word' id='word_1_506' title='bbox 1418 3710 1577 3768; x_wconf 88' lang='lat' dir='ltr'><strong>maximam</strong></span> <span class='ocrx_word' id='word_1_507' title='bbox 1593 3713 1763 3771; x_wconf 89' lang='lat' dir='ltr'><strong>munitleen·</strong></span> 
     </span>
     <span class='ocr_line' id='line_1_41' title="bbox 218 3794 1764 3867; baseline 0.002 -11"><span class='ocrx_word' id='word_1_508' title='bbox 218 3814 296 3864; x_wconf 85' lang='lat' dir='ltr'><strong>oooo</strong></span> <span class='ocrx_word' id='word_1_509' title='bbox 314 3815 370 3855; x_wconf 81' lang='lat' dir='ltr'><strong>sax</strong></span> <span class='ocrx_word' id='word_1_510' title='bbox 388 3814 539 3855; x_wconf 75' lang='lat' dir='ltr'><strong>narrasses</strong></span> <span class='ocrx_word' id='word_1_511' title='bbox 557 3811 730 3852; x_wconf 68' lang='lat' dir='ltr'><strong>irrumare.</strong></span> <span class='ocrx_word' id='word_1_512' title='bbox 939 3794 1011 3850; x_wconf 86' lang='lat' dir='ltr'><strong>tiam</strong></span> <span class='ocrx_word' id='word_1_513' title='bbox 1033 3794 1063 3850; x_wconf 89' lang='lat' dir='ltr'><strong>in</strong></span> <span class='ocrx_word' id='word_1_514' title='bbox 1086 3795 1245 3867; x_wconf 88' lang='lat' dir='ltr'><strong>quemdam</strong></span> <span class='ocrx_word' id='word_1_515' title='bbox 1271 3796 1435 3854; x_wconf 90' lang='lat' dir='ltr'><strong>sauciatum</strong></span> <span class='ocrx_word' id='word_1_516' title='bbox 1464 3800 1658 3856; x_wconf 81' lang='lat' dir='ltr'><strong>Teutonicum</strong></span> <span class='ocrx_word' id='word_1_517' title='bbox 1683 3817 1764 3859; x_wconf 90' lang='lat' dir='ltr'><strong>moro</strong></span> 
     </span>
     <span class='ocr_line' id='line_1_42' title="bbox 71 3876 1787 3963; baseline 0 -17"><span class='ocrx_word' id='word_1_518' title='bbox 71 3884 76 3889; x_wconf 80' lang='grc'><strong>’</strong></span> <span class='ocrx_word' id='word_1_519' title='bbox 98 3888 326 3963; x_wconf 73' lang='lat' dir='ltr'><strong>Rex-&#39;ingressus</strong></span> <span class='ocrx_word' id='word_1_520' title='bbox 341 3885 452 3944; x_wconf 88' lang='lat' dir='ltr'><strong>Italiam</strong></span> <span class='ocrx_word' id='word_1_521' title='bbox 469 3884 673 3958; x_wconf 83' lang='lat' dir='ltr'><strong>perVarcnam</strong></span> <span class='ocrx_word' id='word_1_522' title='bbox 687 3882 765 3939; x_wconf 86' lang='lat' dir='ltr'><strong>inter</strong></span> <span class='ocrx_word' id='word_1_523' title='bbox 777 3881 886 3939; x_wconf 88' lang='lat' dir='ltr'><strong>Medio·</strong></span> <span class='ocrx_word' id='word_1_524' title='bbox 940 3882 1026 3939; x_wconf 89' lang='lat' dir='ltr'><strong>solito</strong></span> <span class='ocrx_word' id='word_1_525' title='bbox 1050 3883 1187 3949; x_wconf 86' lang='lat' dir='ltr'><strong>ostendit,</strong></span> <span class='ocrx_word' id='word_1_526' title='bbox 1205 3884 1250 3939; x_wconf 88' lang='lat' dir='ltr'><strong>eui</strong></span> <span class='ocrx_word' id='word_1_527' title='bbox 1276 3900 1327 3955; x_wconf 91' lang='lat' dir='ltr'><strong>pes</strong></span> <span class='ocrx_word' id='word_1_528' title='bbox 1351 3901 1417 3940; x_wconf 91' lang='lat' dir='ltr'><strong>cum</strong></span> <span class='ocrx_word' id='word_1_529' title='bbox 1442 3902 1549 3960; x_wconf 87' lang='lat' dir='ltr'><strong>magna</strong></span> <span class='ocrx_word' id='word_1_530' title='bbox 1572 3892 1654 3959; x_wconf 87' lang='lat' dir='ltr'><strong>parte</strong></span> <span class='ocrx_word' id='word_1_531' title='bbox 1674 3876 1787 3963; x_wconf 85' lang='lat' dir='ltr'><strong>supra¹</strong></span> 
     </span>
     <span class='ocr_line' id='line_1_43' title="bbox 42 3969 1765 4055; baseline 0 -22"><span class='ocrx_word' id='word_1_532' title='bbox 42 3976 167 4055; x_wconf 39' lang='lat' dir='ltr'><strong>&#39;hum</strong></span> <span class='ocrx_word' id='word_1_533' title='bbox 181 3980 213 4033; x_wconf 84' lang='lat' dir='ltr'><strong>et</strong></span> <span class='ocrx_word' id='word_1_534' title='bbox 224 3974 356 4049; x_wconf 79' lang='lat' dir='ltr'><strong>Papiam,</strong></span> <span class='ocrx_word' id='word_1_535' title='bbox 372 3971 519 4030; x_wconf 85' lang='lat' dir='ltr'><strong>Vercellas</strong></span> <span class='ocrx_word' id='word_1_536' title='bbox 533 3973 622 4040; x_wconf 87' lang='lat' dir='ltr'><strong>venit,</strong></span> <span class='ocrx_word' id='word_1_537' title='bbox 639 3970 739 4043; x_wconf 87' lang='lat' dir='ltr'><strong>ibique</strong></span> <span class='ocrx_word' id='word_1_538' title='bbox 751 3973 886 4025; x_wconf 89' lang='lat' dir='ltr'><strong>sanctum</strong></span> <span class='ocrx_word' id='word_1_539' title='bbox 940 3969 1033 4027; x_wconf 92' lang='lat' dir='ltr'><strong>talum</strong></span> <span class='ocrx_word' id='word_1_540' title='bbox 1043 3969 1072 4026; x_wconf 92' lang='lat' dir='ltr'><strong>in</strong></span> <span class='ocrx_word' id='word_1_541' title='bbox 1085 3987 1184 4043; x_wconf 92' lang='lat' dir='ltr'><strong>pugna</strong></span> <span class='ocrx_word' id='word_1_542' title='bbox 1195 3971 1312 4043; x_wconf 88' lang='lat' dir='ltr'><strong>penitus</strong></span> <span class='ocrx_word' id='word_1_543' title='bbox 1323 3970 1557 4041; x_wconf 86' lang='lat' dir='ltr'><strong>abscindebatur,</strong></span> <span class='ocrx_word' id='word_1_544' title='bbox 1570 3975 1655 4046; x_wconf 88' lang='lat' dir='ltr'><strong>eujus</strong></span> <span class='ocrx_word' id='word_1_545' title='bbox 1664 3992 1765 4033; x_wconf 80' lang='lat' dir='ltr'><strong>ocreas</strong></span> 
     </span>
     <span class='ocr_line' id='line_1_44' title="bbox 51 4054 1764 4137; baseline -0.002 -14"><span class='ocrx_word' id='word_1_546' title='bbox 51 4054 177 4137; x_wconf 59' lang='lat' dir='ltr'><strong>&#39;heolin</strong></span> <span class='ocrx_word' id='word_1_547' title='bbox 190 4062 356 4122; x_wconf 81' lang='lat' dir='ltr'><strong>celebravit.</strong></span> <span class='ocrx_word' id='word_1_548' title='bbox 372 4063 405 4118; x_wconf 91' lang='lat' dir='ltr'><strong>ln</strong></span> <span class='ocrx_word' id='word_1_549' title='bbox 419 4060 492 4134; x_wconf 86' lang='lat' dir='ltr'><strong>ipsis</strong></span> <span class='ocrx_word' id='word_1_550' title='bbox 508 4060 613 4116; x_wconf 89' lang='lat' dir='ltr'><strong>diebus</strong></span> <span class='ocrx_word' id='word_1_551' title='bbox 629 4057 817 4132; x_wconf 86' lang='lat' dir='ltr'><strong>paschalibus</strong></span> <span class='ocrx_word' id='word_1_552' title='bbox 831 4057 887 4113; x_wconf 86' lang='lat' dir='ltr'><strong>Leo</strong></span> <span class='ocrx_word' id='word_1_553' title='bbox 941 4060 977 4115; x_wconf 92' lang='lat' dir='ltr'><strong>de</strong></span> <span class='ocrx_word' id='word_1_554' title='bbox 992 4058 1070 4115; x_wconf 87' lang='lat' dir='ltr'><strong>eoric</strong></span> <span class='ocrx_word' id='word_1_555' title='bbox 1094 4059 1186 4115; x_wconf 85' lang='lat' dir='ltr'><strong>lactas</strong></span> <span class='ocrx_word' id='word_1_556' title='bbox 1210 4076 1259 4115; x_wconf 85' lang='lat' dir='ltr'><strong>rex</strong></span> <span class='ocrx_word' id='word_1_557' title='bbox 1283 4060 1379 4116; x_wconf 87' lang='lat' dir='ltr'><strong>atlerri</strong></span> <span class='ocrx_word' id='word_1_558' title='bbox 1409 4061 1581 4135; x_wconf 79' lang='lat' dir='ltr'><strong>praecipiens</strong></span> <span class='ocrx_word' id='word_1_559' title='bbox 1606 4067 1764 4135; x_wconf 88' lang='lat' dir='ltr'><strong>utramque</strong></span> 
     </span>
     <span class='ocr_line' id='line_1_45' title="bbox 60 4145 1765 4229; baseline -0.002 -19"><span class='ocrx_word' id='word_1_560' title='bbox 60 4152 199 4229; x_wconf 57' lang='lat' dir='ltr'><strong>dmm</strong></span> <span class='ocrx_word' id='word_1_561' title='bbox 206 4150 472 4217; x_wconf 81' lang='lat' dir='ltr'><strong>civitatisnntistse,</strong></span> <span class='ocrx_word' id='word_1_562' title='bbox 481 4149 525 4204; x_wconf 91' lang='lat' dir='ltr'><strong>vir</strong></span> <span class='ocrx_word' id='word_1_563' title='bbox 533 4147 658 4204; x_wconf 87' lang='lat' dir='ltr'><strong>multum</strong></span> <span class='ocrx_word' id='word_1_564' title='bbox 668 4146 887 4219; x_wconf 87' lang='lat' dir='ltr'><strong>sapiens,mun·</strong></span> <span class='ocrx_word' id='word_1_565' title='bbox 937 4147 1073 4203; x_wconf 86' lang='lat' dir='ltr'><strong>nummis</strong></span> <span class='ocrx_word' id='word_1_566' title='bbox 1083 4145 1175 4219; x_wconf 84' lang='lat' dir='ltr'><strong>jussit</strong></span> <span class='ocrx_word' id='word_1_567' title='bbox 1189 4146 1313 4219; x_wconf 91' lang='lat' dir='ltr'><strong>impleri,</strong></span> <span class='ocrx_word' id='word_1_568' title='bbox 1330 4153 1359 4204; x_wconf 89' lang='lat' dir='ltr'><strong>et</strong></span> <span class='ocrx_word' id='word_1_569' title='bbox 1373 4165 1461 4221; x_wconf 90' lang='lat' dir='ltr'><strong>supra</strong></span> <span class='ocrx_word' id='word_1_570' title='bbox 1476 4150 1631 4223; x_wconf 87' lang='lat' dir='ltr'><strong>grabatum</strong></span> <span class='ocrx_word' id='word_1_571' title='bbox 1642 4150 1765 4208; x_wconf 87' lang='lat' dir='ltr'><strong>sauciati</strong></span> 
     </span>
     <span class='ocr_line' id='line_1_46' title="bbox 58 4231 1331 4314; baseline -0.007 -15"><span class='ocrx_word' id='word_1_572' title='bbox 58 4238 144 4303; x_wconf 60' lang='lat' dir='ltr'><strong>hm·</strong></span> <span class='ocrx_word' id='word_1_573' title='bbox 159 4256 230 4299; x_wconf 84' lang='lat' dir='ltr'><strong>oum</strong></span> <span class='ocrx_word' id='word_1_574' title='bbox 253 4254 325 4314; x_wconf 77' lang='lat' dir='ltr'><strong>paco</strong></span> <span class='ocrx_word' id='word_1_575' title='bbox 349 4237 477 4311; x_wconf 87' lang='lat' dir='ltr'><strong>reliquit,</strong></span> <span class='ocrx_word' id='word_1_576' title='bbox 492 4236 539 4292; x_wconf 91' lang='lat' dir='ltr'><strong>oui</strong></span> <span class='ocrx_word' id='word_1_577' title='bbox 559 4233 734 4292; x_wconf 86' lang='lat' dir='ltr'><strong>llardericus</strong></span> <span class='ocrx_word' id='word_1_578' title='bbox 749 4231 887 4290; x_wconf 86' lang='lat' dir='ltr'><strong>Mediola·</strong></span> <span class='ocrx_word' id='word_1_579' title='bbox 941 4234 1138 4308; x_wconf 85' lang='lat' dir='ltr'><strong>militisjuxta</strong></span> <span class='ocrx_word' id='word_1_580' title='bbox 1152 4234 1236 4291; x_wconf 90' lang='lat' dir='ltr'><strong>illum</strong></span> <span class='ocrx_word' id='word_1_581' title='bbox 1252 4236 1331 4308; x_wconf 88' lang='lat' dir='ltr'><strong>poni.</strong></span> 
     </span>
     <span class='ocr_line' id='line_1_47' title="bbox 58 4324 1709 4395; baseline -0.004 -5"><span class='ocrx_word' id='word_1_582' title='bbox 58 4330 168 4391; x_wconf 68' lang='lat' dir='ltr'><strong>mule</strong></span> <span class='ocrx_word' id='word_1_583' title='bbox 182 4329 344 4387; x_wconf 75' lang='lat' dir='ltr'><strong>monicus</strong></span> <span class='ocrx_word' id='word_1_584' title='bbox 368 4326 520 4384; x_wconf 79' lang='lat' dir='ltr'><strong>suecessit.</strong></span> <span class='ocrx_word' id='word_1_585' title='bbox 539 4325 599 4382; x_wconf 84' lang='lat' dir='ltr'><strong>Rex</strong></span> <span class='ocrx_word' id='word_1_586' title='bbox 621 4339 689 4380; x_wconf 88' lang='lat' dir='ltr'><strong>varo</strong></span> <span class='ocrx_word' id='word_1_587' title='bbox 709 4324 773 4395; x_wconf 88' lang='lat' dir='ltr'><strong>jam</strong></span> <span class='ocrx_word' id='word_1_588' title='bbox 795 4326 887 4379; x_wconf 87' lang='lat' dir='ltr'><strong>totam</strong></span> <span class='ocrx_word' id='word_1_589' title='bbox 995 4341 1049 4380; x_wconf 83' lang='lat' dir='ltr'><strong>anx</strong></span> <span class='ocrx_word' id='word_1_590' title='bbox 1070 4340 1198 4379; x_wconf 75' lang='lat' dir='ltr'><strong>raomaa</strong></span> <span class='ocrx_word' id='word_1_591' title='bbox 1216 4340 1347 4381; x_wconf 76' lang='lat' dir='ltr'><strong>manaan</strong></span> <span class='ocrx_word' id='word_1_592' title='bbox 1367 4342 1397 4380; x_wconf 84' lang='lat' dir='ltr'><strong>ru</strong></span> <span class='ocrx_word' id='word_1_593' title='bbox 1417 4340 1552 4383; x_wconf 74' lang='lat' dir='ltr'><strong>nomana</strong></span> <span class='ocrx_word' id='word_1_594' title='bbox 1571 4342 1709 4384; x_wconf 81' lang='lat' dir='ltr'><strong>sacassrr.</strong></span> 
     </span>
     <span class='ocr_line' id='line_1_48' title="bbox 57 4410 1767 4498; baseline -0.002 -22"><span class='ocrx_word' id='word_1_595' title='bbox 57 4428 139 4495; x_wconf 70' lang='lat' dir='ltr'><strong>pono</strong></span> <span class='ocrx_word' id='word_1_596' title='bbox 151 4415 267 4476; x_wconf 80' lang='lat' dir='ltr'><strong>ltaliam</strong></span> <span class='ocrx_word' id='word_1_597' title='bbox 282 4416 401 4490; x_wconf 84' lang='lat' dir='ltr'><strong>planam</strong></span> <span class='ocrx_word' id='word_1_598' title='bbox 425 4430 485 4472; x_wconf 81' lang='lat' dir='ltr'><strong>sua</strong></span> <span class='ocrx_word' id='word_1_599' title='bbox 507 4411 609 4469; x_wconf 90' lang='lat' dir='ltr'><strong>ditioni</strong></span> <span class='ocrx_word' id='word_1_600' title='bbox 625 4410 817 4484; x_wconf 88' lang='lat' dir='ltr'><strong>subjugavit:</strong></span> <span class='ocrx_word' id='word_1_601' title='bbox 834 4411 886 4466; x_wconf 90' lang='lat' dir='ltr'><strong>Pa·</strong></span> <span class='ocrx_word' id='word_1_602' title='bbox 902 4432 926 4498; x_wconf 69' lang='grc' dir='ltr'><strong>Ι)</strong></span> <span class='ocrx_word' id='word_1_603' title='bbox 976 4414 1016 4469; x_wconf 81' lang='lat' dir='ltr'><strong>llo</strong></span> <span class='ocrx_word' id='word_1_604' title='bbox 1032 4417 1160 4485; x_wconf 83' lang='lat' dir='ltr'><strong>ternpore</strong></span> <span class='ocrx_word' id='word_1_605' title='bbox 1176 4411 1323 4468; x_wconf 85' lang='lat' dir='ltr'><strong>maximus</strong></span> <span class='ocrx_word' id='word_1_606' title='bbox 1347 4411 1426 4469; x_wconf 90' lang='lat' dir='ltr'><strong>calor</strong></span> <span class='ocrx_word' id='word_1_607' title='bbox 1447 4413 1561 4470; x_wconf 87' lang='lat' dir='ltr'><strong>ltaliam</strong></span> <span class='ocrx_word' id='word_1_608' title='bbox 1575 4415 1709 4483; x_wconf 82' lang='lat' dir='ltr'><strong>vexabat,</strong></span> <span class='ocrx_word' id='word_1_609' title='bbox 1724 4414 1767 4472; x_wconf 83' lang='lat' dir='ltr'><strong>ita</strong></span> 
     </span>
     <span class='ocr_line' id='line_1_49' title="bbox 59 4498 1767 4581; baseline -0.001 -19"><span class='ocrx_word' id='word_1_610' title='bbox 59 4501 465 4581; x_wconf 55' lang='lat' dir='ltr'><strong>flmnmnrbsmgnoniam</strong></span> <span class='ocrx_word' id='word_1_611' title='bbox 476 4499 559 4557; x_wconf 87' lang='lat' dir='ltr'><strong>valde</strong></span> <span class='ocrx_word' id='word_1_612' title='bbox 570 4499 713 4572; x_wconf 88' lang='lat' dir='ltr'><strong>populosa</strong></span> <span class='ocrx_word' id='word_1_613' title='bbox 723 4498 887 4567; x_wconf 86' lang='lat' dir='ltr'><strong>luit,subito</strong></span> <span class='ocrx_word' id='word_1_614' title='bbox 943 4501 1122 4557; x_wconf 88' lang='lat' dir='ltr'><strong>utanimalia</strong></span> <span class='ocrx_word' id='word_1_615' title='bbox 1133 4499 1225 4556; x_wconf 90' lang='lat' dir='ltr'><strong>multa</strong></span> <span class='ocrx_word' id='word_1_616' title='bbox 1235 4504 1264 4556; x_wconf 91' lang='lat' dir='ltr'><strong>et</strong></span> <span class='ocrx_word' id='word_1_617' title='bbox 1275 4499 1428 4556; x_wconf 91' lang='lat' dir='ltr'><strong>hominum</strong></span> <span class='ocrx_word' id='word_1_618' title='bbox 1440 4501 1599 4560; x_wconf 85' lang='lat' dir='ltr'><strong>multitudo</strong></span> <span class='ocrx_word' id='word_1_619' title='bbox 1610 4503 1679 4560; x_wconf 90' lang='lat' dir='ltr'><strong>inde</strong></span> <span class='ocrx_word' id='word_1_620' title='bbox 1693 4503 1767 4576; x_wconf 89' lang='lat' dir='ltr'><strong>peri·</strong></span> 
     </span>
     <span class='ocr_line' id='line_1_50' title="bbox 42 4586 1766 4669; baseline -0.001 -19"><span class='ocrx_word' id='word_1_621' title='bbox 42 4606 170 4669; x_wconf 45' lang='lat' dir='ltr'><strong>..pero</strong></span> <span class='ocrx_word' id='word_1_622' title='bbox 181 4607 242 4649; x_wconf 84' lang='lat' dir='ltr'><strong>non</strong></span> <span class='ocrx_word' id='word_1_623' title='bbox 257 4588 626 4664; x_wconf 80' lang='lat' dir='ltr'><strong>potuit3ipsosl&#39;apienses</strong></span> <span class='ocrx_word' id='word_1_624' title='bbox 642 4587 811 4660; x_wconf 89' lang='lat' dir='ltr'><strong>ingratiam</strong></span> <span class='ocrx_word' id='word_1_625' title='bbox 821 4586 889 4643; x_wconf 87' lang='lat' dir='ltr'><strong>reci·</strong></span> <span class='ocrx_word' id='word_1_626' title='bbox 943 4589 1124 4646; x_wconf 88' lang='lat' dir='ltr'><strong>elitarentur.</strong></span> <span class='ocrx_word' id='word_1_627' title='bbox 1143 4589 1202 4644; x_wconf 82' lang='lat' dir='ltr'><strong>Rex</strong></span> <span class='ocrx_word' id='word_1_628' title='bbox 1220 4603 1286 4644; x_wconf 88' lang='lat' dir='ltr'><strong>vero</strong></span> <span class='ocrx_word' id='word_1_629' title='bbox 1306 4587 1499 4646; x_wconf 87' lang='lat' dir='ltr'><strong>Chuonradus</strong></span> <span class='ocrx_word' id='word_1_630' title='bbox 1523 4591 1633 4647; x_wconf 90' lang='lat' dir='ltr'><strong>nemini</strong></span> <span class='ocrx_word' id='word_1_631' title='bbox 1648 4591 1766 4658; x_wconf 84' lang='lat' dir='ltr'><strong>cadens,</strong></span> 
     </span>
     <span class='ocr_line' id='line_1_51' title="bbox 40 4674 1769 4827; baseline 0.001 -96"><span class='ocrx_word' id='word_1_632' title='bbox 40 4680 139 4827; x_wconf 58' lang='grc' dir='ltr'><strong>’Π.</strong></span> <span class='ocrx_word' id='word_1_633' title='bbox 159 4678 266 4749; x_wconf 83' lang='lat' dir='ltr'><strong>noluit,</strong></span> <span class='ocrx_word' id='word_1_634' title='bbox 279 4679 350 4752; x_wconf 84' lang='lat' dir='ltr'><strong>quia</strong></span> <span class='ocrx_word' id='word_1_635' title='bbox 376 4677 518 4752; x_wconf 89' lang='lat' dir='ltr'><strong>palatium</strong></span> <span class='ocrx_word' id='word_1_636' title='bbox 541 4677 618 4749; x_wconf 89' lang='lat' dir='ltr'><strong>quod</strong></span> <span class='ocrx_word' id='word_1_637' title='bbox 643 4676 846 4733; x_wconf 85' lang='lat' dir='ltr'><strong>destruxerant</strong></span> <span class='ocrx_word' id='word_1_638' title='bbox 859 4674 889 4730; x_wconf 94' lang='lat' dir='ltr'><strong>in</strong></span> <span class='ocrx_word' id='word_1_639' title='bbox 944 4678 1001 4734; x_wconf 92' lang='lat' dir='ltr'><strong>nisi</strong></span> <span class='ocrx_word' id='word_1_640' title='bbox 1017 4677 1071 4733; x_wconf 92' lang='lat' dir='ltr'><strong>soli</strong></span> <span class='ocrx_word' id='word_1_641' title='bbox 1092 4682 1148 4732; x_wconf 81' lang='lat' dir='ltr'><strong>bec</strong></span> <span class='ocrx_word' id='word_1_642' title='bbox 1168 4679 1198 4732; x_wconf 90' lang='lat' dir='ltr'><strong>et</strong></span> <span class='ocrx_word' id='word_1_643' title='bbox 1221 4674 1367 4732; x_wconf 87' lang='lat' dir='ltr'><strong>caloribus</strong></span> <span class='ocrx_word' id='word_1_644' title='bbox 1391 4676 1501 4744; x_wconf 78' lang='lat' dir='ltr'><strong>aestuis,</strong></span> <span class='ocrx_word' id='word_1_645' title='bbox 1517 4676 1595 4734; x_wconf 88' lang='lat' dir='ltr'><strong>ultra</strong></span> <span class='ocrx_word' id='word_1_646' title='bbox 1618 4678 1697 4734; x_wconf 85' lang='lat' dir='ltr'><strong>Atim</strong></span> <span class='ocrx_word' id='word_1_647' title='bbox 1712 4678 1769 4733; x_wconf 86' lang='lat' dir='ltr'><strong>ssu-</strong></span> 
     </span>
     <span class='ocr_line' id='line_1_52' title="bbox 52 4754 1768 4841; baseline -0.003 -16"><span class='ocrx_word' id='word_1_648' title='bbox 52 4754 57 4765; x_wconf 75' lang='grc'><strong>’</strong></span> <span class='ocrx_word' id='word_1_649' title='bbox 137 4759 697 4841; x_wconf 78' lang='lat' dir='ltr'><strong>abipriuslueratrenditlcareadbuc</strong></span> <span class='ocrx_word' id='word_1_650' title='bbox 718 4763 888 4831; x_wconf 89' lang='lat' dir='ltr'><strong>renuebant,</strong></span> <span class='ocrx_word' id='word_1_651' title='bbox 944 4766 1024 4823; x_wconf 87' lang='lat' dir='ltr'><strong>vium</strong></span> <span class='ocrx_word' id='word_1_652' title='bbox 1053 4770 1170 4838; x_wconf 82' lang='lat' dir='ltr'><strong>propter</strong></span> <span class='ocrx_word' id='word_1_653' title='bbox 1198 4780 1288 4835; x_wconf 90' lang='lat' dir='ltr'><strong>opaea</strong></span> <span class='ocrx_word' id='word_1_654' title='bbox 1314 4762 1377 4820; x_wconf 88' lang='lat' dir='ltr'><strong>loca</strong></span> <span class='ocrx_word' id='word_1_655' title='bbox 1401 4769 1430 4821; x_wconf 89' lang='lat' dir='ltr'><strong>et</strong></span> <span class='ocrx_word' id='word_1_656' title='bbox 1452 4766 1528 4822; x_wconf 90' lang='lat' dir='ltr'><strong>aeris</strong></span> <span class='ocrx_word' id='word_1_657' title='bbox 1551 4765 1723 4838; x_wconf 86' lang='lat' dir='ltr'><strong>temperiem</strong></span> <span class='ocrx_word' id='word_1_658' title='bbox 1737 4764 1768 4820; x_wconf 89' lang='lat' dir='ltr'><strong>in</strong></span> 
     </span>
     <span class='ocr_line' id='line_1_53' title="bbox 8 4850 1770 4925; baseline -0.003 -10"><span class='ocrx_word' id='word_1_659' title='bbox 8 4898 27 4923; x_wconf 77' lang='lat'>.</span> <span class='ocrx_word' id='word_1_660' title='bbox 57 4855 300 4917; x_wconf 66' lang='lat' dir='ltr'><strong>Dd&#39;detonaores</strong></span> <span class='ocrx_word' id='word_1_661' title='bbox 318 4872 421 4913; x_wconf 90' lang='lat' dir='ltr'><strong>eornm</strong></span> <span class='ocrx_word' id='word_1_662' title='bbox 442 4853 632 4911; x_wconf 69' lang='lat' dir='ltr'><strong>adelbertum</strong></span> <span class='ocrx_word' id='word_1_663' title='bbox 648 4851 846 4907; x_wconf 88' lang='lat' dir='ltr'><strong>marchionem</strong></span> <span class='ocrx_word' id='word_1_664' title='bbox 862 4855 891 4908; x_wconf 88' lang='lat' dir='ltr'><strong>et</strong></span> <span class='ocrx_word' id='word_1_665' title='bbox 945 4859 1085 4911; x_wconf 89' lang='lat' dir='ltr'><strong>montana</strong></span> <span class='ocrx_word' id='word_1_666' title='bbox 1099 4851 1228 4918; x_wconf 84' lang='lat' dir='ltr'><strong>secessit,</strong></span> <span class='ocrx_word' id='word_1_667' title='bbox 1241 4850 1339 4923; x_wconf 89' lang='lat' dir='ltr'><strong>ibique</strong></span> <span class='ocrx_word' id='word_1_668' title='bbox 1350 4853 1387 4908; x_wconf 87' lang='lat' dir='ltr'><strong>ab</strong></span> <span class='ocrx_word' id='word_1_669' title='bbox 1397 4852 1616 4925; x_wconf 85' lang='lat' dir='ltr'><strong>archiepiscopo</strong></span> <span class='ocrx_word' id='word_1_670' title='bbox 1630 4851 1770 4909; x_wconf 87' lang='lat' dir='ltr'><strong>Mediola-</strong></span> 
     </span>
     <span class='ocr_line' id='line_1_54' title="bbox 36 4922 1769 5017; baseline -0.005 -12"><span class='ocrx_word' id='word_1_671' title='bbox 36 4922 433 5013; x_wconf 52' lang='lat' dir='ltr'><strong>²Vilholmummtcnteros</strong></span> <span class='ocrx_word' id='word_1_672' title='bbox 446 4943 594 5017; x_wconf 87' lang='lat' dir='ltr'><strong>principes</strong></span> <span class='ocrx_word' id='word_1_673' title='bbox 602 4941 632 4996; x_wconf 93' lang='lat' dir='ltr'><strong>in</strong></span> <span class='ocrx_word' id='word_1_674' title='bbox 640 4940 744 4997; x_wconf 90' lang='lat' dir='ltr'><strong>iisdem</strong></span> <span class='ocrx_word' id='word_1_675' title='bbox 757 4940 891 4996; x_wconf 84' lang='lat' dir='ltr'><strong>terminis</strong></span> <span class='ocrx_word' id='word_1_676' title='bbox 946 4944 1029 5000; x_wconf 90' lang='lat' dir='ltr'><strong>neasi</strong></span> <span class='ocrx_word' id='word_1_677' title='bbox 1046 4958 1098 5016; x_wconf 88' lang='lat' dir='ltr'><strong>per</strong></span> <span class='ocrx_word' id='word_1_678' title='bbox 1109 4942 1184 4998; x_wconf 93' lang='lat' dir='ltr'><strong>duos</strong></span> <span class='ocrx_word' id='word_1_679' title='bbox 1198 4956 1315 4996; x_wconf 79' lang='lat' dir='ltr'><strong>aienses</strong></span> <span class='ocrx_word' id='word_1_680' title='bbox 1326 4944 1355 4996; x_wconf 88' lang='lat' dir='ltr'><strong>et</strong></span> <span class='ocrx_word' id='word_1_681' title='bbox 1373 4940 1502 5012; x_wconf 88' lang='lat' dir='ltr'><strong>amplius</strong></span> <span class='ocrx_word' id='word_1_682' title='bbox 1517 4940 1645 5013; x_wconf 85' lang='lat' dir='ltr'><strong>regalem</strong></span> <span class='ocrx_word' id='word_1_683' title='bbox 1660 4940 1769 4997; x_wconf 89' lang='lat' dir='ltr'><strong>victum</strong></span> 
     </span>
     <span class='ocr_line' id='line_1_55' title="bbox 53 5027 1770 5107; baseline -0.005 -15"><span class='ocrx_word' id='word_1_684' title='bbox 53 5029 890 5107; x_wconf 72' lang='lat' dir='ltr'><strong>&#39;ninbilitoropprimerecoepit;oastrumeorumnomine</strong></span> <span class='ocrx_word' id='word_1_685' title='bbox 945 5037 1118 5104; x_wconf 88' lang='lat' dir='ltr'><strong>sumptuose</strong></span> <span class='ocrx_word' id='word_1_686' title='bbox 1131 5028 1243 5084; x_wconf 89' lang='lat' dir='ltr'><strong>hahuit.</strong></span> <span class='ocrx_word' id='word_1_687' title='bbox 1260 5027 1333 5083; x_wconf 87' lang='lat' dir='ltr'><strong>Hinc</strong></span> <span class='ocrx_word' id='word_1_688' title='bbox 1345 5028 1488 5085; x_wconf 88' lang='lat' dir='ltr'><strong>decedens</strong></span> <span class='ocrx_word' id='word_1_689' title='bbox 1503 5034 1633 5103; x_wconf 86' lang='lat' dir='ltr'><strong>tempore</strong></span> <span class='ocrx_word' id='word_1_690' title='bbox 1654 5032 1770 5085; x_wconf 89' lang='lat' dir='ltr'><strong>autum·</strong></span> 
     </span>
     <span class='ocr_line' id='line_1_56' title="bbox 58 5117 1771 5194; baseline -0.005 -13"><span class='ocrx_word' id='word_1_691' title='bbox 58 5118 343 5191; x_wconf 62' lang='lat' dir='ltr'><strong>mmdoaolevit,</strong></span> <span class='ocrx_word' id='word_1_692' title='bbox 359 5126 388 5179; x_wconf 94' lang='lat' dir='ltr'><strong>et</strong></span> <span class='ocrx_word' id='word_1_693' title='bbox 402 5121 489 5194; x_wconf 91' lang='lat' dir='ltr'><strong>plura</strong></span> <span class='ocrx_word' id='word_1_694' title='bbox 513 5119 571 5175; x_wconf 89' lang='lat' dir='ltr'><strong>alia</strong></span> <span class='ocrx_word' id='word_1_695' title='bbox 599 5117 719 5175; x_wconf 87' lang='lat' dir='ltr'><strong>castella</strong></span> <span class='ocrx_word' id='word_1_696' title='bbox 742 5123 771 5174; x_wconf 90' lang='lat' dir='ltr'><strong>ot</strong></span> <span class='ocrx_word' id='word_1_697' title='bbox 793 5118 889 5173; x_wconf 91' lang='lat' dir='ltr'><strong>muni·</strong></span> <span class='ocrx_word' id='word_1_698' title='bbox 945 5121 1016 5187; x_wconf 84' lang='lat' dir='ltr'><strong>nali,</strong></span> <span class='ocrx_word' id='word_1_699' title='bbox 1043 5119 1154 5174; x_wconf 88' lang='lat' dir='ltr'><strong>ltaliam</strong></span> <span class='ocrx_word' id='word_1_700' title='bbox 1182 5117 1301 5188; x_wconf 88' lang='lat' dir='ltr'><strong>planam</strong></span> <span class='ocrx_word' id='word_1_701' title='bbox 1330 5117 1437 5172; x_wconf 87' lang='lat' dir='ltr'><strong>iterum</strong></span> <span class='ocrx_word' id='word_1_702' title='bbox 1466 5135 1636 5192; x_wconf 88' lang='lat' dir='ltr'><strong>peragrans,</strong></span> <span class='ocrx_word' id='word_1_703' title='bbox 1662 5117 1771 5174; x_wconf 89' lang='lat' dir='ltr'><strong>habitis</strong></span> 
     </span>
     <span class='ocr_line' id='line_1_57' title="bbox 48 5196 1770 5283; baseline -0.003 -14"><span class='ocrx_word' id='word_1_704' title='bbox 48 5196 161 5269; x_wconf 62' lang='lat' dir='ltr'><strong>&#39;diones</strong></span> <span class='ocrx_word' id='word_1_705' title='bbox 174 5210 362 5268; x_wconf 80' lang='lat' dir='ltr'><strong>firmissimas</strong></span> <span class='ocrx_word' id='word_1_706' title='bbox 377 5209 541 5283; x_wconf 88' lang='lat' dir='ltr'><strong>dissipavit.</strong></span> <span class='ocrx_word' id='word_1_707' title='bbox 551 5209 590 5265; x_wconf 82' lang='lat' dir='ltr'><strong>Ea</strong></span> <span class='ocrx_word' id='word_1_708' title='bbox 600 5211 772 5279; x_wconf 84' lang='lat' dir='ltr'><strong>tempestate</strong></span> <span class='ocrx_word' id='word_1_709' title='bbox 781 5208 891 5280; x_wconf 86' lang='lat' dir='ltr'><strong>grande</strong></span> <span class='ocrx_word' id='word_1_710' title='bbox 945 5208 1120 5273; x_wconf 79' lang='lat' dir='ltr'><strong>coriailiis,ct</strong></span> <span class='ocrx_word' id='word_1_711' title='bbox 1131 5206 1278 5279; x_wconf 84' lang='lat' dir='ltr'><strong>regalibus</strong></span> <span class='ocrx_word' id='word_1_712' title='bbox 1292 5204 1445 5278; x_wconf 86' lang='lat' dir='ltr'><strong>colloquiis</strong></span> <span class='ocrx_word' id='word_1_713' title='bbox 1461 5207 1489 5262; x_wconf 90' lang='lat' dir='ltr'><strong>in</strong></span> <span class='ocrx_word' id='word_1_714' title='bbox 1505 5206 1678 5280; x_wconf 92' lang='lat' dir='ltr'><strong>opportunis</strong></span> <span class='ocrx_word' id='word_1_715' title='bbox 1687 5204 1770 5273; x_wconf 86' lang='lat' dir='ltr'><strong>loeis,</strong></span> 
     </span>
     <span class='ocr_line' id='line_1_58' title="bbox 49 5284 1772 5371; baseline -0.004 -14"><span class='ocrx_word' id='word_1_716' title='bbox 49 5284 177 5357; x_wconf 73' lang='lat' dir='ltr'><strong>&#39;mlum</strong></span> <span class='ocrx_word' id='word_1_717' title='bbox 193 5298 304 5356; x_wconf 81' lang='lat' dir='ltr'><strong>iactum</strong></span> <span class='ocrx_word' id='word_1_718' title='bbox 318 5306 363 5356; x_wconf 89' lang='lat' dir='ltr'><strong>est</strong></span> <span class='ocrx_word' id='word_1_719' title='bbox 381 5300 411 5356; x_wconf 93' lang='lat' dir='ltr'><strong>in</strong></span> <span class='ocrx_word' id='word_1_720' title='bbox 437 5299 531 5365; x_wconf 89' lang='lat' dir='ltr'><strong>ltalia,</strong></span> <span class='ocrx_word' id='word_1_721' title='bbox 547 5301 667 5370; x_wconf 87' lang='lat' dir='ltr'><strong>propter</strong></span> <span class='ocrx_word' id='word_1_722' title='bbox 690 5297 891 5354; x_wconf 80' lang='lat' dir='ltr'><strong>eoritentiones</strong></span> <span class='ocrx_word' id='word_1_723' title='bbox 946 5305 1034 5371; x_wconf 90' lang='lat' dir='ltr'><strong>atque</strong></span> <span class='ocrx_word' id='word_1_724' title='bbox 1057 5295 1178 5353; x_wconf 87' lang='lat' dir='ltr'><strong>rebelles</strong></span> <span class='ocrx_word' id='word_1_725' title='bbox 1193 5295 1223 5350; x_wconf 94' lang='lat' dir='ltr'><strong>in</strong></span> <span class='ocrx_word' id='word_1_726' title='bbox 1238 5293 1354 5349; x_wconf 91' lang='lat' dir='ltr'><strong>vincula</strong></span> <span class='ocrx_word' id='word_1_727' title='bbox 1378 5294 1507 5362; x_wconf 87' lang='lat' dir='ltr'><strong>mittens,</strong></span> <span class='ocrx_word' id='word_1_728' title='bbox 1524 5313 1648 5369; x_wconf 88' lang='lat' dir='ltr'><strong>regnum</strong></span> <span class='ocrx_word' id='word_1_729' title='bbox 1672 5295 1772 5369; x_wconf 87' lang='lat' dir='ltr'><strong>pacili-</strong></span> 
     </span>
     <span class='ocr_line' id='line_1_59' title="bbox 54 5382 1772 5461; baseline -0.003 -17"><span class='ocrx_word' id='word_1_730' title='bbox 54 5384 256 5461; x_wconf 57' lang='lat' dir='ltr'><strong>mianum</strong></span> <span class='ocrx_word' id='word_1_731' title='bbox 271 5405 279 5443; x_wconf 91' lang='lat'><strong>:</strong></span> <span class='ocrx_word' id='word_1_732' title='bbox 295 5388 395 5445; x_wconf 77' lang='lat' dir='ltr'><strong>multa</strong></span> <span class='ocrx_word' id='word_1_733' title='bbox 421 5404 522 5445; x_wconf 89' lang='lat' dir='ltr'><strong>eorum</strong></span> <span class='ocrx_word' id='word_1_734' title='bbox 552 5383 695 5448; x_wconf 78' lang='lat' dir='ltr'><strong>Ecclesia,</strong></span> <span class='ocrx_word' id='word_1_735' title='bbox 712 5385 740 5439; x_wconf 93' lang='lat' dir='ltr'><strong>in</strong></span> <span class='ocrx_word' id='word_1_736' title='bbox 767 5386 890 5441; x_wconf 88' lang='lat' dir='ltr'><strong>circuitu</strong></span> <span class='ocrx_word' id='word_1_737' title='bbox 946 5388 1067 5453; x_wconf 69' lang='lat' dir='ltr'><strong>caritot</strong></span> <span class='ocrx_word' id='word_1_738' title='bbox 1082 5384 1124 5441; x_wconf 86' lang='lat' dir='ltr'><strong>aie</strong></span> <span class='ocrx_word' id='word_1_739' title='bbox 1140 5388 1338 5456; x_wconf 70' lang='lat' dir='ltr'><strong>pertransiens</strong></span> <span class='ocrx_word' id='word_1_740' title='bbox 1355 5400 1448 5456; x_wconf 88' lang='lat' dir='ltr'><strong>usque</strong></span> <span class='ocrx_word' id='word_1_741' title='bbox 1463 5385 1499 5440; x_wconf 91' lang='lat' dir='ltr'><strong>ad</strong></span> <span class='ocrx_word' id='word_1_742' title='bbox 1515 5384 1676 5442; x_wconf 84' lang='lat' dir='ltr'><strong>confinium</strong></span> <span class='ocrx_word' id='word_1_743' title='bbox 1685 5382 1772 5440; x_wconf 77' lang='lat' dir='ltr'><strong>ltalia</strong></span> 
     </span>
    </p>
   </div>
   <div class='ocr_carea' id='block_1_3' title="bbox 34 5472 1318 5551">
    <p class='ocr_par' dir='ltr' id='par_1_3' title="bbox 34 5472 1318 5551">
     <span class='ocr_line' id='line_1_60' title="bbox 34 5472 1318 5551; baseline -0.005 -16"><span class='ocrx_word' id='word_1_744' title='bbox 34 5474 135 5535; x_wconf 56' lang='lat' dir='ltr'><strong>&#39;hm</strong></span> <span class='ocrx_word' id='word_1_745' title='bbox 158 5474 233 5551; x_wconf 80' lang='lat' dir='ltr'><strong>ipsis</strong></span> <span class='ocrx_word' id='word_1_746' title='bbox 257 5476 386 5536; x_wconf 86' lang='lat' dir='ltr'><strong>castellis</strong></span> <span class='ocrx_word' id='word_1_747' title='bbox 410 5478 536 5535; x_wconf 86' lang='lat' dir='ltr'><strong>incensae</strong></span> <span class='ocrx_word' id='word_1_748' title='bbox 550 5479 630 5543; x_wconf 90' lang='lat' dir='ltr'><strong>sunt,</strong></span> <span class='ocrx_word' id='word_1_749' title='bbox 645 5478 671 5530; x_wconf 80' lang='lat' dir='ltr'><strong>et</strong></span> <span class='ocrx_word' id='word_1_750' title='bbox 688 5473 824 5547; x_wconf 78' lang='lat' dir='ltr'><strong>populus,</strong></span> <span class='ocrx_word' id='word_1_751' title='bbox 841 5474 892 5547; x_wconf 89' lang='lat' dir='ltr'><strong>qni</strong></span> <span class='ocrx_word' id='word_1_752' title='bbox 947 5482 976 5535; x_wconf 84' lang='lat' dir='ltr'><strong>at</strong></span> <span class='ocrx_word' id='word_1_753' title='bbox 990 5474 1165 5549; x_wconf 78' lang='lat' dir='ltr'><strong>burgundie</strong></span> <span class='ocrx_word' id='word_1_754' title='bbox 1178 5472 1318 5545; x_wconf 82' lang='lat' dir='ltr'><strong>pervenit.</strong></span> 
     </span>
    </p>
   </div>
   <div class='ocr_carea' id='block_1_4' title="bbox 0 0 1951 6084">
    <p class='ocr_par' dir='ltr' id='par_1_4' title="bbox 0 0 1951 6084">
     <span class='ocr_line' id='line_1_61' title="bbox 0 0 1951 6084; baseline 0 0"><span class='ocrx_word' id='word_1_755' title='bbox 0 0 1951 6084; x_wconf 95' lang='lat' dir='ltr'><strong> </strong></span> 
     </span>
    </p>
   </div>
  </div>
 </body>
</html>
