3884 6084
178 260 237 362 ser
641 297 673 357 s.
697 294 898 359 aauaoms
919 291 1230 359 armironensis
1252 290 1441 357 sersaoni.
1827 290 1892 367 aas

182 432 384 498 minantur,ut
394 429 422 487 in
433 429 484 487 iila
494 428 768 496 aternitatc,eorum
780 428 1005 485 laudabilisiru·
1019 436 1047 503 Α
1062 429 1080 482 5
1133 428 1189 498 Qui
1203 428 1288 500 replet
1303 428 1332 482 in
1349 426 1426 482 tenio
1440 423 1607 482 desiderium
1622 431 1700 480 tuum
1716 440 1727 481 :

183 526 246 579 ctus
263 525 412 596 appareat.
1132 518 1317 574 Rerreeabitur
1331 524 1362 572 ut
1374 516 1479 589 equite
1486 518 1620 589 juventus
1636 522 1694 570 tua.

1096 605 1117 662 C
1131 605 1218 679 lleple
1232 623 1239 663 z
1256 622 1324 662 oum
1341 604 1384 663 eis
1399 603 1508 662 dicitur
1520 621 1526 660 :
1537 603 1650 675 Venite,
1662 602 1892 670 benedictildeo

1060 709 1127 751 vero
1143 693 1248 767 equilae
1271 690 1437 767 exemplum
1454 691 1661 764 introducitur,
1677 691 1750 766 quie
1763 688 1837 757 huie
1850 692 1894 750 eri

218 795 386 865 Exorebilis,
399 795 530 862 Domine,
543 795 662 863 intende
674 795 703 851 in
714 794 876 852 orationem
891 792 1006 867 suppli·
1058 784 1121 854 itm
1137 785 1221 839 eicie
1235 788 1380 857 provecti,
1396 784 1512 839 tantum
1529 776 1691 856 superflum
1703 776 1821 838 labium
1831 797 1894 839 cot·-

182 903 248 942 cum
264 890 393 953 tuorum,
408 889 442 942 ut
457 884 507 958 qui
522 883 553 940 in
576 883 705 957 pcccatis
728 883 847 952 detenti,
864 887 1007 954 tanquam
1062 888 1118 928 112⁸
1133 871 1288 929 inflexione
1303 875 1442 936 nasutum
1459 870 1712 941 crescitutesm
1723 869 1895 941 nonvelcat

181 975 282 1031 tenum
294 973 575 1046 eruimus,respectu
587 971 926 1031 coelestismiserieordie
938 970 1007 1025 sub·
1063 958 1149 1018 solita
1163 959 1297 1017 libertate
1312 960 1476 1035 decerpere.
1494 961 1561 1027 Qus
1585 958 1755 1033 intelligens
1775 958 1894 1029 undem

181 1064 319 1121 levemur.
339 1063 393 1121 Per
407 1063 567 1121 Dominum
583 1067 718 1120 nostrum
729 1062 830 1119 iesum
847 1059 1007 1127 Christum,
1063 1047 1227 1123 periculum
1242 1049 1306 1107 viic
1321 1047 1416 1122 possit
1430 1049 1576 1118 accedere,
1593 1047 1749 1111 diciturne
1762 1044 1894 1119 suumin

180 1157 238 1211 aaa,
1064 1155 1133 1195 saxo
1148 1136 1286 1213 expolire,
1297 1153 1452 1219 usquequo
1466 1136 1561 1194 valeat
1576 1136 1894 1205 manducare,etitein

478 1275 641 1333 PSALMUS
661 1275 707 1332 CH
1064 1227 1216 1300 antiquam
1231 1225 1429 1284 valetudinem
1451 1240 1586 1284 saeorum
1608 1222 1695 1283 solite
1708 1225 1897 1300 perceptione

711 1319 718 1332 ‘
1064 1319 1225 1376 revocatur.
1241 1315 1288 1374 Sic
1302 1316 1411 1384 anima,
1428 1316 1453 1372 si
1475 1332 1534 1372 non
1558 1313 1667 1373 desiuit
1696 1318 1820 1388 peccate
1842 1330 1897 1387 sne

414 1381 612 1423 *mmmm
632 1382 710 1421 m·
732 1381 779 1420 ⁰¹¹¹
1064 1404 1190 1476 expolire
1205 1404 1235 1459 in
1251 1404 1380 1478 petra,id
1395 1407 1439 1461 est
1454 1403 1484 1459 in
1499 1402 1664 1472 Christaia
1677 1403 1838 1485 pristinam
1848 1420 1894 1461 sn·

220 1502 240 1555 C
254 1498 399 1572 Propheta
414 1497 633 1555 universitatem
649 1498 685 1555 ad
706 1497 756 1554 Dei
770 1490 871 1554 laudes
886 1496 1008 1553 hortun-
1066 1494 1188 1550 nitatem
1204 1484 1369 1564 revertitur,
1385 1493 1517 1569 recipere
1540 1493 1618 1550 enim
1637 1498 1709 1550 tuuc
1723 1494 1805 1551 velet
1818 1494 1897 1553 cibos

181 1589 237 1649 dc:
249 1588 286 1655 de
295 1587 504 1657 beneficiorum
514 1585 788 1660 plurimorumque
800 1586 862 1642 suis
874 1583 1010 1647 fidelibus
1066 1581 1219 1640 salutares.
1660 1639 1662 1643 ‚

186 1676 382 1749 administret,
395 1692 518 1733 munere
530 1676 707 1749 gratuletur.
1065 1673 1083 1727 6
1136 1674 1250 1729 Faciens
1264 1672 1473 1729 misericordias
1489 1673 1620 1731 Dominus
1636 1690 1643 1730 :

436 670 538 715 orario
557 670 592 709 EX
612 669 690 710 PSAL.
711 669 748 709 01.

435 1766 493 1822 T'l'.
516 1770 543 1832 -ζΗ
557 1767 613 1839 lpsr'
633 1773 640 1831 ζ
662 1764 761 1821 dauid.
1016 1810 1041 1878 B
1136 1765 1171 1819 Et
1177 1760 1321 1835 judicium
1335 1762 1461 1819 omnibus
1476 1762 1614 1839 injuriam
1625 1762 1809 1837 peecata.

222 1856 244 1913 C
262 1856 321 1928 ipsi
345 1855 435 1913 David
456 1854 584 1927 positum
611 1860 677 1911 est:
697 1871 734 1911 ue
748 1858 897 1910 terrenum
912 1868 1010 1926 regem
1101 1847 1122 1904 G
1137 1847 1198 1906 illis
1212 1855 1310 1906 autem
1325 1850 1542 1909 misericordias
1558 1852 1696 1927 incit,qui
1711 1852 1828 1910 miserti
1839 1852 1896 1912 iue-

187 1945 277 2009 Derid
293 1944 469 2014 inteiiiperes.
486 1942 637 2016 Significat
658 1943 736 2000 enim
759 1943 920 2010 Christum,
936 1942 1012 1999 sicut
1066 1937 1135 2006 rint,
1151 1941 1183 1994 ut
1198 1938 1228 1995 in
1243 1938 1399 2013 Evangelio
1414 1940 1454 1996 ait
1464 1957 1471 1998 ι
1481 1941 1560 1997 Baeti
1577 1937 1894 2016 misericordestffntti.

168 2091 175 2101 ,
188 2034 334 2106 sepejem
344 2033 456 2089 dictum
467 2033 615 2090 est.Totus
627 2032 674 2088 hic
684 2031 817 2106 psalmus
829 2031 943 2089 Domini
951 2030 1012 2087 laa-
1066 2032 1104 2097 v),
1121 2031 1175 2083 etc.
1190 2026 1206 2083 J
1209 2026 1339 2084 adiciam
1356 2026 1414 2084 illis
1430 2028 1585 2102 promittit,
1601 2030 1653 2105 qui
1667 2030 1818 2107 patientia
1832 2047 1894 2088 me·

188 2121 361 2194 darapletua
373 2127 427 2179 est.
438 2121 577 2178 satanin
589 2120 705 2178 lucidus
716 2120 794 2178 tituli
810 2120 1012 2188 suintericus,
1066 2131 1135 2171 nere
1148 2115 1332 2185 decorentur,
1347 2115 1456 2193 quihus
1471 2122 1501 2174 et
1520 2117 1636 2186 dicitur,
1651 2110 1725 2184 liibi
1738 2118 1893 2178 undictam

187 2210 351 2269 consimilis
365 2213 398 2267 ut
413 2210 476 2267 sine
491 2209 662 2267 difficultate
675 2209 884 2266 continentiam
893 2211 957 2282 ejus
971 2209 1013 2264 in·
1067 2209 1095 2260 et
1109 2220 1162 2278 ego
1179 2205 1338 2261 retribuam
1354 2204 1450 2275 (deut.
1466 2209 1566 2277 xxxii).
1582 2204 1735 2277 iudicium
1752 2206 1832 2266 enlm
1844 2208 1892 2267 irie

188 2299 317 2372 telligerc
332 2299 503 2356 debeamus.
1066 2293 1224 2349 vindictam
1239 2292 1379 2367 intellige.

192 2391 204 2444 1
262 2388 389 2456 Benace,
404 2390 500 2445 aniene
515 2403 586 2460 rnen,
601 2388 740 2445 Dareine:
1066 2385 1083 2439 7
1136 2383 1220 2439 Notas
1232 2384 1367 2455 reiteras
1380 2400 1445 2441 suas
1460 2386 1551 2460 Moysi
1562 2403 1576 2442 :·

261 2478 494 2550 terrenisque
521 2479 597 2535 intra
624 2493 667 2533 rne
695 2485 760 2534 sunt
786 2477 896 2533 nemini
921 2484 1013 2531 senate
1139 2472 1222 2530 Fitiis
1235 2470 1323 2528 lsrael
1336 2473 1490 2531 voluntates
1503 2490 1577 2531 suas.

294 2570 364 2640 <jug
1103 2561 1227 2619 CNotas
1241 2559 1412 2637 iecitltiopsi
1426 2564 1498 2634 vies,
1515 2568 1547 2620 ut
1561 2564 1693 2638 perlectis
1715 2564 1784 2635 tidei
1798 2564 1890 2641 gredi·

225 2656 247 2712 C
261 2656 404 2728 Loquitur
426 2656 569 2729 prophete
592 2656 629 2711 nd
645 2654 774 2712 animam
787 2672 882 2723 suam,
899 2659 931 2710 ut
945 2670 1013 2710 oum
1068 2651 1125 2707 bus
1137 2650 1197 2707 vias
1213 2650 1328 2708 Domini
1342 2651 1779 2727 ambularetetejusjustltiem
1792 2650 1890 2729 legem

191 2743 412 2810 lueritdiverais
427 2743 561 2801 cladibus
576 2743 707 2811 liberate,
724 2743 933 2800 beneficiorum
950 2760 1014 2799 om·
1068 2756 1125 2811 que
1154 2739 1358 2811 conscriberet,
1375 2746 1405 2797 et
1432 2758 1529 2799 mores
1558 2732 1786 2807 coercerem
1809 2743 1889 2802 isreel

191 2834 274 2892 aium
289 2833 457 2890 recordetur
470 2836 634 2889 auctorem:
647 2849 682 2888 ne
697 2831 754 2888 sibi
770 2835 822 2888 aut
835 2831 918 2889 alteri
934 2835 1015 2905 putet
1067 2828 1232 2884 voluntates
1247 2846 1317 2886 sues
1332 2829 1469 2899 innotuit,
1477 2847 1534 2887 noe
1542 2831 1678 2905 riaszqui
1694 2832 1783 2890 multi
1795 2848 1886 2891 eorum

190 2938 254 2979 osse
271 2920 459 2987 tribuendum
475 2923 552 2994 quod
568 2939 585 2979 e
599 2920 661 2979 solo
677 2926 733 2979 Deo
754 2924 870 2979 constet
894 2936 1015 2977 conces·
1069 2916 1145 2975 viam
1160 2917 1275 2974 Domini
1291 2916 1437 2975 declinere
1447 2920 1884 2994 presumpserunt,roiuntsteu

190 3029 267 3068 sum.
280 3011 420 3078 interiora
432 3029 438 3067 :
451 3015 521 3068 suet
530 3008 666 3085 cogitatio
677 3013 764 3081 recta,
775 3010 957 3081 virtutesque
968 3025 1014 3067 re·
1069 3005 1178 3081 quippe
1192 3010 1345 3074 noverunt,
1361 3008 1411 3067 sed
1427 3012 1569 3087 precepta
1584 3024 1714 3080 serrare,
1727 3016 1758 3068 et
1767 3010 1840 3069 riam
1849 3010 1882 3068 ire

189 3101 289 3157 tionis.
1069 3095 1235 3166 noluerant,
1250 3097 1315 3153 ideo
1331 3114 1389 3153 non
1404 3096 1511 3157 dicitur
1523 3097 1585 3155 vias
1599 3099 1643 3156 eis
1657 3098 1880 3173 innotuissent

187 3191 206 3247 ἢ
260 3189 742 3258 Benedie,nninrameu,ltonrino:
1030 3175 1241 3242 Cvoluntetes.

259 3280 292 3334 Et
304 3279 365 3336 acti
377 3277 503 3335 attiniaci
515 3293 608 3335 ornnes
622 3279 813 3335 retributiones
826 3278 896 3351 ejus.
1066 3273 1083 3327 8
1137 3273 1289 3330 Misericors
1303 3281 1329 3330 et
1343 3276 1491 3353 munster
1504 3277 1638 3341 eominus
1652 3294 1659 3334 τ

224 3366 248 3423 Η
263 3365 372 3423 Multas
387 3365 593 3423 retributiones
609 3367 745 3441 prestitit
758 3367 844 3425 nobis
857 3366 1011 3424 Dominus.
1136 3363 1314 3435 teneaminis
1328 3371 1353 3420 et
1367 3365 1484 3421 muttum
1496 3367 1663 3425 misericors.

188 3454 210 3512 (i
224 3454 262 3513 Ut
276 3453 327 3526 qui
342 3469 461 3511 oramus
475 3453 557 3526 digai
571 3470 665 3526 posue,
682 3455 788 3528 dignos
800 3472 853 3512 eos
867 3455 934 3511 lecit
948 3470 1012 3512 esse
1100 3454 1120 3506 (i
1135 3449 1298 3509 Misericors
1313 3455 1367 3521 est,
1384 3452 1434 3525 qui
1450 3456 1555 3513 nature
1573 3470 1628 3521 sua
1642 3452 1877 3527 clementissimus

188 3544 298 3601 honore
314 3559 321 3599 ι
335 3543 413 3614 quod
429 3541 560 3598 oblivisci
577 3541 648 3599 nulli
665 3544 708 3599 les
724 3548 777 3599 est.
794 3546 863 3612 Quae
875 3544 1012 3601 vcroeint
1065 3540 1262 3613 approbatur:
1280 3539 1443 3611 miserator,
1451 3542 1503 3614 qui
1518 3542 1728 3606 misericordie
1742 3560 1802 3603 sue
1815 3542 1877 3602 done
1931 3550 1937 3555 '

189 3631 251 3689 iste
266 3630 473 3687 retributiones
487 3633 516 3685 et
533 3631 684 3699 beneficia,
701 3636 1011 3704 consequenterauer-
1065 3626 1196 3701 largitur·
1210 3626 1316 3685 Nullus
1337 3631 1435 3686 eutem
1460 3630 1640 3701 misericors,
1655 3630 1714 3689 nisi
1728 3628 1782 3707 qni
1795 3636 1825 3692 et
1837 3647 1876 3707 pc·

189 3725 244 3789 rat,
261 3722 289 3776 ct
301 3724 336 3783 ut
349 3719 436 3776 homo
450 3719 582 3791 cogitans
597 3718 738 3776 beneficia
752 3720 923 3793 ipsius,tote
933 3738 1012 3778 mce-
1065 3717 1140 3774 tiens
1154 3733 1219 3773 esso
1233 3717 1383 3790 probetur.
1400 3717 1468 3777 Ideo
1483 3719 1565 3776 addit
1581 3716 1775 3795 longanimis,
1789 3720 1820 3779 id
1832 3724 1876 3788 αἱ,

189 3807 388 3867 tecollsudet.
404 3806 549 3864 llleeuim
572 3806 692 3865 laudere
715 3825 867 3881 nunquam
890 3810 1009 3878 desinit,
1064 3806 1177 3881 patiens
1188 3810 1215 3861 et
1225 3804 1376 3863 sustinens
1386 3811 1552 3887 peccatores
1563 3804 1876 3884 longctemporeileni
1924 3798 1929 3803 ¹

190 3896 240 3971 qui
256 3896 362 3955 collate
375 3895 516 3953 beneilcie
530 3912 589 3953 nou
602 3900 699 3969 potest
713 3896 853 3955 oblivisci.
1064 3910 1121 3966 quc
1135 3894 1246 3966 subdit,
1263 3892 1389 3951 multum
1405 3895 1571 3954 misericors
1583 3913 1591 3966 3
1602 3897 1775 3971 quinetiam
1787 3914 1818 3956 se
1827 3897 1875 3955 bie·

186 3987 205 4043 3
260 3985 313 4055 aar
324 3985 632 4058 propitiaturomnitus
646 3987 839 4057 iniquitatibus
852 3989 930 4045 tuis:
1020 4044 1029 4063 .
1063 3982 1297 4056 sphemantibus,
1315 3981 1407 4040 solem
1436 3984 1506 4040 oriri
1534 3976 1661 4053 incitet
1676 3986 1784 4046 tribuit
1804 3986 1874 4045 else

258 4076 312 4145 Qui
323 4082 405 4133 sunu
418 4090 511 4132 ornnes
526 4075 685 4145 infimitates
699 4083 771 4131 tuas.
1062 4076 1214 4129 conservet
1227 4072 1291 4128 vita
1307 4072 1455 4146 spiritum.

219 4164 240 4220 C
254 4163 351 4221 Primo
362 4163 440 4220 enim
452 4164 484 4219 itt
494 4162 639 4237 propitius
649 4164 776 4237 peccetis
786 4165 1008 4239 nostriszquen·
1060 4162 1078 4216 9
1131 4163 1191 4219 Nan
1206 4164 1237 4217 in
1248 4169 1411 4235 perpetuum
1425 4165 1559 4220 irascerer
1573 4182 1583 4220 .·

182 4254 229 4322 do,
243 4252 376 4309 remissis
385 4251 542 4322 delictis,in
553 4267 624 4325 paee
634 4251 773 4326 dignetur
782 4253 930 4326 suscipere
940 4271 1006 4329 pec·
1130 4256 1222 4325 Neque
1237 4253 1268 4306 in
1278 4258 1414 4308 aetenrum
1428 4252 1652 4310 cornminubitur.

180 4343 400 4397 catores-‘innui
410 4340 690 4396 infirmitates:dum
701 4341 1005 4399 securitasetimmor·
1095 4340 1193 4396 CNon
1208 4339 1274 4395 uitis
1288 4339 1505 4414 inperpetuum
1520 4340 1669 4410 irascitur,
1685 4343 1736 4417 qui
1752 4340 1869 4400 munile

180 4428 280 4486 talitas
296 4429 325 4485 in
340 4429 551 4486 resurrectione
566 4429 736 4485 conceditur
748 4429 892 4488 fidelibus.
1059 4427 1256 4486 satisfactione
1270 4443 1334 4485 esse
1349 4434 1582 4504 cognoscuntur:
1598 4444 1651 4489 nee
1667 4433 1710 4490 sis
1724 4431 1870 4491 commim-

182 4518 199 4572 4
253 4519 309 4588 Qui
327 4517 440 4574 redimit
452 4516 485 4572 de
499 4518 611 4572 interitu
627 4519 712 4573 vitam
728 4525 826 4574 tuane:
1019 4545 1043 4612 D
1058 4519 1147 4586 bitur,
1164 4517 1215 4590 qui
1230 4533 1297 4575 eum
1311 4520 1372 4577 tota
1383 4522 1480 4575 mente
1496 4517 1634 4593 diligunt.

253 4607 307 4674 Qui
321 4612 469 4663 eoronatte
491 4606 562 4668 ÷in
583 4608 589 4669 ζ
611 4606 799 4662 nriserr'cerdia
813 4615 839 4664 et
853 4610 1005 4666 miseratio·
1060 4607 1093 4661 10
1129 4607 1186 4662 Non
1201 4606 1350 4662 secandum
1360 4610 1477 4680 peecata
1491 4615 1586 4665 neena
1599 4609 1787 4682 festinetis:

287 4694 379 4752 nibus.
1128 4699 1221 4769 Neque
1248 4695 1397 4753 seeundum
1424 4697 1589 4770 iniquitates
1614 4706 1723 4756 narnus
1758 4693 1869 4756 retribuit

215 4786 237 4843 G
252 4784 380 4842 Redimit
389 4784 425 4841 de
434 4780 554 4840 interitu
565 4782 669 4838 vitam:
681 4783 798 4856 quando
810 4801 863 4841 nos
873 4786 910 4843 ab
921 4791 1003 4843 eter-
1163 4785 1251 4841 nebu.

178 4893 216 4933 na
226 4872 555 4941 mortesubmoverit,ut
566 4888 624 4928 non
635 4872 804 4930 audiamus:
816 4877 858 4932 lte
868 4875 1002 4949 inignem
1093 4874 1116 4930 H
1131 4873 1194 4931 Non
1206 4874 1496 4948 secundumpeccata
1511 4879 1613 4933 nostre
1627 4876 1866 4952 intimaeque
1932 4910 1938 4951 ·.

176 4967 457 5020 aeteruumcorenet
466 4962 496 5019 in
507 4961 708 5019 misericordie
721 4980 727 5017 :
740 4963 856 5036 quando
863 4964 927 5037 jam
937 4964 1003 5022 lica·
1056 4964 1251 5037 merebamur,
1268 4963 1352 5020 uobis
1368 4962 1489 5021 meliora
1502 4964 1635 5022 indulsit.
1647 4966 1706 5023 Nec
1722 4964 1866 5024 ιοοιιιιάιιιι
1921 4986 1938 5041 ⁴}

176 5051 216 5104 tis
232 5050 351 5122 praemia
373 5051 462 5125 digne
486 5049 657 5108 restituerit.
672 5050 695 5106 il
711 5050 907 5111 Prueurrente
922 5054 1001 5112 euim
1056 5052 1225 5127 iniquitates
1237 5052 1388 5108 retribuet.
1401 5052 1573 5117 CQuoniam
1586 5053 1627 5112 ite
1635 5054 1705 5128 plus
1720 5048 1867 5128 estsuppli·
1921 5068 1938 5135 ᾗ

176 5137 387 5205 misericordia,
404 5139 1000 5215 detrictoriam,uttribuatpelmn‚uede
1054 5143 1188 5201 centibus
1211 5146 1244 5198 ut
1267 5141 1456 5214 paenitentem
1492 5143 1592 5200 stetim
1615 5142 1743 5202 resciret
1771 5154 1865 5216 epcc·
1909 5160 1938 5221 ξ

175 5229 203 5280 et
213 5225 325 5281 dictum
340 5229 494 5284 sstzflcuto
510 5229 591 5285 bone
606 5227 765 5286 voluntatis
781 5234 837 5289 tue
852 5234 999 5290 coronasti
1054 5233 1138 5290 cetis.
1909 5260 1935 5313 3,

174 5329 228 5371 nos
244 5315 331 5388 (Psoi.
346 5314 384 5386 v).
401 5319 487 5372 scuto
510 5316 609 5390 itaque
633 5323 763 5386 coronat,
779 5320 850 5376 dum
873 5322 998 5396 protegit
1070 5322 1082 5379 l
1122 5324 1259 5393 Quoniam
1273 5321 1422 5379 seeundum
1435 5322 1614 5387 altitudinem
1629 5323 1694 5381 eoeii
1707 5342 1726 5382 a
1741 5330 1811 5383 rem
1821 5337 1832 5375 ·'

173 5401 352 5472 etdeieedit,
367 5402 449 5460 etsie
464 5409 592 5461 coronat.
604 5406 726 5462 Scutum
747 5424 815 5482 ergo
833 5409 996 5468 misericor·
1122 5412 1312 5471 Genetoraeit
1334 5412 1553 5473 inisericordiam
1572 5424 1652 5470 sunm
1675 5430 1758 5487 nuper
1780 5413 1861 5470 tinen·

171 5490 222 5548 die
236 5495 282 5551 est
296 5509 303 5550 :
320 5491 399 5564 quod
412 5490 491 5549 euim
502 5494 637 5569 protegit,
648 5512 706 5554 non
723 5496 819 5555 meriti
834 5500 927 5557 nostri
941 5504 995 5571 est,
1157 5509 1195 5558 tea
1206 5516 1234 5556 se
1251 5517 1258 5558 ι
1894 5478 1911 5539 Ῐ

170 5577 223 5650 tid
238 5579 302 5657 ilii
316 5577 534 5641 miiiriwrdiae·
1086 5587 1864 5670 CQuacomperetionesignificetur,qulasicutculun
1893 5542 1938 5711 L
