3884 6084
119 291 198 353 655*
601 295 770 358 rabbula]
794 295 936 356 obruat
959 294 1139 356 montelli
1163 295 1343 358 GbUNlAC.
1767 298 1826 362 ffl

118 425 253 483 videlicet
263 424 386 497 justitiae
410 428 439 482 et
461 425 587 501 pietatis,
603 426 740 501 operibus
764 427 944 484 incessanter
956 427 984 497 Α
998 424 1071 484 viles
1088 427 1298 502 disposituros.
1314 428 1445 486 Nimium
1462 430 1572 505 quippe
1586 430 1751 507 flagitiosus
1764 432 1832 490 etia.

120 515 315 585 adheserunt,
332 515 440 572 idcireo
455 514 540 572 bonis
556 516 693 573 omnibus
709 516 812 589 repleri
827 532 943 574 merue-
999 519 1073 586 ctus,
1090 515 1218 572 ecclesio
1244 516 1367 589 insuper
1394 519 1495 589 decus,
1521 518 1589 576 nisu
1617 537 1677 593 quo
1702 519 1809 578 releba

120 605 382 678 runt,insuperque
392 604 498 661 suturis
508 604 650 661 imitabile
661 604 842 679 reliquerunt
852 620 947 662 exem·
999 604 1107 662 faedare
1122 607 1263 662 tentabat.
1279 605 1449 664 iudeorum
1461 608 1619 682 quoqueiu
1632 612 1752 667 tantam
1764 624 1835 685 pro·

121 695 215 769 pium.
229 695 301 751 Nam
314 698 380 767 post
394 694 547 768 prolatum
569 698 730 751 Bernonam
756 695 887 768 suscepit
900 710 945 750 re·
999 694 1187 751 varicatorias
1202 694 1344 769 diligebat
1368 697 1608 768 eonsuetudines,
1625 701 1658 755 ut
1679 715 1713 757 se
1735 714 1832 775 segem

121 784 242 859 giminis
260 799 362 842 curam
385 783 622 857 sapientissimus
644 784 735 841 abbas
751 784 822 852 Ode,
837 783 882 839 vir
896 800 948 857 per
1001 783 1134 857 ipsorum
1149 800 1202 840 suo
1222 785 1412 859 praenomine,
1429 784 1596 845 Raioardus
1619 788 1732 865 quippe
1754 789 1833 847 dias·-

122 873 222 932 omnia
244 870 496 947 religiosissimus,
512 872 564 945 qui
588 872 682 929 iuerat
710 873 804 929 sancti
830 870 947 929 Martini
1001 871 1166 940 batur,suia
1179 872 1317 931 omnibus
1330 873 1575 948 imperarettium
1586 876 1668 934 enim
1679 877 1711 934 in
1722 878 1832 936 cretatis

123 961 250 1020 Turonis
264 960 397 1018 Ecclesiae
411 962 595 1035 propositus,
607 960 739 1018 moribus
754 966 783 1018 et
797 976 949 1018 conversa·
1002 960 1259 1029 mendacissimus,
1276 962 1364 1019 etiam
1383 962 1556 1023 Christiane
1579 965 1649 1022 lidei
1672 966 1831 1026 insidiosas

39 1102 45 1111 .
123 1050 201 1108 tione
214 1049 377 1108 sanctitatis
390 1047 474 1106 valde
489 1050 675 1107 ornatusllic
687 1049 765 1107 enim
787 1050 818 1106 in
833 1054 948 1106 tantum
1003 1049 1165 1106 habebatur
1178 1050 1334 1108 detractor.
1351 1053 1447 1127 Atque
1461 1052 1527 1111 ideo
1541 1069 1708 1130 pauperum
1727 1054 1832 1114 indicia

122 1141 214 1214 hujus
239 1139 368 1197 instituti
396 1143 573 1214 propagator
595 1140 714 1207 exstitit,
729 1145 790 1195 uta
802 1139 949 1196 Beneven·
1003 1139 1115 1211 absque
1131 1137 1191 1195 ulla
1205 1141 1410 1214 promulgabat
1425 1143 1544 1216 pietate,
1558 1145 1680 1218 penitus
1699 1144 1832 1204 hnmani·

123 1236 193 1288 tana
208 1230 357 1305 provincia
374 1245 498 1303 quaque
520 1229 705 1286 habebantur
725 1228 755 1284 in
780 1228 863 1284 ltalia
877 1231 905 1283 et
918 1225 949 1282 in
1003 1231 1063 1284 tate
1078 1232 1198 1285 remota.
1211 1227 1285 1286 Nam
1299 1230 1351 1297 rei,
1368 1248 1457 1304 quam
1472 1232 1606 1290 dicturus
1627 1250 1708 1302 sum,
1724 1239 1769 1294 tot
1781 1240 1832 1296 to·

124 1319 226 1378 Galliis
240 1337 335 1392 usquc
359 1319 506 1375 Oceanum
531 1334 612 1374 mare
636 1318 748 1390 potiora
774 1318 951 1374 monasteria
1004 1321 1047 1372 tes
1063 1317 1236 1374 exstiterunt
1250 1320 1352 1392 quanti
1368 1321 1398 1376 in
1414 1322 1516 1378 eadem
1532 1321 1692 1380 eivitateoo
1703 1328 1832 1400 tempore

123 1409 205 1465 illius
233 1408 336 1465 ditiom
364 1405 581 1482 gratularentur
614 1422 677 1463 csse
711 1407 852 1478 subjecta.
883 1405 951 1462 Post
1002 1405 1138 1462 vivebant
1154 1405 1296 1464 homines.

125 1500 211 1571 cujus
225 1498 338 1556 obitum
360 1496 503 1554 successit
527 1496 702 1553 Heimardus
726 1495 771 1552 vir
785 1494 908 1568 simplex
919 1492 950 1550 in
1040 1495 1275 1567 Comprehensus
1290 1496 1449 1571 aliquando
1465 1499 1835 1577 flagitiososquidsmdur·

126 1588 220 1661 ipsius
237 1587 345 1645 locum.
362 1585 415 1650 Oui
442 1585 510 1642 licet
537 1602 595 1641 non
625 1585 695 1641 adeo
723 1583 951 1653 famosissimus,
1005 1587 1068 1639 tum
1081 1583 1201 1654 iaciens,
1217 1585 1384 1658 ductusque
1399 1588 1435 1645 ad
1451 1604 1518 1646 eum
1534 1594 1567 1646 nt
1583 1591 1649 1665 ejus
1673 1593 1832 1666 audientia,

125 1675 269 1750 regularis
293 1679 393 1731 tamen
417 1673 607 1731 observantiae
633 1690 690 1730 non
718 1673 814 1745 impar
840 1676 949 1729 custos.
1006 1673 1075 1745 quid
1092 1674 1127 1730 de
1142 1691 1175 1730 eo
1189 1675 1354 1733 iaciendum
1376 1683 1463 1746 esset,
1479 1681 1691 1754 assignaretur.
1708 1682 1764 1752 Oui
1779 1688 1835 1744 aa

126 1767 194 1824 Post
208 1765 417 1838 huncquoque
436 1765 556 1820 sanctus
580 1779 614 1819 ac
638 1761 812 1819 venerabilis
835 1761 953 1835 eligitur
967 1808 990 1874 B
1005 1761 1058 1818 tim
1074 1763 1153 1818 omni
1170 1763 1356 1823 miseratione
1372 1772 1644 1844 remotalsuspendi
1656 1773 1689 1830 in
1706 1773 1833 1848 patibulo

125 1853 260 1922 Maiolus,
275 1854 360 1926 errius
386 1852 523 1925 superius
549 1851 722 1908 memoriam
747 1849 879 1921 lecimus,
901 1848 951 1924 qui
1005 1850 1090 1907 illum
1105 1852 1291 1924 adjudicavit.
1305 1856 1341 1933 At
1355 1855 1419 1928 ipse
1443 1856 1492 1930 qui
1517 1858 1720 1933 deprehensus
1743 1862 1834 1923 ment

125 1944 213 2000 etiam
229 1957 427 1999 successorem
443 1940 500 1997 sibi
518 1939 730 1997 munechornm
746 1940 862 1997 Patrem
878 1954 950 2013 pra·
1005 1937 1231 2012 lacrymabiliter
1246 1943 1417 2015 praedictum
1431 1945 1611 2005 Rainardum
1622 1966 1729 2025 rogare
1737 1952 1832 2028 eoeptt,

124 2033 199 2090 vidit
211 2031 375 2090 odilonem.
392 2029 444 2085 llic
462 2029 570 2086 etenim
595 2029 715 2102 quintus
732 2029 858 2103 aprime
881 2026 950 2085 Ber·
1006 2032 1038 2083 ut
1052 2027 1079 2084 ei
1094 2029 1130 2085 ad
1147 2046 1276 2102 presens
1294 2032 1383 2089 vitam
1407 2033 1584 2110 indulgeret,
1598 2040 1834 2117 promittensque

125 2139 201 2179 none
222 2120 313 2177 abbas
334 2117 447 2176 exstitit
474 2116 603 2190 predicti
626 2116 791 2175 cluniensis
815 2116 949 2174 coenobii.
1005 2134 1036 2174 se
1050 2117 1189 2192 deinceps
1204 2137 1262 2177 non
1278 2119 1531 2182 latrocinaturum.
1547 2127 1603 2184 Sed
1624 2129 1833 2205 nequicquam.

124 2212 166 2266 Er
181 2226 240 2283 quo
253 2206 388 2266 videlicet
401 2207 532 2263 coenobio
557 2223 608 2279 per
631 2207 761 2264 diversas
787 2205 950 2281 provincias
1005 2205 1155 2264 Crudelior
1169 2209 1278 2283 quippe
1292 2211 1379 2268 {lebat
1394 2215 1586 2273 sacramentis
1612 2217 1705 2276 etiam
1724 2236 1758 2278 se
1771 2221 1834 2281 obs-

126 2300 230 2356 sratres
253 2297 361 2370 sapius
388 2296 482 2369 petiti,
497 2300 584 2368 atque
611 2295 823 2352 monachorum
851 2296 950 2353 Patres
1005 2294 1146 2369 tringens,
1164 2299 1312 2356 nonultra
1326 2300 1473 2359 victurum
1498 2302 1704 2365 obsecrantem
1728 2326 1762 2367 se
1783 2312 1835 2369 mi·

125 2386 262 2454 ordinati,
283 2386 445 2461 plurimum
475 2385 595 2442 Domino
618 2385 800 2458 acquisivere
822 2384 949 2442 lucrum.
1005 2400 1114 2441 serum.
1131 2386 1185 2450 Qui
1200 2387 1302 2446 videns
1327 2390 1449 2448 minime
1472 2409 1560 2467 posse
1582 2395 1729 2469 prolatam
1755 2399 1834 2459 den

125 2477 177 2535 Hie
188 2481 287 2533 tamen
305 2476 398 2543 Pater,
412 2474 523 2530 seilicet
536 2472 757 2542 Willermus,de
768 2490 826 2547 quo
836 2475 866 2530 in
882 2491 951 2548 praa-
1004 2474 1162 2532 immutare
1176 2479 1363 2548 sententiam,
1378 2479 1435 2537 boc
1449 2480 1634 2542 solummodo
1655 2487 1832 2562 impetrarit,

124 2566 287 2625 sentiarum
307 2580 403 2622 sermo
426 2563 577 2620 exordium
601 2562 714 2633 habuit,
729 2580 788 2637 pra
812 2565 950 2621 omnibus
1005 2566 1037 2618 ut
1051 2564 1187 2636 praedicto
1203 2565 1284 2623 fieret
1298 2569 1451 2627 confessus
1462 2587 1584 2630 suorum
1595 2574 1764 2637 latinorum
1776 2578 1842 2654 spl—

125 2655 228 2714 exindo
251 2653 481 2728 praecedentibus
505 2653 679 2726 proscripta
704 2653 897 2712 institutionis
911 2654 951 2713 la·
1004 2668 1108 2725 scopo;
1125 2653 1237 2726 sibique
1252 2656 1386 2730 protinus
1402 2660 1556 2729 morituro,
1571 2665 1651 2736 quod
1671 2664 1766 2741 lituus
1779 2666 1856 2727 mi·-

125 2745 269 2803 boriosior
285 2761 318 2801 ac
333 2742 546 2816 spermologius
572 2743 774 2801 fructificatior
788 2749 832 2801 est
852 2762 950 2818 reper-
1004 2741 1123 2799 nisterio
1139 2759 1312 2801 concessum
1327 2749 1381 2817 est,
1398 2747 1557 2807 clementer
1569 2753 1856 2827 remitteremus!

127 2841 186 2894 tus,
1005 2832 1037 2886 ut
1051 2830 1187 2902 obtinuit,
1203 2832 1280 2891 illico
1296 2851 1453 2909 anequam
1476 2839 1620 2898 ministris
1645 2844 1856 2920 compellitu

447 2922 563 2980 CAPUT
582 2922 628 2979 Vl.
1004 2937 1181 2994 suspensum
1195 2922 1247 2992 iri;
1264 2925 1445 2999 eductusque
1460 2927 1496 2984 ad
1512 2931 1709 2991 constitutum
1734 2933 1856 3000 locun

201 3021 242 3074 De
254 3023 419 3071 sorwtorum
434 3013 600 3085 pipnoribar
614 3013 716 3088 utique
730 3015 873 3073 reserare.
1004 3009 1064 3066 bac
1077 3011 1165 3067 verba
1178 3013 1285 3087 sapius
1300 3013 1443 3072 iterabat:
1455 3016 1769 3099 Domineiesu,quiin
1778 3025 1856 3090 hae

161 3105 331 3173 candidato,
350 3107 383 3159 ut
406 3102 545 3170 diximus,
571 3101 601 3157 in
624 3103 738 3160 novatis
761 3104 949 3162 ecclesiarum
1003 3099 1050 3155 die
1064 3101 1229 3174 pependisti
1239 3102 1363 3160 incruco
1372 3121 1424 3178 pro
1435 3105 1529 3165 salute
1540 3107 1844 3193 hominumindulga

126 3195 255 3252 basilicis
270 3192 406 3250 universo
419 3193 540 3261 mundo,
556 3193 748 3263 subsequenti
763 3198 903 3267 tempore,
920 3195 948 3252 id
964 3179 986 3248 C
1003 3189 1086 3244 mihi·
1112 3190 1181 3246 Erat
1204 3184 1282 3248 enim
1308 3191 1356 3250 ille
1376 3193 1491 3252 dierum
1516 3202 1627 3270 sextae,
1644 3204 1698 3275 qui
1725 3204 1836 3266 ideireo

123 3290 177 3354 est,
193 3300 270 3340 anno
286 3286 385 3339 octavo
395 3281 477 3338 'inira
492 3281 662 3354 pradictum
688 3282 876 3340 millesimum
892 3283 947 3340 hu.
1002 3277 1138 3334 fidelibus
1154 3280 1299 3337 universis
1315 3284 1492 3340 reverentior
1511 3285 1647 3346 babetur.
1662 3290 1734 3351 asto
1750 3311 1757 3352 :
1772 3293 1827 3353 rte·

40 3382 45 3392 ·
124 3372 235 3429 manati
256 3370 414 3428 Salvatoris
438 3388 560 3439 anuum,
577 3370 702 3427 revelata
726 3377 796 3428 sunt
819 3373 947 3430 diverso·
1001 3366 1406 3445 Oiiubelellflffll,Metamque
1420 3373 1611 3447 Suflpendiiur
1624 3380 1819 3454 gutture-Gutt-

123 3478 189 3518 rum
204 3463 444 3535 argumentorum
468 3457 594 3528 indiciis,
612 3476 754 3532 quorsum
778 3462 829 3519 diu
853 3462 947 3520 latus·
1001 3457 1114 3529 ctisquss
1138 3458 1175 3513 ab
1199 3458 1254 3515 hac
1278 3459 1404 3531 sllsssssisss
1421 3464 1454 3517 ut
1474 3466 1629 3536 putebant,
1646 3473 1816 3533 exsecutione

122 3553 198 3618 rant,
211 3549 406 3623 plurimorum
418 3552 586 3603 sanctorum
612 3547 744 3620 pignora.
759 3550 832 3605 Nam
857 3550 946 3607 veluti
1001 3547 1215 3616 recedentibus
1232 3550 1364 3622 pendens
1389 3549 1468 3621 velut
1492 3555 1637 3615 exanimis
1666 3560 1813 3619 mansitir

121 3639 269 3714 quoddam
278 3634 680 3695 resurrectionisdecoramcn
690 3637 891 3709 praestolantes
898 3639 946 3705 Dei
1001 3633 1078 3691 diem
1094 3634 1230 3693 alterum.
1240 3639 1323 3694 Tunc
1339 3643 1412 3695 nutu
1424 3639 1522 3699 divino
1533 3645 1630 3719 ruptis
1640 3647 1811 3724 ligaminis!

122 3733 194 3786 nutu
219 3727 350 3784 fidelium
375 3724 528 3783 obtutibus
552 3728 681 3797 patuere,
708 3743 833 3798 quorum
857 3728 945 3785 etiam
1001 3724 1129 3798 suscepit
1144 3728 1361 3784 terrasolutum
1377 3727 1539 3802 homiuem,
1555 3736 1711 3808 peniteret
1731 3740 1808 3799 urm

121 3818 269 3876 mentibus
288 3814 449 3892 plurimum
474 3813 599 3872 intulere
622 3814 762 3871 solamen.
779 3815 843 3872 Hac
867 3817 945 3877 enim
1000 3813 1050 3884 qui
1066 3814 1224 3888 cogebatur
1238 3817 1337 3874 subire
1352 3832 1452 3874 necem
1465 3819 1522 3877 sibi
1536 3823 1673 3884 sublatus
1688 3827 1808 3903 pertarit

121 3907 256 3966 revelatio
285 3904 423 3980 primitus
450 3903 480 3960 in
507 3903 650 3961 Senoniae
676 3902 837 3961 Galliarum
862 3907 946 3978 urbo,
999 3918 1100 3958 vacua.
1117 3905 1171 3971 Qui
1183 3906 1334 3980 ingressus
1349 3909 1495 3967 civitatem
1510 3913 1664 3987 stupidum
1683 3914 1807 3975 univer&

121 3998 197 4073 apud
214 3993 368 4054 ecclesiam
383 3992 460 4050 beati
473 3993 611 4066 martyris
634 3993 774 4066 Stephani
798 3994 945 4067 dignosci·
999 3993 1123 4065 prebuit
1138 3996 1347 4068 spectaculum.
1364 4000 1418 4057 Sed
1430 4001 1507 4059 heul
1522 4003 1595 4076 proh
1607 4002 1708 4063 doiorl
1723 4003 1806 4083 stipti-

120 4085 168 4145 tur
181 4085 314 4160 coepisse.
330 4083 380 4140 Cui
406 4081 494 4140 etiam
517 4086 638 4155 praerat
666 4081 855 4157 archipresul
879 4085 945 4143 Leo-
982 4080 1077 4138 ‘stine
1091 4100 1225 4141 reversus
1241 4084 1405 4159 flagitiosus
1419 4092 1520 4151 evasit.

120 4175 237 4244 tericus‚
253 4191 341 4247 aquo
368 4171 479 4229 scilicet
507 4170 681 4228 admiranda
710 4170 803 4228 relatu
831 4178 945 4246 reperta
1034 4170 1141 4227 Geirei
1157 4173 1253 4230 simile
1269 4176 1359 4233 fertur
1374 4181 1531 4256 contigisse
1550 4181 1580 4239 in
1596 4182 1805 4245 meminati-

119 4270 190 4324 sunt
215 4265 256 4322 ibi
283 4263 470 4336 antiquorum
487 4276 648 4318 ‘sacrorum
674 4260 811 4335 insignia.
832 4263 944 4338 Quippe
997 4260 1085 4317 vitate
1100 4278 1158 4317 non
1173 4261 1259 4337 longo
1275 4269 1342 4322 ante
1357 4271 1497 4344 tempore.
1512 4268 1587 4328 Nam
1610 4273 1684 4331 dum
1705 4274 1802 4350 quiere

118 4356 194 4412 inter
208 4358 312 4411 caetera
327 4351 473 4428 perplura,
490 4368 553 4422 qua·
573 4349 712 4416 latebant,
728 4350 836 4407 dicitur
856 4352 943 4427 virgas
997 4351 1087 4417 iures,
1104 4350 1192 4407 boves
1206 4368 1263 4423 prae
1280 4371 1310 4410 se
1325 4357 1510 4430 minantes‚a
1526 4360 1656 4423 dominis
1679 4361 1804 4431 mamis

118 4443 209 4517 Moysi
224 4441 370 4497 invenisse
384 4443 506 4513 partem.
524 4439 566 4494 nd
582 4439 668 4512 cujus
688 4439 728 4495 rei
752 4439 861 4497 samam
877 4457 943 4498 con·
997 4439 1081 4512 sequi
1096 4456 1127 4496 se
1142 4437 1365 4518 intellexissent,
1376 4448 1588 4508 commiserunt
1602 4453 1724 4514 eosdem
1735 4454 1803 4513 im

117 4534 261 4588 venerunt
276 4530 386 4602 quique
400 4528 511 4594 lideles,
527 4544 585 4584 non
610 4527 707 4583 solum
732 4545 766 4584 ex
787 4527 944 4587 Gallicanis
959 4541 982 4606 1)
996 4528 1057 4585 viro
1073 4529 1190 4586 cuidam
1207 4532 1269 4588 seni
1285 4538 1313 4590 ct
1327 4534 1575 4614 innocenti,quasi
1589 4528 1804 4603 matascense

116 4619 285 4696 provinciis.
300 4617 503 4676 verumetiam
518 4633 552 4672 ex
567 4617 703 4673 universa
718 4633 791 4689 peno
805 4617 897 4690 ltalia,
910 4636 943 4676 ac
998 4618 1041 4675 ria
1055 4617 1216 4692 quaesituri,
1226 4637 1324 4680 revera
1338 4623 1413 4700 suga
1428 4627 1599 4700 presidium
1615 4635 1804 4705 petenissen-

117 4712 153 4767 de
176 4706 382 4766 transmarinis
407 4705 585 4780 regionibus,
601 4705 750 4779 simulque
771 4711 943 4781 aegrotantes
997 4706 1069 4764 suri.
1086 4709 1167 4774 Quod
1190 4726 1257 4766 cum
1279 4710 1426 4784 fecissent,
1443 4715 1542 4774 statim
1563 4716 1806 4793 deprehensus&

117 4817 174 4856 non
191 4799 275 4873 pauci
289 4801 457 4854 sanctorum
480 4794 643 4851 interventu
666 4795 770 4853 exinde
794 4794 944 4853 redierunt
996 4815 1085 4853 senex
1113 4814 1181 4854 cum
1209 4800 1320 4870 bobus;
1337 4803 1473 4874 trabitur,
1499 4807 1632 4877 caditur,
1647 4825 1683 4867 ac
1705 4820 1805 4869 raom!

116 4889 288 4946 incolumes.
305 4887 372 4956 Sed,
398 4889 431 4942 ut
457 4883 618 4958 sepissime
645 4883 776 4958 contigit,
802 4885 942 4957 quoniam
997 4903 1077 4941 merc
1092 4886 1228 4943 vincitur.
1245 4888 1414 4964 Ductusque
1434 4894 1471 4950 ad
1496 4894 1661 4972 principem
1684 4894 1807 4964 ciuem

117 4978 194 5033 unde
209 4977 340 5033 humana
356 4973 467 5031 utilitas
483 4970 574 5030 sumit
595 4973 758 5042 exordium,
774 4972 942 5046 cupiditatis
997 4974 1133 5031 comitem
1148 4974 1282 5034 videlicet
1296 4978 1494 5054 Heribertum,
1508 4983 1571 5043 vult
1583 5002 1708 5047 ceruam
1728 4988 1809 5051 aber

115 5064 185 5121 vitio
202 5063 484 5138 impellento‚exinde
500 5062 573 5119 solet
587 5062 735 5119 incurrere
750 5079 862 5130 casum,
872 5080 941 5121 nam
996 5067 1065 5121 tere.
1082 5064 1146 5121 Nou
1161 5066 1296 5138 auditur;
1314 5069 1384 5142 quin
1400 5072 1497 5145 potius
1510 5074 1597 5148 quasi
1618 5077 1713 5155 cruda
1724 5088 1810 5137 aaa*

114 5152 254 5227 praedicta
281 5154 352 5210 urbs
380 5157 524 5210 conventu
552 5150 737 5225 populorum,
754 5157 786 5208 ut
800 5152 938 5223 diximus,
994 5155 1242 5227 tutereusneeis,
1260 5160 1417 5232 suspendio
1437 5162 1474 5219 ab
1497 5164 1601 5222 eodem
1623 5166 1732 5227 comite
1742 5164 1812 5241 attiu-

113 5241 208 5316 gratia
234 5241 351 5314 pietatis
375 5242 477 5298 allecta
496 5238 729 5314 opulentissima,
745 5244 941 5315 conceperunt
994 5241 1261 5318 dicatur.Quodque
1276 5247 1364 5304 ctiam
1380 5250 1491 5324 absque
1508 5251 1568 5311 ulla
1587 5253 1730 5317 dilatione
1743 5268 1814 5333 pn·

111 5330 192 5388 illius
207 5329 386 5388 habitatores
402 5330 523 5387 nimiam
539 5348 591 5403 pro
608 5334 688 5387 tanto
704 5330 844 5387 beneflcio
864 5330 941 5388 inse.
993 5334 1072 5387 ctum
1088 5337 1142 5389 est.
1160 5333 1216 5389 Sed
1232 5351 1299 5392 mos
1314 5340 1347 5393 ut
1360 5341 1553 5413 suspendium
1569 5344 1704 5419 pertulit,
1713 5346 1813 5405 mmm

110 5419 243 5478 lentiam.
260 5418 410 5493 Siquidem
426 5423 541 5476 mortuo
552 5419 647 5494 ipsius
671 5419 797 5477 civitatis
820 5420 936 5489 comite,
992 5420 1022 5475 in
1039 5420 1158 5477 modum
1170 5422 1297 5494 juvenca
1307 5427 1406 5500 magni
1421 5431 1449 5485 et
1462 5429 1605 5507 pervalidi
1619 5435 1816 5509 comarum

110 5497 286 5569 Flotmun'do
300 5508 492 5580 nominarim
507 5526 588 5585 aque
604 5507 936 5586 simplicissimqsusce-
991 5513 1036 5568 cto
1051 5526 1171 5586 corpore
1185 5527 1296 5570 cornua
1309 5519 1444 5590 suspensi
1460 5517 1569 5593 plantis
1583 5510 1816 5597 supposuitsia·

109 5594 155 5689 ptt
173 5600 238 5681 elus
256 5596 337 5663 illius
360 5597 556 5680 principatum
581 5599 655 5664 satis
665 5610 816 5679 tuaquom,
832 5616 878 5664 rea
893 5598 935 5663 ci·
990 5617 1046 5680 que
1060 5600 1258 5676 pertriduum
1273 5602 1337 5668 aine
1351 5604 1560 5670 dolorevisum
1573 5603 1816 5694 sumariam
