3884 6084
109 253 200 358 aaa
577 297 609 360 s.
633 295 815 360 onrnoms
838 294 1115 360 anuuiaanusis
1138 299 1302 362 ansius
1324 298 1361 361 v.
1769 286 1829 359 aar

115 428 305 504 conscripsit;
317 448 374 486 nou
390 428 473 497 alias,
490 429 531 485 uti
546 430 671 497 videtur,
688 429 724 485 ab
750 430 785 485 iis
810 446 873 502 quae
898 427 939 484 illi
956 429 1047 496 Avit.
1060 431 1100 485 Hx
1115 430 1161 486 his
1177 431 1206 487 in
1223 432 1361 502 ejusVita
1375 437 1504 490 asanclo
1512 429 1831 510 PetroDamianiedita

118 518 234 575 Odiloni
250 529 350 574 nostro
365 520 691 575 tribueruntcaeterum
704 536 737 574 oa
747 535 806 589 qua
821 517 949 590 pollebat
1002 517 1139 575 laudatur
1151 521 1296 577 Adraldus
1313 522 1511 579 Bremelansis
1522 521 1695 578 abbas.Nec
1704 525 1831 591 repetere

118 606 163 662 vir
178 613 298 663 sanctus
313 607 467 664 humilitas
483 625 541 664 non
565 608 664 663 minus
690 608 720 662 in
744 607 808 676 ejus
830 604 948 677 scriptis
1001 607 1049 663 hic
1064 615 1146 664 vacat
1161 627 1225 680 quaa
1242 628 1332 681 supra
1347 612 1477 667 diximus
1495 612 1532 667 de
1548 612 1674 666 Paterno
1692 608 1830 665 etGarsia

120 694 948 769 quamincaeterisvitanejusactionibuacluxit,itautea
1002 696 1167 764 abbatibus,
1194 699 1244 769 qui
1273 699 1388 771 Regula
1413 699 1620 765 Benedictinae‚
1649 698 1741 753 simul
1765 713 1829 752 cum

121 784 247 858 propriis
262 785 349 841 etism
372 784 525 858 discipulis
546 784 741 841 examinanda
764 783 948 839 committere
1002 785 1357 844 institutisCluniacensis
1368 789 1724 854 monasterii,accuratam
1736 786 1828 842 obser·

123 890 182 930 non
197 875 390 930 erubesceret.
408 875 504 931 Testis
519 879 563 929 est
573 873 664 943 hujus
681 873 721 928 rei
738 873 860 945 ipsemet
881 888 948 928 san·
1002 873 1149 930 rationem
1165 876 1193 930 in
1211 876 1357 948 Hispanias
1373 877 1560 934 monasteriis
1576 874 1827 931 renovaruntdlii

124 962 275 1019 ctissimus
288 963 389 1032 abbas,
406 963 456 1036 qui
470 981 504 1020 ea
518 963 554 1018 de
569 979 659 1018 causa
675 963 768 1017 Vitam
784 960 877 1016 sancti
891 960 949 1015 Ma·
1003 962 1069 1018 aliis
1085 962 1113 1017 in
1129 963 1200 1019 locis
1217 967 1327 1036 passim
1344 969 1502 1022 occurrunt
1517 966 1595 1037 apud
1618 963 1756 1036 vulgatos
1780 980 1826 1020 su·

124 1049 173 1106 ioli
189 1068 249 1108 ase
263 1056 412 1108 exoratum
427 1051 542 1124 Hugoni
557 1056 586 1106 et
601 1048 744 1105 almanno
755 1046 949 1104 cluniacensi·

123 1138 179 1196 bus
195 1141 347 1197 monachis
362 1141 590 1212 nuncupavit,ut
607 1155 641 1194 ex
656 1137 779 1210 epistola
795 1137 865 1192 Vitas
881 1153 950 1208 pree·

122 1229 180 1284 lixa
203 1234 292 1302 patet,
308 1247 397 1303 quam
422 1229 469 1285 hic
491 1227 640 1284 brevitatis
664 1243 754 1282 eausa
773 1224 947 1292 omittimus,

123 1319 200 1391 quod
213 1320 277 1391 jam
292 1335 350 1374 non
366 1317 456 1374 semel
472 1317 550 1373 edita
561 1316 608 1372 sit.

265 1408 310 1463 lll.
328 1412 366 1463 Dc
377 1408 484 1477 aliquot
499 1407 571 1461 beati
584 1407 640 1461 viri
653 1407 806 1476 discipulis.

1004 1055 1111 1119 ctores;
1128 1054 1178 1107 sed
1195 1055 1286 1109 multo
1301 1054 1401 1126 plures
1416 1059 1485 1111 sunt
1500 1054 1560 1127 qui,
1577 1053 1752 1110 hominibus
1767 1052 1825 1110 licet

1004 1140 1105 1212 ignoti,
1123 1142 1223 1197 vivunt
1239 1143 1267 1197 in
1283 1143 1404 1215 perenni
1419 1143 1522 1216 gloria.
1534 1141 1615 1198 Talis
1634 1142 1741 1198 suisset
1756 1141 1824 1199 Wal-

1003 1228 1106 1298 terius,
1123 1231 1209 1301 cujus
1223 1248 1277 1287 nec
1291 1248 1408 1299 nomen,
1424 1248 1476 1287 nac
1491 1230 1551 1287 ulla
1572 1235 1657 1304 gesta
1681 1234 1821 1304 perspecta

1003 1316 1191 1386 haberemus,
1207 1320 1263 1376 nisi
1288 1320 1393 1376 Glabor
1414 1323 1478 1392 ejus
1502 1318 1662 1386 mentione,
1681 1319 1819 1375 occasions

1004 1407 1088 1477 quasi
1105 1407 1305 1474 fortuita‚eum
1320 1409 1404 1465 nobis
1416 1414 1518 1465 notum
1529 1408 1657 1464 lecisset.
1670 1409 1738 1464 Erat
1747 1409 1818 1482 qaip

161 1497 221 1551 118.
239 1501 284 1551 lta
298 1512 387 1551 suave
402 1500 464 1552 erat
476 1493 582 1550 Christi
598 1495 705 1566 jugum
726 1495 781 1549 sub
794 1493 867 1549 beati
882 1493 948 1548 Odi·
1004 1511 1039 1566 pc
1055 1495 1141 1551 homo
1158 1513 1210 1552 noc
1225 1497 1354 1570 eorporis
1368 1501 1458 1563 statu,
1475 1515 1527 1553 nce
1543 1496 1655 1567 ingenii
1671 1497 1815 1556 subtilitate

124 1584 201 1640 lonis
216 1583 368 1657 regimine,
385 1577 418 1640 'ut
432 1583 540 1638 mirum
557 1600 613 1638 non
630 1583 668 1638 sit
683 1582 708 1638 si
724 1582 889 1654 complures
903 1598 950 1655 gc·
1005 1584 1131 1640 multum
1148 1587 1410 1653 commendandus,
1427 1588 1478 1643 sed
1493 1586 1651 1644 sanctitate
1673 1603 1782 1643 morum
1793 1592 1813 1643 et

125 1691 193 1729 nere
213 1672 337 1746 aliisquo
361 1674 479 1729 dotibus
494 1672 623 1728 illustres
647 1672 711 1740 viri,
729 1670 837 1727 relictis
852 1670 949 1726 saeculi
1004 1672 1100 1728 cordis
1116 1673 1241 1744 puritate
1258 1675 1315 1730 Dea
1329 1675 1607 1747 acceptissimus,ut
1621 1691 1657 1729 ex
1680 1676 1743 1745 ejus
1763 1675 1812 1730 rite

124 1761 495 1835 pompis,Cluniaconsibus
510 1760 658 1817 accenseri
673 1759 826 1826 volueriut,
839 1764 949 1816 cotom·
964 1797 988 1862 B
1004 1761 1081 1817 exitu
1097 1763 1203 1833 patuit.
1220 1763 1274 1819 Sed
1293 1763 1386 1835 ipsius
1408 1763 1524 1819 Rodulfi
1538 1762 1640 1818 Glabri
1666 1764 1750 1820 rerba
1762 1781 1812 1836 pro

123 1867 193 1922 porc
208 1868 265 1924 quo
278 1849 437 1923 percelebri
452 1849 495 1904 illi
511 1849 688 1905 manasterio
705 1849 856 1921 prefectus
875 1852 946 1904 erut.
1003 1849 1077 1906 serre
1102 1850 1228 1917 libatas
1251 1851 1327 1907 libro
1343 1871 1359 1907 v
1379 1853 1521 1919 Historiae,
1538 1869 1603 1924 cap.
1622 1854 1634 1907 l
1653 1869 1659 1907 τ
1677 1876 1690 1901 α
1707 1853 1812 1926 Contigit

123 1939 291 1996 llosomnes
307 1956 456 1996 recensere
471 1955 523 1995 nco
537 1940 684 2004 vacatmec
697 1935 946 1992 sinitmultitudo.
1002 1936 1111 1994 ibidem
1128 1941 1276 2012 (Ctarrriaei)
1293 1941 1356 2014 ipso
1384 1946 1515 2013 tempore
1531 1941 1632 2013 (sancti
1654 1941 1811 2010 catenatur

124 2028 287 2085 Nonnullos
301 2045 335 2084 ex
345 2027 554 2085 illustrioribus
566 2043 727 2083 memorare
738 2026 949 2098 sufficiat,prae·
1003 2025 1094 2098 aliqui
1109 2046 1124 2084 c
1139 2029 1278 2084 iratribus
1305 2031 1465 2103 migrarent
1487 2047 1521 2085 ex
1545 2030 1600 2085 hac
1620 2030 1691 2096 vita,
1706 2047 1810 2102 quorun

120 2119 165 2173 ter
179 2134 315 2190 eosquos
331 2135 421 2190 supra
433 2134 467 2172 ex
482 2115 569 2171 variis
579 2115 688 2171 chartis
703 2116 732 2169 in
748 2130 847 2186 parag.
857 2115 873 2168 4
883 2113 946 2169 lau·
1003 2133 1091 2185 unus,
1106 2118 1224 2173 nomine
1239 2119 1409 2187 Walterius,
1422 2123 1626 2192 cognomento,
1639 2123 1672 2174 ut
1694 2124 1755 2175 erat
1767 2124 1810 2175 sta·

121 2205 266 2261 davimus.
285 2210 424 2262 luterens
439 2222 505 2260 vero
520 2204 571 2276 qui
586 2203 708 2259 scientia
733 2207 761 2257 et
784 2202 948 2258 litterarum
1002 2208 1077 2272 tura,
1095 2204 1233 2278 pusillus,
1249 2224 1282 2263 ac
1299 2212 1404 2264 natura
1415 2206 1809 2280 simpl{cissimusincipientc

122 2294 220 2350 studio
235 2293 363 2351 illustres
376 2294 503 2361 suerunt,
512 2291 797 2358 sirusmrlebaldus,
806 2295 834 2346 ot
844 2290 948 2347 Jotsal·
1004 2298 1087 2349 noctc
1096 2295 1194 2368 magni
1207 2296 1326 2352 Sabbati
1336 2296 1735 2353 Resurrectionisllominicae
1747 2297 1810 2352 obiit

124 2382 179 2438 dns
196 2381 292 2438 locum
307 2382 414 2438 habere
428 2382 551 2449 debent3
562 2381 613 2436 sed
635 2397 712 2436 unus
736 2379 869 2435 omnium
885 2377 948 2434 loco
1002 2382 1145 2455 Apparuit
1160 2383 1238 2438 eninr
1253 2384 1283 2439 in
1300 2385 1371 2440 bora
1387 2385 1432 2441 sui
1448 2384 1542 2441 exitus
1564 2384 1810 2442 innumerabilibus

52 2541 57 2547 ¹
122 2486 187 2527 esse
202 2474 296 2543 potest
311 2476 431 2527 sanctus
447 2470 539 2542 Hugo,
550 2468 713 2525 sanctitatis
728 2470 795 2538 ejus
819 2467 907 2522 simul
920 2470 949 2523 et
1002 2470 1071 2526 viris
1086 2489 1119 2527 ac
1134 2472 1307 2529 mulieribus
1322 2473 1461 2530 columna
1475 2473 1550 2529 lucis
1567 2474 1658 2547 ignare
1675 2473 1809 2530 aculminc

124 2558 276 2633 dignitatis
289 2559 681 2616 suceessor.Necdefueruat
692 2557 820 2629 episcopi
832 2556 882 2629 qui
893 2557 947 2612 sub
1003 2560 1172 2616 nronasterii
1195 2561 1231 2616 ad
1260 2561 1366 2618 cmlum
1396 2579 1490 2634 usque
1513 2562 1810 2635 pertingens:quibus

124 2648 256 2706 Odilonis
271 2647 428 2723 disciplina
441 2648 530 2703 vitum
547 2646 689 2702 humilem
709 2647 813 2702 ducere
837 2644 948 2701 malue-
1003 2666 1107 2721 nempe
1118 2667 1175 2704 non
1186 2650 1309 2706 dubium
1322 2651 1378 2706 luit
1390 2651 1661 2707 misericordissimi
1675 2652 1722 2708 ltei
1733 2656 1809 2708 ectum

123 2743 202 2808 runt,
219 2756 307 2813 quam
323 2736 433 2794 ceteris
448 2752 582 2809 praeesse.
595 2735 676 2791 Certe
692 2735 807 2790 cuidam
830 2733 947 2802 chartae,
1002 2737 1164 2811 largitione,
1181 2740 1231 2811 qui
1246 2739 1376 2796 anianum
1392 2740 1489 2797 fratris
1507 2740 1590 2796 isiius
1616 2758 1676 2797 suae
1696 2741 1808 2814 gloriosa

125 2844 213 2900 quam
237 2845 327 2900 supra
350 2829 478 2883 num.27
494 2825 687 2891 laudavimus,
705 2829 770 2896 post
794 2823 947 2880 Odilouem
1002 2828 1224 2883 resurrectionis
1234 2829 1323 2884 voluit
1343 2830 1512 2901 participem
1525 2829 1596 2896 loro,
1613 2847 1647 2885 ac
1663 2828 1807 2886 viventibus

124 2917 260 2973 abbatem
284 2921 313 2973 et
337 2914 490 2972 Nirianum
506 2914 705 2988 prepositum,
720 2913 871 2968 tedoaldus
886 2912 946 2985 epi·
1000 2915 1077 2970 viam
1094 2916 1264 2972 innocentiae
1280 2918 1490 2974 demonstrare.
1507 2917 1669 2974 Walterius
1696 2918 1724 2974 in
1744 2915 1808 2973 lastis

122 3023 229 3081 scopus
252 3004 448 3078 subscripsit:
467 3005 544 3059 unde
562 3002 736 3074 conjicimus
759 3017 827 3057 eum
847 3000 947 3056 relicta
1001 3003 1196 3061 Benedictinis
1211 3023 1277 3060 cum
1293 3005 1378 3061 titulo
1394 3007 1470 3062 beati
1491 3005 1589 3061 locum
1619 3007 1737 3073 invenit,
1750 3004 1807 3060 dial

121 3098 189 3154 sede
200 3093 358 3170 episcopali
374 3099 444 3150 tunc
456 3093 595 3165 temporis
605 3091 682 3163 apud
695 3089 865 3146 Cluniacum
884 3106 945 3145 mo·
1000 3091 1115 3163 Aprilis.
1126 3091 1210 3148 Nullo
1224 3095 1323 3147 tamen
1339 3092 1418 3148 cultu
1429 3092 1546 3165 publico
1559 3110 1691 3165 unquam
1703 3093 1804 3149 donatas

120 3187 238 3244 nasticae
252 3185 317 3240 vitae
336 3200 443 3240 nomen
468 3181 594 3238 dedisse.
610 3179 708 3236 Alium
733 3196 800 3234 tiara
823 3162 981 3234 nadad-C
1002 3181 1065 3235 luit.
1077 3179 1228 3237 totsaldus
1244 3182 1272 3236 in
1290 3180 1408 3236 Planctu
1426 3199 1513 3253 quem
1530 3181 1624 3237 edidit
1634 3177 1802 3238 debealilldi·

119 3275 191 3332 dum
206 3274 375 3347 episcopum
389 3271 456 3328 istis
472 3269 655 3341 temporibus
671 3268 830 3337 noscimus,
844 3272 948 3339 prester
1001 3267 1077 3325 lonis
1092 3269 1185 3334 obitu,
1202 3270 1227 3324 ei
1244 3269 1410 3342 gratulatur
1425 3270 1502 3342 quod
1518 3271 1549 3324 in
1564 3271 1665 3326 lutura
1680 3283 1800 3327 resurrec-

119 3362 301 3420 Ledbaldum
324 3361 581 3424 Matisconensem,
599 3357 716 3412 aliunde
738 3355 810 3412 satis
833 3360 947 3423 notum,
1001 3358 1080 3413 tione
1096 3357 1197 3414 multis
1210 3357 1363 3430 discipulis
1379 3359 1504 3431 stipatus
1519 3359 1637 3415 Curiata
1652 3359 1764 3416 Domino
1774 3355 1800 3410 sit

120 3452 182 3524 qui,
194 3452 227 3506 ut
240 3467 274 3506 er
289 3447 377 3504 variis
391 3446 501 3503 chartis
517 3445 672 3513 discimus,
690 3444 867 3500 monasterio
882 3444 949 3500 Clu-

122 3539 252 3596 niacsnsi
269 3535 412 3593 nonnulla
426 3533 651 3590 contulit.lluno
663 3537 760 3588 tamen
771 3534 868 3606 ipsum
884 3549 949 3589 esse

124 3629 154 3684 in
170 3645 204 3683 ca
228 3626 329 3682 charta
351 3626 546 3679 memoratum
570 3637 736 3676 asseverare
759 3622 871 3693 absque
892 3621 948 3677 alio

124 3718 298 3790 argumento
313 3731 371 3769 non
385 3712 538 3768 audemus.
547 3709 695 3765 Habemus
706 3709 774 3764 item
786 3708 816 3764 in
827 3709 950 3781 epistola

125 3803 256 3863 silvestri
270 3805 294 3860 ll
309 3820 400 3875 papa,
417 3797 528 3856 anobis
546 3797 682 3870 superius
698 3797 825 3865 laudata,
842 3797 950 3869 episco-

125 3913 195 3969 pum
210 3893 369 3966 quemdam
382 3891 467 3961 eujus
482 3905 588 3946 nomen
605 3904 662 3942 non
676 3886 829 3959 expressit,
845 3886 896 3959 qui
909 3903 950 3943 ro·

123 3983 193 4041 licta
208 3983 276 4040 sede
291 3998 345 4037 sua
360 3979 530 4036 cluniacum
543 3977 766 4034 secesseratrln
783 3976 808 4032 is
821 3976 948 4031 luitLet-

123 4073 238 4139 baldus,
253 4075 304 4128 aut
317 4069 441 4127 Saucius
457 4067 624 4140 episeopus,
641 4065 784 4120 incertum
804 4068 858 4120 est.
875 4066 947 4121 San-

121 4163 200 4220 cium
216 4160 339 4217 dimisso
363 4157 533 4231 episcopatu
558 4171 593 4210 ex
614 4154 756 4226 Hispania
775 4152 946 4209 Cluuianum

121 4253 304 4325 adventasse,
323 4247 373 4304 ubi
389 4246 444 4303 sub
462 4243 593 4302 Odilonis
618 4242 758 4315 regimine
780 4243 946 4298 monasticar

120 4340 184 4397 vita
198 4339 368 4396 institutum
384 4335 536 4409 paolcssus
551 4337 605 4402 est,
621 4331 788 4404 colligimus
811 4348 845 4387 ex
870 4331 945 4388 beati

1002 3446 1183 3502 obviaturus,

1080 3534 1154 3583 Odilo
1170 3539 1287 3598 tuncque
1302 3549 1387 3584 novus
1402 3535 1502 3585 caelesti
1515 3536 1616 3586 luuiine
1632 3537 1725 3596 clarus,

1081 3597 1238 3646 Sanctorum
1255 3598 1358 3646 madius
1373 3597 1486 3657 incedet,
1502 3603 1528 3648 et
1542 3599 1636 3649 obrius
1651 3601 1707 3658 ibit,

1080 3658 1192 3722 Agmine
1208 3660 1351 3709 multorum
1367 3661 1481 3709 vallatus
1495 3662 1718 3717 corrrmilitonum,

1081 3724 1152 3779 Quos
1165 3723 1277 3771 Domino
1292 3723 1390 3780 verbis,
1402 3724 1532 3786 exemplis
1546 3724 1719 3774 consociavit.

1041 3801 1100 3854 120.
1119 3801 1169 3855 Hic
1194 3807 1290 3856 autem
1316 3801 1450 3857 omittere
1475 3819 1532 3858 uon
1554 3803 1622 3860 licet
1643 3801 1797 3863 casimirum·

1003 3888 1130 3945 lliceslai
1148 3889 1171 3944 ll
1186 3889 1361 3946 Polanorum
1381 3891 1457 3964 regis
1473 3891 1581 3959 tilium,
1592 3910 1681 3966 quem
1702 3884 1798 3947 historia

1004 3977 1145 4034 Palouicae
1159 3976 1315 4051 scriptores
1332 3980 1414 4034 aiunt
1425 3985 1492 4052 post
1502 3982 1595 4053 patris
1608 3970 1797 4050 marlemont

1003 4069 1081 4139 regni
1098 4084 1231 4140 proceres
1247 4068 1379 4123 ltilrselua
1396 4069 1499 4124 matris
1513 4071 1579 4141 ejus
1605 4069 1731 4144 regimen
1747 4066 1797 4122 teri

1003 4173 1061 4211 non
1076 4160 1204 4228 possent,
1222 4156 1318 4212 adhuc
1329 4159 1467 4227 juvenem
1492 4175 1507 4212 e
1531 4173 1623 4230 regno
1650 4158 1765 4233 pulsum,
1777 4149 1795 4204 lt

1001 4243 1192 4301 Claniacense
1216 4245 1426 4302 monasterium
1454 4239 1797 4321 secessissentque&

996 4333 1083 4404 jectis
1099 4332 1198 4389 saculi
1211 4334 1335 4406 pompis,
1347 4335 1539 4390 monasticam
1555 4335 1646 4392 vitam
1663 4336 1795 4409 professio

119 4429 174 4486 viri
187 4427 311 4501 epistola
324 4427 350 4495 l,
367 4422 513 4498 spicilegii
529 4427 608 4478 tomo
625 4422 648 4477 ll
673 4421 761 4486 edita,
778 4438 867 4493 quam
892 4422 945 4477 Pn-
993 4421 1155 4479 diaconum
1173 4422 1265 4478 luisse
1281 4423 1459 4479 ordinatum.
1470 4424 1526 4479 Sed
1539 4441 1607 4480 cum
1618 4414 1796 4482 crebresctnfi·

119 4521 203 4574 torno
216 4516 351 4588 episcopo
365 4513 407 4569 sic
421 4511 573 4583 inscripsit
589 4528 595 4566 ε
612 4512 687 4579 lqnc,
699 4509 945 4580 etc.,sratcr0dilo
961 4531 984 4596 D
1000 4513 1056 4569 bus
1068 4512 1097 4566 iu
1113 4511 1232 4568 Palania
1247 4510 1379 4568 dissidiis
1396 4511 1578 4569 calamitates
1594 4514 1716 4586 publice
1726 4519 1800 4569 coen

118 4621 182 4662 cam
193 4605 291 4662 denae
305 4604 427 4676 episcopo
441 4603 545 4666 Sentio,
557 4601 698 4671 martisque
711 4614 865 4671 pauperum
881 4601 946 4656 Clu-

117 4695 290 4752 niaccaaiam
304 4693 485 4761 concrepatio,
500 4693 556 4744 etc.

153 4784 215 4841 419.
233 4781 412 4839 Richardum
427 4779 584 4852 quemdam
596 4775 766 4848 episcopum
782 4774 883 4831 laudat
897 4794 942 4833 so·

116 4872 173 4930 mel
190 4876 218 4928 et
233 4873 341 4928 iterum
354 4867 505 4925 lotsaldus
530 4865 604 4921 libro
629 4881 660 4928 rr,
678 4881 765 4936 quem
791 4863 868 4920 beati
888 4864 940 4920 viri

116 4960 294 5032 discipulum
309 4960 411 5029 eteius
424 4957 562 5012 itinerum
579 4954 714 5009 cornitem
728 4952 817 5009 luisse
827 4954 936 5012 scribit.

115 5049 245 5120 Denique
260 5047 429 5104 Walterium
444 5044 614 5118 episcopum
640 5042 884 5098 illatiseoneusem
909 5040 939 5098 in

115 5138 328 5192 monasterium
338 5136 529 5191 cluniacense
541 5130 763 5197 secessus-cabi
773 5131 828 5185 sub
840 5131 941 5187 babitu

117 5224 295 5280 monasterio
321 5224 475 5280 defunctus
499 5228 554 5289 est,
579 5226 677 5275 narrat
705 5219 895 5289 Sanjulianus
909 5237 943 5277 ex

113 5313 202 5370 veteri
232 5313 376 5385 catalogo,
399 5313 429 5367 in
457 5311 586 5367 Historia
613 5308 842 5366 llatisconensi:
864 5310 940 5382 quod

112 5402 189 5458 idem
206 5402 316 5457 liabent
328 5416 446 5472 quoque
461 5398 680 5455 Saturuartlmni
697 5398 725 5452 in
742 5396 836 5454 Gallia
860 5398 940 5452 Clari-

111 5491 347 5548 stiannAberns
362 5489 426 5560 ejus
443 5488 578 5560 discipuli
595 5487 792 5544 totroceaseri
808 5494 937 5559 possent,

110 5581 187 5655 quod
203 5581 262 5637 lere
275 5577 452 5636 monasteria
467 5577 502 5634 ad
518 5575 667 5634 meliorem
689 5576 803 5648 lrugom
821 5591 938 5633 revoca-

1002 4601 1122 4668 vissent,
1141 4605 1173 4655 ut
1195 4599 1275 4656 nulla
1300 4600 1486 4656 restituendae
1511 4601 1733 4675 tranquillitatis
1752 4606 1799 4670 spot

1000 4688 1160 4761 affulgeret,
1171 4689 1227 4743 nisi
1252 4705 1375 4762 regnum
1391 4688 1533 4746 Casimiro
1549 4692 1756 4753 restitueretur,
1768 4693 1803 4739 ut

999 4777 1034 4832 ab
1050 4776 1189 4833 omnibus
1202 4777 1364 4833 Casimiras
1379 4779 1467 4833 etiarn
1482 4778 1591 4836 absens
1605 4779 1802 4852 proclamatur:

997 4868 1025 4920 et
1039 4864 1137 4937 legati,
1151 4865 1284 4941 quicum
1302 4871 1494 4932 accerserent,
1510 4883 1688 4942 quocunque
1712 4867 1739 4923 in
1758 4863 1810 4918 loco

996 4952 1189 5020 delitesceret,
1206 4971 1262 5026 quo
1278 4954 1356 5010 enim
1375 4953 1422 5010 illo
1438 4956 1611 5012 secessisset
1633 4955 1732 5012 nullus
1751 4949 1811 5008 scie‘

995 5043 1053 5110 bat,
1071 5044 1259 5114 deputantur.
1278 5042 1312 5097 lli
1328 5048 1393 5114 past
1407 5043 1504 5099 varias
1520 5043 1655 5100 l'ortunas
1671 5038 1817 5100 altiliscbt

998 5131 1147 5204 accipiunt
1175 5131 1351 5187 Casimirum
1373 5131 1501 5188 Cluniaci
1528 5131 1811 5189 monastieamritun

998 5224 1175 5293 professum,
1194 5219 1264 5275 nibil
1277 5222 1340 5291 jam
1357 5221 1392 5277 de
1408 5221 1494 5277 relius
1508 5222 1633 5278 terrenis
1647 5222 1813 5294 cogitantem

997 5311 1109 5384 degere.
1130 5308 1174 5364 llli
1192 5313 1288 5364 tamon
1304 5309 1473 5365 cluniacum
1487 5315 1601 5382 petunt,
1619 5327 1718 5384 regem
1739 5320 1814 5367 suum

997 5397 1134 5459 salutant.
1146 5397 1340 5469 abbatemque
1358 5403 1513 5471 precantur
1525 5403 1557 5453 ut
1573 5398 1724 5455 licentiam
1740 5395 1818 5455 oillei

996 5487 1144 5559 repetendi
1163 5487 1253 5557 regni,
1270 5505 1336 5541 cum
1353 5487 1409 5542 alia
1430 5506 1487 5543 uon
1503 5493 1673 5560 superesset
1698 5487 1744 5545 tia
1764 5490 1818 5543 tem

997 5575 1124 5634 nobilem
1139 5576 1296 5632 Christiani
1314 5575 1392 5633 orbis
1407 5576 1573 5649 portionem
1597 5578 1635 5635 ab
1658 5571 1819 5637 imminenti
