3884 6084
159 293 217 356 III

629 290 661 352 S.
682 291 816 354 BRUNO
838 289 1150 355 asuelrouuusls
1172 292 1398 355 EPISCOPUS.

1813 286 1872 350 tes

158 426 312 500 Scriptura
325 425 423 483 divine
437 423 517 498 ponit
534 439 586 497 pro
599 422 780 480 hominibus.
792 422 910 479 Addidit
925 440 986 480 ser·
1001 425 1028 491 Α
1059 425 1078 479 5
1114 425 1277 481 Avertantur
1291 428 1443 480 retrorsum
1457 428 1483 479 et
1495 420 1723 494 confundantur:

160 533 262 574 vorum
279 532 411 582 suerum,
427 514 455 569 id
472 518 515 570 est
534 530 591 570 non
616 511 720 585 iniqua
743 512 877 569 libertate
891 511 989 569 viven-

160 603 282 661 stunc
301 604 336 659 ut
359 619 417 658 non
442 600 602 673 delinquet,
614 600 726 656 scilicet
745 607 875 672 unquam
896 609 990 673 postor

164 694 260 749 bonus.
278 692 301 747 H
323 691 422 764 Neque
446 689 503 758 hie,
520 703 614 763 neque
637 689 667 745 in
693 688 899 762 sutur0,Cqui
925 706 989 762 spe·

163 785 231 838 rent
244 780 273 836 in
290 797 367 847 eum,
384 796 441 835 non
457 778 486 834 in
502 779 627 851 propriis
641 778 753 834 visibus
769 782 989 851 presumentes.

395 903 497 942 onemo
512 903 546 941 EX
563 902 642 955 PSAL..
658 903 757 940 xxxllt.

198 993 375 1068 Angelorum
390 996 420 1050 et
440 993 530 1050 totius
555 997 693 1049 creaturae
718 991 886 1066 dispositor,
903 993 992 1062 Daue,

163 1083 263 1141 emilts
280 1082 418 1157 angelum
434 1085 520 1137 tuum
536 1081 566 1137 in
579 1081 702 1137 ciccuitu
717 1085 826 1150 nostro,
838 1081 923 1153 cujus
935 1099 993 1138 am·

161 1170 273 1229 hitioue
283 1170 401 1239 muniti,
415 1187 609 1227 mereamure
624 1175 809 1243 peccatorum
824 1174 916 1226 morte
932 1187 994 1242 pes·

162 1260 241 1320 simu
256 1260 384 1318 liberari.
396 1260 450 1317 Per
471 1259 628 1314 Dominum
643 1263 776 1315 nostrum
792 1258 893 1315 Jesum
910 1257 993 1314 Chri-

167 1355 258 1420 stum,
275 1354 329 1406 etc.

431 1454 595 1511 PSALMUS
614 1454 731 1511 xxiiii.

374 1561 575 1601 aucuuruuuuu
595 1562 673 1602 esau.
693 1561 787 1600 xxmv.

204 1670 226 1727 C
240 1669 372 1727 Christus
387 1670 423 1726 de
438 1687 493 1726 sua
515 1671 651 1743 passione
666 1670 737 1726 dicit
751 1671 787 1726 ud
802 1671 928 1739 Putrem,
945 1686 995 1742 pe·

169 1762 234 1816 teus
250 1777 281 1816 se
296 1760 332 1815 ab
343 1759 534 1817 inImicorum
550 1760 750 1832 persecutIone
765 1759 892 1815 liberari.

417 1851 474 1906 Tu.
494 1852 589 1922 ÷lpsi
610 1857 616 1917 ζ
650 1850 744 1905 Dcuul.

204 1939 224 1994 C
239 1938 330 1996 David
342 1939 429 2012 (siout
443 1939 584 2012 diximus)
595 1940 669 1995 duas
684 1937 915 2011 elgnifieationes
935 1954 998 1992 am·

170 2026 317 2100 pleotItur,
329 2045 418 2084 manu
436 2028 519 2084 tortis
532 2033 561 2084 et
573 2027 786 2097 desiderabilis,
799 2027 876 2099 quod
888 2031 1000 2083 utrum-

169 2132 226 2189 que
241 2116 364 2173 Domino
379 2116 521 2174 Salvatori
537 2122 649 2173 certum
665 2122 709 2173 est
722 2116 886 2174 convenire.

189 2205 201 2259 l
241 2205 353 2274 ludica,
372 2207 493 2273 Domine,
510 2214 636 2263 nocentes
650 2223 718 2262 inc:

243 2294 378 2367 depugna
393 2297 583 2371 irnpapnunt&
598 2312 649 2351 rne.

1116 515 1269 584 Cogitantes
1283 514 1355 569 milei
1368 513 1453 568 mala.

1080 603 1208 659 Canenti
1234 608 1332 659 eutem
1349 605 1521 672 retrorsum,
1538 617 1596 656 non
1620 599 1729 656 dicitur
1742 599 1800 656 nisi
1815 599 1877 657 illis

1045 691 1095 762 qni
1112 690 1275 765 corrigendi
1285 691 1468 763 judicantur,
1481 694 1513 745 ut
1522 690 1607 746 Petro
1620 707 1626 744 :
1639 688 1712 745 Redi
1724 692 1801 747 retro
1817 706 1876 757 ms,

1045 780 1155 837 Setaea
1169 779 1424 851 (Metth.xvr.)0ui
1445 777 1574 853 cogitent
1601 777 1662 834 sive
1689 778 1725 833 de
1753 777 1878 850 Iudeis,

1046 869 1106 925 sive
1122 871 1158 926 de
1172 869 1327 936 hereticis,
1340 869 1400 924 sive
1419 869 1454 924 de
1469 868 1592 941 paganis
1607 866 1691 936 dixit,
1703 865 1783 923 mala
1797 867 1878 925 enim

1046 975 1149 1015 ornnes
1165 957 1367 1030 cogitant‚qui
1394 962 1498 1031 preter
1513 955 1687 1014 catholicum
1710 956 1798 1012 fldem
1822 957 1878 1012 ali-

1048 1065 1116 1121 qua,
1133 1065 1222 1121 prava
1236 1047 1396 1104 intentione
1412 1048 1515 1104 dooere
1529 1046 1673 1104 festinant
1688 1064 1695 1114 ;

1065 1139 1083 1191 6
1119 1139 1201 1193 Fient
1214 1141 1346 1210 tanquam
1360 1137 1528 1208 puluisculo
1540 1137 1643 1209 factem
1657 1139 1734 1193 uenti
1747 1157 1758 1198 ,·

1118 1235 1146 1294 ÷
1168 1229 1201 1283 Et
1222 1232 1229 1293 ζ
1250 1227 1365 1296 cupetur
1379 1227 1488 1282 Domini
1502 1231 1683 1290 coarctans-:-
1706 1241 1750 1282 eos
1771 1232 1778 1291 ζ

1085 1316 1108 1371 Η
1124 1314 1231 1384 Pulvis,
1245 1314 1321 1371 leves
1331 1319 1359 1371 et
1375 1314 1549 1371 infructuosi
1564 1314 1699 1371 homiues
1710 1314 1783 1371 dicti
1795 1320 1877 1383 sunt,

1049 1405 1120 1476 quie
1131 1405 1206 1460 elcut
1221 1403 1317 1477 pulvis
1328 1407 1448 1472 evento,
1463 1404 1505 1460 sic
1520 1405 1687 1477 peccatores
1702 1420 1720 1458 a
1733 1404 1881 1460 sententia

1048 1492 1148 1549 divina
1161 1492 1191 1548 in
1208 1493 1255 1548 die
1265 1492 1371 1565 judicii
1386 1490 1590 1566 projiciuntur.
1607 1490 1736 1565 Angelus
1748 1490 1878 1561 Domini,

1048 1581 1079 1637 id
1094 1586 1139 1638 est
1154 1581 1277 1654 spiritus
1298 1581 1405 1649 malus,
1418 1598 1476 1637 non
1501 1585 1617 1649 natura,
1630 1581 1681 1637 sed
1702 1597 1758 1637 sua
1773 1579 1876 1638 iuven·

1049 1670 1138 1727 tione.
1151 1671 1284 1727 Goerotst
1294 1688 1353 1739 eos,
1364 1671 1394 1726 id
1405 1675 1450 1726 est
1462 1671 1492 1726 iu
1504 1674 1648 1743 quantum
1659 1672 1765 1743 potest,
1782 1684 1879 1743 perse·

1051 1760 1152 1833 quitur
1164 1777 1225 1826 eos,
1241 1759 1270 1816 id
1287 1766 1331 1816 est
1346 1762 1489 1834 quantum
1512 1758 1569 1815 sibi
1584 1758 1881 1832 perm‘rttitur.l1ubet

1053 1850 1131 1905 enim
1147 1849 1282 1906 diabolus
1301 1847 1483 1905 voluntatem
1503 1848 1638 1915 nocendi,
1653 1848 1703 1904 sed
1719 1847 1883 1905 nonhabet

1053 1942 1225 2012 potestatem
1242 1938 1376 2000 faciendi.

1069 2031 1087 2082 7
1124 2031 1189 2085 Fiat
1204 2030 1248 2082 oin
1263 2027 1380 2084 illorum
1395 2027 1514 2085 terretrae
1528 2035 1555 2084 et
1568 2027 1704 2082 labicum
1719 2045 1729 2082 :
1786 2057 1795 2065 -

1125 2119 1157 2173 Et
1171 2117 1286 2189 arrectus
1300 2119 1411 2172 Domini
1423 2132 1587 2189 persequens
1600 2132 1654 2172 eos.

1090 2205 1187 2274 CViu,
1203 2206 1233 2261 id
1249 2209 1405 2277 estepanis,
1423 2205 1580 2262 tenebrose
1601 2203 1659 2260 illis
1673 2205 1756 2271 fiunt,
1769 2209 1802 2260 ut
1817 2205 1884 2262 hor·

1055 2301 1138 2351 rcant
1152 2294 1231 2350 mala
1245 2294 1339 2350 Iacere
1362 2293 1536 2362 Lubrica,ut
1549 2293 1579 2351 lu
1599 2291 1710 2351 eisdem
1724 2297 1804 2351 stare
1818 2293 1884 2350 dis·

208 2382 356 2439 GCIemat
384 2382 516 2460 Christus
544 2401 579 2440 ex
606 2385 737 2440 humanu
765 2383 946 2454 infirmitate,
968 2387 1001 2439 ut
1055 2385 1114 2440 tius
1127 2401 1186 2439 non
1201 2383 1325 2457 possint.
1343 2384 1376 2438 tt
1397 2383 1421 2438 si
1439 2383 1618 2439 decreverint
1639 2381 1710 2455 plus
1731 2381 1884 2439 immonni

174 2471 353 2527 damnentur
362 2477 508 2541 nocentes,
520 2473 548 2530 id
560 2477 613 2545 est,
624 2473 757 2529 diabolus
768 2490 834 2528 eum
848 2470 1001 2539 ministris,

1054 2473 1147 2530 virtus
1163 2472 1278 2529 Domini
1294 2476 1488 2545 persequatur
1501 2488 1562 2539 eos,
1573 2471 1615 2528 ite
1628 2476 1662 2528 ut
1676 2471 1706 2527 in
1721 2471 1885 2529 sceleri-hus

176 2558 269 2616 malos
284 2559 363 2617 enim
380 2562 514 2633 judicare
538 2563 677 2619 damnare
701 2567 754 2618 est.
771 2561 825 2627 Qui
847 2562 1001 2634 impugnat
1054 2563 1119 2620 suis
1142 2562 1258 2635 longius
1273 2561 1382 2618 haerere
1407 2578 1464 2618 non
1491 2562 1579 2629 sinet,
1596 2560 1645 2634 qui
1669 2561 1704 2617 ad
1729 2560 1883 2618 interitum

175 2664 314 2721 superare
332 2650 491 2706 conmndit.
505 2651 558 2715 Qui
582 2654 775 2723 expugnatur,
791 2650 855 2722 jam
881 2649 1000 2705 omniuo
1056 2652 1205 2709 festinant.

174 2737 999 2813 victusest.Immundispiritusimpugnatoresdieuntur,

173 2826 245 2899 quia
261 2826 329 2884 lieet
339 2831 455 2885 sanctos
467 2829 582 2885 vincere
601 2831 757 2901 nequeant,
770 2828 942 2885 contendere
956 2831 1000 2883 tu·

173 2931 242 2972 men
258 2933 326 2972 cum
341 2916 383 2973 eis
398 2934 456 2973 non
473 2917 630 2974 desistunt.

190 3007 208 3059 2
243 3005 419 3078 deprehende
432 3023 512 3062 arma
525 3013 551 3063 et
564 3015 696 3064 scutum:

241 3096 274 3150 Et
287 3112 404 3167 ersurpe
418 3097 448 3151 in
462 3095 631 3167 adjutorium
645 3096 718 3151 milui
733 3114 741 3150 τ

1071 2745 1089 2798 8
1125 2743 1263 2812 Duronium
1277 2742 1363 2811 pratis
1377 2739 1660 2797 ntuendcrnntmini
1680 2741 1823 2796 interitum
1839 2739 1883 2797 le·

1162 2833 1225 2903 quei
1238 2832 1282 2886 sui
1296 2849 1305 2883 :

1124 2925 1297 2992 «tupcruceuc
1310 2919 1543 2990 exprobraverunt
1556 2920 1680 2976 annum
1692 2933 1792 2974 meam.

1089 3008 1347 3064 CAbsconderuut
1371 3006 1443 3062 milri
1465 3006 1566 3079 gratis,
1582 3007 1612 3063 id
1635 3011 1681 3062 est
1703 3005 1768 3063 siue
1782 3022 1882 3075 euusa,

1055 3096 1166 3152 scilicet
1180 3096 1284 3163 ludni,
1303 3101 1334 3151 ut
1352 3095 1392 3151 illi
1408 3095 1565 3168 putabunt.
1581 3094 1636 3162 Qui
1652 3093 1731 3153 euim
1746 3094 1884 3153 divinitu-

206 3185 322 3240 cArma
332 3185 368 3240 ab
382 3185 499 3241 arcendo
512 3185 592 3241 diota
605 3184 771 3256 sunt,quod
785 3199 836 3256 per
850 3200 884 3240 ea
899 3183 998 3239 hostes
1013 3171 1035 3240 C
1055 3186 1092 3242 tis
1107 3186 1172 3256 eju-s
1189 3185 1348 3257 potentium
1364 3200 1421 3240 non
1437 3183 1605 3250 credebaut,
1627 3182 1670 3239 illi
1694 3183 1839 3256 putabunt
1852 3199 1885 3240 se

168 3271 396 3329 violentissimos
416 3289 582 3340 arceamus3
600 3289 652 3345 por
666 3289 759 3339 arma,
771 3272 900 3329 caelestia
915 3273 999 3344 adju·
1055 3275 1245 3331 abscondisse
1260 3274 1420 3329 interilum.
1437 3274 1513 3330 Beue
1532 3272 1644 3331 dietum
1658 3278 1716 3340 est,
1732 3271 1885 3331 lutei-itum

166 3359 911 3435 teria3pcrscutum‚divinaproteotiodesignntur.
926 3363 998 3417 Scu—
1053 3363 1150 3435 laquei
1174 3363 1231 3430 sui,
1248 3363 1318 3434 quia
1341 3361 1391 3418 ille
1415 3361 1539 3434 laqueus
1563 3376 1621 3418 nou
1645 3361 1801 3419 morientis
1820 3365 1886 3418 eret

172 3451 235 3503 tum
250 3447 329 3504 enim
344 3447 454 3504 dictum
471 3454 517 3505 est
538 3449 623 3521 quasi
638 3451 783 3521 sculptum.
801 3450 877 3522 quod
894 3449 922 3504 in
937 3451 1000 3522 lpso
1054 3452 1180 3522 Domini,
1198 3453 1248 3508 sed
1265 3451 1413 3523 peccantis
1428 3450 1575 3506 interitus.
1588 3451 1784 3523 Supervacua,
1796 3450 1827 3509 td
1838 3454 1887 3511 sn

169 3537 285 3610 eritiqm
300 3537 376 3593 sactu
388 3555 442 3595 sua
456 3537 621 3611 signabant.
634 3537 701 3594 Sole
716 3555 781 3594 vero
797 3538 932 3595 volumtas
948 3540 1001 3596 De
1055 3541 1127 3597 false
1142 3542 1398 3614 exprobraverunt,
1410 3540 1528 3613 quenda
1543 3539 1658 3597 Christo
1673 3539 1753 3597 dicta
1766 3556 1822 3596 sua
1835 3551 1885 3597 ue·

173 3625 246 3682 mini
260 3631 306 3682 est
332 3643 390 3699 qua
413 3627 538 3700 protegit
562 3626 786 3699 periclitantem,
802 3632 830 3682 et
852 3632 1001 3701 expugnat
1055 3629 1134 3686 racia
1148 3630 1231 3703 quusi
1247 3628 1366 3701 aliquod
1380 3629 1491 3685 culmen
1505 3629 1700 3686 imuutubaut.
1713 3628 1737 3686 Η
1752 3629 1789 3685 ut
1799 3627 1888 3685 inuti·

174 3715 342 3771 adversum.

1054 3718 1120 3776 litcr
1134 3724 1266 3794 egerunt,
1278 3720 1348 3792 quia
1371 3718 1554 3790 exprobratio
1570 3719 1626 3775 ista
1641 3717 1752 3776 nullam
1779 3717 1887 3775 hebuit

190 3805 207 3860 3
243 3803 362 3879 Effunde
382 3805 520 3880 srurncam
535 3812 560 3861 et
577 3805 707 3861 conclude
729 3805 856 3862 altrorsus
883 3822 926 3862 eos
953 3808 1002 3878 qui
1055 3808 1222 3864 utilitatem.
1850 3820 1855 3827 “

278 3902 479 3967 persequuntur
491 3911 535 3950 me
549 3914 558 3950 :

243 3984 291 4039 Dic
305 3985 409 4041 animae
422 3999 493 4041 nicee
507 4003 516 4039 .·
532 3985 611 4041 Salus
626 3991 673 4039 tun
687 4000 733 4056 epo
748 4001 820 4039 sum.

208 4071 369 4129 llFramea
383 4072 430 4129 hle
449 4071 623 4146 intelligitur
643 4073 742 4129 anime
758 4072 865 4129 Christi
881 4071 924 4129 vel
948 4090 999 4129 cu·
1135 4069 1178 4145 ἧς·
1202 4078 1234 4131 Et
1257 4084 1263 4141 ζ
1286 4078 1314 4132 in
1332 4077 1458 4146 lecuereuur
1472 4075 1588 4141 eadut÷
1600 4076 1630 4131 in
1645 4076 1736 4148 ipsum
1757 4079 1764 4140 ζ

167 4160 292 4234 Juslibet
307 4162 410 4229 saneti,
423 4162 493 4235 quia
508 4163 584 4219 Deus
600 4179 651 4236 per
665 4162 795 4218 unimam
810 4160 917 4218 Christi
934 4162 1001 4218 sealt
1091 4167 1113 4221 H
1130 4165 1280 4220 Excidium
1299 4164 1371 4220 illud
1384 4163 1666 4236 minaturPropheta
1677 4163 1755 4237 quod
1768 4161 1887 4219 advenit

170 4249 329 4307 vindictum
340 4256 443 4308 eontra
459 4251 655 4319 diabolum‚et
669 4270 721 4325 per
736 4252 866 4308 enimam
877 4251 999 4324 cujusli-
1055 4256 1071 4313 J
1075 4255 1164 4311 uiduis
1181 4255 1208 4308 iu
1226 4253 1407 4326 temporibus
1430 4252 1614 4326 Vespasiani.
1626 4253 1662 4310 Et
1676 4252 1784 4325 captio,
1796 4267 1884 4325 quam

172 4339 221 4395 bct
236 4339 329 4396 saneti
345 4341 414 4396 lucit
436 4342 603 4412 vindictam,
615 4342 691 4396 sicut
717 4358 767 4414 per
791 4340 908 4398 Petrum
934 4340 1001 4397 lecit
1055 4344 1283 4410 occultaverunt,
1301 4341 1494 4415 apprehendit
1508 4359 1567 4409 eos,
1580 4342 1608 4397 id
1624 4346 1668 4398 est
1687 4357 1767 4397 mors
1783 4357 1885 4413 repen·

171 4427 289 4482 Ananis
301 4431 329 4483 et
339 4428 468 4501 saphirei
480 4431 547 4502 (let.
562 4434 601 4497 v).
613 4431 647 4486 llt
657 4429 807 4486 conclude.
821 4428 1000 4486 Potit'rlecle·
1055 4433 1126 4498 tina,
1138 4450 1228 4505 quam
1245 4430 1368 4488 Domino
1384 4434 1484 4487 nostro
1500 4431 1695 4488 moliebantur
1710 4429 1835 4486 occulto.

173 4514 227 4583 sia,
240 4519 272 4570 ut
290 4515 445 4572 concludet
469 4518 651 4574 adversarios
676 4536 756 4585 sues,
769 4535 805 4574 ne
826 4518 940 4574 valeant
965 4519 999 4574 ad
1017 4539 1040 4604 D
1058 4525 1091 4579 10
1127 4523 1226 4577 dnirnn
1240 4529 1332 4577 euertere
1347 4538 1408 4576 nice
1422 4521 1572 4576 resultabit
1586 4522 1618 4575 iu
1631 4521 1770 4576 Domino:

172 4604 339 4661 uouendum
355 4604 443 4660 exire.
459 4605 510 4662 Die
531 4606 634 4661 anime
651 4624 731 4674 rneae,
748 4612 781 4662 ut
795 4611 823 4662 le
848 4605 1001 4680 intelligat,
1130 4613 1161 4666 Et
1175 4609 1355 4666 delectabitur
1368 4625 1449 4681 super
1463 4610 1584 4665 satutari
1596 4625 1654 4665 suo.

173 4693 245 4767 quin
260 4697 291 4748 tu
305 4693 387 4751 selus
401 4694 466 4767 ejus
482 4711 523 4751 es.
1091 4699 1111 4755 C
1124 4699 1220 4755 Prima
1240 4699 1348 4771 quippe
1368 4703 1474 4754 sancta
1491 4697 1595 4754 enimn
1611 4697 1762 4754 beatitudo
1777 4701 1823 4754 est
1836 4712 1885 4752 ex·

192 4784 209 4839 t
246 4783 453 4856 Confrndentur
466 4790 492 4842 et
507 4792 693 4852 revereantur,
1055 4787 1164 4845 sultare
1175 4789 1204 4844 in
1219 4785 1796 4860 Domino.Delectabitursupcrsalutare
1810 4787 1884 4857 ejus.

246 4875 402 4942 emenus
415 4876 540 4931 enimam
552 4890 652 4930 menen.
1055 4878 1078 4933 H
1094 4876 1237 4933 Salutaris
1256 4880 1365 4942 nostor,
1380 4875 1512 4934 Christus
1527 4879 1581 4945 est,
1597 4875 1669 4948 quia
1689 4874 1720 4931 in
1742 4889 1776 4930 eo
1789 4871 1886 4930 delec-

209 4962 491 5028 GContundI,oni1n
508 4965 584 5021 secta
600 4981 654 5019 sua
666 4963 838 5019 crubescere
853 4968 882 5020 et
898 4963 926 5019 in
943 4981 1001 5020 me·
1054 4967 1165 5022 tabitur
1180 4965 1319 5021 Ecclesia.

172 5048 232 5107 lius
247 5055 436 5108 commutare.
454 5055 526 5109 Nam
552 5053 619 5109 licet
643 5052 756 5109 conliusi
782 5051 927 5121 dicuutur,
950 5052 1000 5126 qui
1055 5058 1086 5112 tl
1127 5057 1232 5113 Omnia
1246 5071 1303 5111 ossa
1318 5072 1378 5109 mea
1393 5054 1509 5111 dicent:

173 5139 385 5194 convincuntur
399 5143 435 5196 ud
452 5160 578 5214 pennum,
591 5148 688 5198 lumen
704 5141 798 5197 uthis
818 5143 853 5198 ed
879 5159 1000 5199 conver·
1126 5147 1247 5210 Domine,
1263 5145 1331 5214 Quis
1345 5145 1446 5200 struitis
1460 5146 1512 5200 tui.

173 5229 286 5284 sionem
310 5228 487 5302 intelligeres
507 5232 707 5287 confusionom
733 5231 863 5304 petitam,
878 5231 999 5295 addidit,
1090 5235 1197 5289 COssa
1211 5233 1412 5289 tortitudinem
1428 5233 1518 5289 enimi
1539 5237 1568 5289 et
1588 5231 1787 5289 constantiam
1805 5247 1886 5287 urien-

174 5322 370 5386 revereentur,
386 5319 415 5372 id
431 5322 473 5373 ast
496 5322 641 5376 emendati
658 5321 782 5393 diligant
796 5336 882 5392 quern
900 5338 1001 5392 porsc-
1055 5323 1093 5379 tis
1108 5322 1285 5395 significent,
1308 5337 1372 5393 qun
1398 5322 1501 5377 merito
1526 5321 1644 5378 ossibus
1666 5324 1887 5392 comparentur,

171 5407 324 5477 quendum
341 5422 405 5462 csse
427 5413 609 5479 putaverant.
622 5410 788 5472 Quarentes
813 5408 954 5478 animam,
970 5409 1000 5464 in
1055 5411 1124 5484 quia
1139 5410 1216 5467 sicut
1230 5409 1278 5464 illu
1294 5427 1411 5482 eorpus,
1429 5409 1512 5466 itaet
1528 5407 1889 5466 hucsanctesvoluntetes

175 5494 283 5550 malam
309 5496 572 5568 partemdieit,qui
602 5496 713 5553 scilicet
741 5499 788 5571 sic¹
812 5503 945 5569 sprerunt
969 5503 1002 5555 ut
1056 5496 1886 5573 corroborant.CQuis,negetivumcst;similistui‚liid

177 5600 242 5640 earn
259 5600 275 5639 u
288 5600 408 5658 corpore
422 5601 575 5660 segregare
591 5587 737 5644 festinent.
1056 5593 1101 5647 est
1116 5588 1226 5645 nullus.
1242 5588 1294 5655 Qui
1311 5592 1408 5660 potest
1423 5588 1531 5646 similis
1546 5605 1611 5646 esse
1625 5587 1708 5646 Dect

1072 3897 1090 3951 9
1129 3899 1223 3955 Ιέηὰιι
1238 3899 1283 3954 itti
1298 3900 1410 3970 lupercus
1423 3913 1504 3971 perun
1518 3899 1627 3969 ignerat
1637 3916 1645 3954 ε
1657 3904 1685 3952 et
1696 3897 1788 3969 captio
1799 3912 1886 3971 quma

1161 3987 1303 4044 abscondit
1318 3986 1504 4059 inpretatur
1517 4002 1581 4042 curn
1596 4004 1606 4040 :
