3884 6084
108 254 173 323 stt
646 204 656 227 ι
728 262 932 328 expositio
954 264 1210 334 restaurabit.

146 399 169 456 C
184 402 337 456 aexteram
366 396 444 454 enim
469 396 550 467 dicit,
577 398 736 456 Dominum
761 398 941 457 salvatorem
956 400 984 469 Α
1293 426 1455 489 PSALMUS
1474 429 1527 488 XC·

109 496 233 568 petens:
245 494 278 546 ut
288 488 352 563 ipsa
362 487 422 545 illis
431 491 521 545 notus
532 486 593 555 ilat,
605 505 657 562 per
666 505 755 562 quem
767 489 866 548 omnia
876 508 943 564 pro.

111 579 215 637 lutura
228 576 385 634 discimus.
404 576 440 633 itt
454 577 597 645 surditas,
621 579 689 647 eta,
712 579 741 634 id
756 582 811 648 est,
827 579 944 637 intelle-
1226 564 1430 606 ARGUMWUM
1450 564 1529 604 ΡΜ·
1551 564 1595 605 ¹⁰·

110 671 194 727 cmm
209 666 396 724 habentesiu
412 665 569 724 Dominum
586 667 945 727 christumbruditusdi-
1032 669 1222 744 GPropheta
1247 671 1379 744 predicti
1402 688 1521 728 omnem
1550 670 1665 730 ildelem
1693 671 1744 730 Dei
1773 675 1823 732 ad·
1933 640 1936 645 ⁶

111 757 190 816 citur
203 749 289 831 quasi
305 755 435 814 exomni
451 773 518 814 rure
533 756 732 833 elicituslpse
742 758 820 816 enim
836 765 881 816 est
892 746 942 819 De¹
993 759 1107 831 jutorio
1123 759 1297 817 circumdari
1316 777 1321 818 :
1337 759 1513 836 laudemque
1528 760 1635 817 Christi
1659 761 1823 821 denuntiat.

110 848 206 905 virtus
221 850 251 904 et
264 844 411 920 sapientia
425 846 531 914 Patris,
545 862 633 920 quem
659 847 707 904 hic
728 849 867 922 postulat,
885 869 942 909 non
1177 851 1233 906 T'l'.
1259 856 1287 916 -1-
1302 855 1379 908 Laus
1398 852 1509 907 cantici
1523 851 1646 907 Dauid:

113 936 263 1012 corporeis
277 934 382 1005 oculis,
399 937 450 993 sed
466 936 580 993 erudito
596 938 684 994 corde
699 954 883 1012 cognoscere.
1032 940 1144 996 chaus
1157 940 1264 997 cantici
1290 943 1335 996 est
1362 939 1462 997 divina
1484 939 1624 997 laudatio.
1640 940 1729 996 David
1744 940 1823 997 enim

113 1028 147 1085 {5
184 1028 368 1092 Convertere,
387 1025 517 1098 Domine,
532 1042 701 1101 usquequo:
998 1027 1045 1085 hic
1061 1029 1158 1102 ipsum
1174 1029 1348 1103 prophetam
1361 1028 1440 1097 dicit,
1449 1028 1499 1102 qui
1509 1029 1634 1101 primam
1650 1027 1826 1103 pariambu-

183 1120 220 1174 Bt
231 1114 424 1186 demoeumiis
437 1123 498 1173 asto
512 1132 600 1187 super
614 1133 710 1175 seruos
725 1127 797 1176 tuos.
993 1119 1046 1193 Jus
1069 1118 1176 1192 psalmi
1200 1118 1283 1176 suavi
1312 1118 1453 1175 relatione
1477 1117 1609 1174 dicturus
1629 1121 1682 1176 est.
1698 1117 1734 1174 lit
1745 1116 1825 1174 hune

144 1208 168 1261 G
181 1203 315 1262 Postulat
328 1203 474 1278 Propheta
486 1204 847 1282 Dominum,utjustitiam
858 1225 941 1266 suam
997 1208 1139 1283 hymnum
1156 1208 1340 1265 damonibus
1354 1208 1402 1280 pin
1417 1208 1594 1264 eonlldeutia
1603 1222 1720 1281 semper
1733 1223 1823 1280 oppo-

112 1294 212 1368 aitqua
226 1292 351 1351 ienitate
362 1296 514 1368 temperet,
532 1300 678 1368 quatenus
693 1298 806 1354 exorari
822 1298 944 1370 possita
997 1298 1106 1365 nimus,
1120 1301 1152 1354 ut
1167 1298 1281 1355 anobis
1296 1297 1394 1370 potius
1409 1298 1478 1353 inde
1491 1297 1655 1366 uincantur,
1665 1297 1823 1353 undecen-

114 1381 330 1460 paceatoribus,
340 1382 452 1456 quibus
464 1383 546 1456 juste
561 1385 738 1462 noscebatur
747 1385 877 1444 iratusli
889 1388 942 1445 Us-
996 1391 1042 1444 tra
1056 1387 1221 1444 Creatorem
1240 1386 1351 1459 aliquid
1367 1386 1470 1443 doloso
1483 1385 1578 1442 dicere
1592 1387 1786 1442 tentaverunt.

115 1488 232 1549 quoquo
242 1476 288 1545 tn,
298 1486 387 1546 quem
399 1473 546 1547 prophete
557 1473 693 1532 dixerunt
702 1480 870 1548 venturum,
880 1482 942 1534 tar·
998 1478 1011 1533 1
1068 1479 1126 1548 Qui
1141 1477 1255 1534 dabitat
1267 1477 1300 1533 iu
1314 1476 1466 1550 adjutorio
1479 1474 1625 1531 Abiasimi
1640 1494 1650 1530 .·

116 1561 243 1630 deveris,
257 1561 406 1618 Domino?
1068 1569 1103 1620 la
1111 1566 1296 1638 protectione
1308 1566 1363 1621 Dei
1385 1562 1496 1631 ÷eaali
1516 1570 1523 1628 ξ
1544 1562 1781 1620 commorabitur.

117 1652 150 1710 tc
186 1651 298 1722 depicti
309 1666 409 1709 umbus
423 1666 509 1709 meae
521 1653 723 1711 misericordia
738 1664 789 1712 tua
804 1674 813 1710 .·
1032 1654 1118 1721 COui
1129 1653 1395 1720 hubitat‚habitare
1404 1653 1483 1711 enim
1494 1656 1538 1710 est
1548 1650 1749 1725 permanentis
1763 1667 1822 1707 uon

184 1739 219 1796 bt
233 1739 442 1797 cumcuma:
455 1748 484 1797 et
498 1739 636 1797 delectati
655 1757 754 1798 summ
769 1743 798 1798 ia
812 1744 943 1801 omuibus
957 1778 982 1846 B
997 1743 1184 1801 discedentis.
1201 1742 1255 1808 Oui
1277 1745 1388 1799 tantam
1414 1741 1505 1815 igitur
1529 1757 1622 1814 spem,
1639 1757 1698 1798 non
1715 1741 1744 1796 in
1757 1756 1825 1815 prc-

221 1828 323 1886 utetur
335 1828 455 1888 nostris.
997 1833 1070 1907 priis
1084 1833 1196 1890 viribus
1210 1831 1302 1906 ponit,
1317 1832 1368 1888 scd
1384 1831 1414 1886 in
1429 1829 1572 1887 Altissimi
1593 1828 1744 1887 voluntate
1756 1844 1825 1887 ccu-
1883 1834 1889 1851 ‘

148 1917 341 1993 Gltsplstum
357 1934 390 1975 se
404 1916 475 1974 dicit
489 1935 507 1975 a
521 1918 723 1977 misericordia
738 1936 834 1989 mane,
845 1920 875 1979 id
887 1927 941 1990 ast,
997 1921 1104 1990 stituit,
1117 1921 1186 1978 talis
1212 1921 1257 1978 vir
1282 1918 1445 1994 protegitur
1472 1935 1489 1974 a
1513 1918 1637 1975 Domino
1661 1917 1735 1974 eoeli.
1751 1917 1826 1975 Dicit

117 2006 213 2065 lucida
235 2005 484 2081 contemplatione
508 2007 568 2064 bei.
590 2009 732 2077 Quoniam
755 2010 800 2066 vir
823 2015 943 2070 sauctus
998 2011 1087 2080 onim,
1102 2012 1151 2084 qui
1167 2008 1215 2067 hio
1231 2010 1354 2077 habitat,
1370 2008 1431 2064 illic
1447 2007 1686 2075 commorabitur,
1702 2008 1758 2063 hoe
1769 2011 1824 2075 est,

116 2097 232 2155 bomini
247 2095 425 2173 providebat
439 2097 596 2154 aduentum
613 2115 620 2153 ε
638 2114 757 2156 necesse
777 2099 832 2156 suit
847 2105 880 2157 ut
895 2118 944 2158 cor
997 2101 1048 2174 qui
1064 2102 1094 2156 in
1109 2101 1166 2157 isto
1181 2099 1286 2156 soeoulo
1301 2100 1337 2154 ab
1352 2097 1416 2171 ipso
1432 2114 1490 2153 non
1501 2095 1676 2165 disceditis
1687 2094 1738 2152 illo
1751 2110 1826 2153 seru-

118 2189 179 2260 ejus
194 2184 358 2245 exsultaret
378 2185 409 2242 in
425 2184 520 2256 laude,
535 2191 565 2244 et
588 2186 782 2246 delectaretur
805 2190 943 2249 omnibus
998 2208 1051 2266 per
1064 2207 1225 2247 mansurus
1238 2193 1292 2246 est.

115 2276 301 2335 debueritis
315 2291 386 2333 sua.
997 2283 1016 2337 2
1071 2279 1827 2351 DicetDomiao:Suxeptorrreus÷estu1atre

119 2367 151 2424 tr
187 2366 293 2424 barad
306 2358 406 2423 rimus
419 2382 474 2437 pro
486 2367 588 2424 diebus
602 2367 765 2440 quibasucs
775 2370 943 2428 bumiliasti:
1105 2370 1223 2445 mirem
1237 2384 1342 2436 rreum,
1360 2372 1439 2424 Deus
1454 2380 1535 2423 meus
1548 2383 1558 2420 .-

189 2455 536 2529 Anniaduibusuidiruus
549 2459 636 2514 muta.
1069 2460 1200 2530 Sperubo
1215 2459 1336 2514 iucem..

151 2546 296 2604 GNsrrat
310 2545 453 2620 Propheta
468 2561 500 2604 se
514 2561 579 2604 esse
592 2545 692 2604 letum
707 2547 736 2604 in
753 2548 811 2605 illis
825 2549 946 2606 tribula·
1035 2550 1056 2605 C
1078 2549 1136 2605 lico
1159 2547 1236 2605 dicet
1258 2545 1317 2615 illa,
1340 2546 1389 2618 qui
1416 2544 1472 2602 sihi
1502 2542 1598 2600 solum
1624 2539 1717 2599 credit
1744 2539 1826 2607 utils,

114 2634 947 2710 tionibus,perquushumiliandumpopulumjsalutariter
1000 2639 1078 2711 quod
1101 2638 1240 2711 dignatur
1255 2653 1384 2709 superna
1396 2636 1489 2708 pietas
1504 2636 1651 2705 praestare.
1668 2630 1740 2691 Cum
1756 2627 1828 2684 dicit

115 2724 278 2784 sentiebat.
293 2723 409 2781 Sciebat
423 2724 502 2781 enirn
519 2724 655 2782 fidelibus
668 2726 738 2783 viris
750 2728 865 2784 noriam
882 2744 946 2785 esse
1000 2745 1078 2796 vero,
1100 2731 1252 2799 susceptor
1276 2743 1369 2792 meus,
1387 2728 1481 2780 totum
1498 2739 1529 2779 sc
1544 2720 1700 2778 confirmat
1714 2718 1744 2774 in
1762 2717 1826 2789 ejus

116 2813 291 2887 superbiam
308 2830 316 2868 τ
331 2815 361 2870 et
376 2812 440 2870 ideo
464 2813 580 2871 letatur
594 2814 624 2870 in
640 2815 880 2874 tribulationibus
895 2835 947 2890 per
1000 2818 1142 2875 beneficia
1162 2815 1327 2888 projecisse.
1347 2813 1499 2885 Reiargium
1521 2828 1589 2867 oum
1615 2808 1696 2874 dicit,
1713 2805 1828 2863 nullum

120 2921 196 2977 quas
210 2900 365 2960 humilitas
380 2903 555 2960 custodit-ur.
1002 2907 1057 2964 sibi
1069 2906 1149 2963 aliud
1159 2922 1224 2962 esse
1234 2905 1388 2978 profitetur
1403 2900 1561 2967 auxilium;
1573 2899 1623 2957 sed
1640 2895 1757 2969 quaudo
1772 2893 1828 2950 hu-

122 2994 157 3050 ta
194 2992 316 3062 ltespice‘
326 2991 358 3047 in
369 3007 467 3050 seruos
476 2998 542 3050 tuos
554 3002 583 3050 et
597 2994 627 3050 ia
643 3010 732 3065 opera
746 3005 797 3053 tua
811 3016 821 3052 .·
998 2999 1050 3071 jus
1061 2996 1159 3053 seculi
1171 2992 1395 3067 tempestatibus
1407 2989 1587 3064 quatitur‚ad
1596 2991 1714 3061 portum
1725 2981 1829 3039 &dus

192 3083 230 3139 br
243 3081 340 3154 dirige
350 3082 431 3153 titios
443 3098 553 3140 mura.
1004 3084 1209 3144 misericordiis
1225 3100 1256 3141 se
1271 3082 1426 3153 coningere
1440 3076 1513 3135 velle
1528 3079 1662 3133 testatur.

130 3230 138 3249 ,
156 3170 350 3228 GConsideru
362 3171 420 3241 bic,
437 3171 547 3246 quibus
561 3173 657 3231 verbis
672 3175 809 3247 pietatem
821 3177 890 3233 honi
903 3150 985 3249 jufl
1004 3179 1021 3233 3
1074 3175 1218 3246 Quoniam
1242 3173 1302 3246 ipse
1325 3169 1468 3247 liberabit
1488 3164 1584 3223 mede
1601 3162 1706 3239 tequea
1719 3174 1831 3219 waar-

119 3260 197 3318 (κὴ
211 3259 345 3317 invitavit
356 3277 363 3317 :
376 3264 409 3317 ut
424 3261 519 3335 primo
535 3262 657 3320 dicarat:
670 3263 790 3337 Respice
804 3265 835 3320 in
851 3282 950 3323 serios
1112 3265 1187 3320 liunt
1202 3278 1209 3318 :

123 3340 201 3419 tuos,
213 3349 321 3407 deinde
333 3349 365 3406 in
379 3366 467 3424 opera
482 3354 532 3407 tua
543 3367 550 3407 :
563 3355 709 3425 quatenus
719 3359 747 3410 at
757 3354 781 3410 si
793 3354 877 3412 iactis
888 3355 951 3412 suis
1077 3358 1113 3411 lit
1128 3370 1147 3411 α
1162 3351 1250 3409 uerbo
1264 3364 1378 3420 aspero.

107 3428 241 3497 'mium
266 3456 327 3496 non
350 3445 534 3498 mererentur
559 3440 700 3515 accipere,
716 3459 779 3499 earn
796 3461 848 3517 per
864 3461 952 3518 opera
1041 3443 1204 3518 Csparabo
1229 3442 1258 3495 in
1281 3455 1373 3496 cunr:
1388 3452 1508 3493 causam
1534 3432 1605 3488 dicit
1630 3446 1682 3487 eur
1707 3427 1738 3485 iu
1765 3440 1832 3483 eum

119 3528 273 3586 bructeris
299 3528 500 3602 impetrarant.
530 3531 611 3598 Quod
640 3536 846 3606 argumentum
874 3535 951 3606 apud
1006 3550 1123 3607 sperare
1139 3532 1262 3597 deboat;
1279 3526 1423 3601 quiaipse
1438 3541 1493 3580 nos
1508 3524 1544 3578 ub
1559 3518 1757 3583 inimieorum,
1774 3512 1834 3571 sive

122 3618 259 3677 rhetora
276 3617 385 3675 dieitur
399 3635 416 3675 a
431 3618 516 3675 laude
527 3620 648 3692 judicis.
1007 3621 1217 3697 spiritualium,
1233 3618 1293 3675 sive
1306 3613 1481 3677 carnalium,
1498 3614 1594 3683 potest
1622 3606 1746 3664 liberare
1769 3618 1833 3701 uer·

128 3709 160 3764 19
196 3709 237 3765 Et
250 3706 289 3764 sit
299 3708 435 3777 splendor
449 3709 564 3766 Domini
579 3711 631 3767 Dei
644 3711 738 3768 nostri
749 3728 837 3782 super
847 3728 911 3769 nos:
926 3722 954 3769 et
1007 3709 1093 3768 sutiis
1110 3727 1117 3764 ε
1141 3708 1192 3782 qui
1216 3707 1337 3779 laqueos
1360 3705 1474 3776 ponunt
1490 3701 1534 3772 (ut
1548 3695 1712 3762 venatores)
1725 3690 1836 3766 qu1bus

233 3812 476 3867 macerabuntur
490 3807 656 3857 mitrarum
672 3801 766 3873 dirige
780 3818 869 3873 super
884 3819 951 3859 aas:
1008 3800 1124 3877 possint
1136 3798 1304 3871 ignorantes
1319 3791 1429 3849 dolosis
1444 3788 1560 3846 insidiis
1575 3780 1835 3878 irretire.Verbum

208 3879 254 3958 0⁰2(-
276 3888 400 3958 Etopus
414 3892 872 3962 manuumnostrurumdiripr21
897 3934 903 3946 .
999 3906 1146 3963 asperum
1162 3890 1216 3952 est,
1233 3900 1319 3941 omne
1333 3878 1543 3951 verbumquod
1557 3868 1836 3947 contraregulasdr·

162 3974 185 4031 G
200 3974 346 4049 Splendor
359 3975 477 4034 Domitii
492 3993 581 4051 super
593 3995 647 4036 nos
661 3984 714 4050 est,
727 3982 843 4052 quando
859 3981 954 4038 crucis
1008 3981 1092 4037 vinus
1107 3978 1220 4033 dictum
1236 3976 1290 4029 est.

127 4064 193 4135 eius
207 4063 403 4138 impressione
418 4066 600 4122 decoramur.
617 4067 711 4141 Opera
731 4075 831 4126 nostra
855 4070 956 4143 dirigit
1010 4062 1027 4116 4
1050 4061 1093 4138 05<-
1116 4071 1149 4122 la
1183 4071 1189 4130 ζ
1210 4061 1345 4136 scapulis
1358 4060 1420 4114 suit
1433 4051 1617 4112 oburubrubit
1633 4048 1712 4107 tibi:

128 4168 220 4226 vsuper
230 4169 295 4218 nos,
307 4154 424 4226 quando
434 4154 523 4211 diruat
533 4156 618 4213 nobis
632 4157 746 4213 venium
758 4163 955 4231 peccatorum,
1083 4161 1116 4213 lit
1129 4157 1180 4210 sub
1194 4153 1298 4225 peanis
1312 4150 1376 4220 ejus
1392 4144 1537 4219 sperabis.
1685 4223 1690 4235 .
1707 4222 1712 4234 Ι

135 4245 165 4297 ui
178 4257 246 4299 curn
261 4240 406 4300 fuerimus
427 4243 564 4316 perversi,
580 4243 743 4302 eitlciamur
770 4249 835 4319 ejus
858 4265 956 4305 corre-
1046 4241 1210 4317 Cscapulae
1223 4241 1271 4296 bei
1284 4255 1290 4295 τ
1304 4240 1374 4294 sunt
1389 4232 1574 4308 operationes
1587 4221 1777 4323 mirabilium,
1788 4235 1839 4292 per

137 4331 228 4388 ctione
247 4331 453 4390 rectissimis
476 4333 528 4390 Vel
555 4351 643 4407 opera
671 4352 812 4392 manuum
842 4342 957 4395 nostra·
1013 4351 1087 4409 quas
1102 4331 1179 4388 velut
1195 4327 1373 4402 quibusdam
1387 4319 1519 4380 humeris
1533 4316 1626 4373 virtus
1646 4314 1743 4371 diune
1755 4325 1839 4409 mon:

139 4435 200 4477 ram
213 4421 384 4495 diriguntur
394 4437 484 4495 super
498 4439 563 4495 nus,
579 4425 697 4497 quaudo
712 4442 745 4480 eu
760 4442 817 4481 non
833 4443 885 4499 pro
900 4432 957 4483 ter·
1012 4427 1133 4483 stratur.
1150 4423 1254 4477 Penne
1271 4419 1341 4473 saint
1355 4412 1469 4470 monita
1483 4406 1695 4483 prophetarum
1712 4417 1718 4458 :
1735 4415 1799 4472 que
1815 4413 1841 4451 ει

140 4525 271 4566 mnarum
286 4525 385 4567 rerum
401 4512 535 4569 mercede
545 4511 724 4571 tacimnsbt
735 4530 809 4587 opus
817 4531 959 4573 manuum
976 4523 999 4588 Ι)
1014 4514 1193 4586 recipiantur
1206 4525 1280 4582 pura
1301 4508 1408 4571 mente,
1425 4499 1526 4556 fideles
1556 4494 1671 4554 animas
1693 4488 1728 4547 ad
1753 4484 1840 4546 coelos

142 4602 315 4668 nostrarum,
331 4598 361 4655 id
376 4603 421 4657 cst
435 4599 608 4658 charitatem
626 4620 633 4659 :
650 4601 743 4677 dirige
757 4620 846 4678 super
861 4609 961 4673 nos,ut
1015 4619 1110 4676 usque
1125 4600 1299 4674 perducunt.
1307 4596 1339 4651 Et
1355 4595 1382 4650 si
1396 4607 1510 4666 quaeras
1525 4586 1596 4660 quid
1612 4585 1669 4641 iste
1682 4577 1841 4638 obumbra·

143 4686 235 4744 amnia
252 4703 344 4762 opera
363 4692 464 4746 nostra
487 4689 548 4746 sint
572 4709 665 4748 unum
689 4709 764 4765 opus
787 4692 958 4752 charitatis:
1016 4693 1203 4764 tiopraestet:
1219 4687 1335 4754 dico,ut
1351 4699 1402 4756 per
1416 4680 1493 4737 diem
1505 4675 1549 4734 sol
1560 4691 1618 4732 non
1630 4671 1733 4727 uratia
1746 4679 1842 4737 nequo

143 4776 205 4848 quia
222 4778 287 4851 ipse
311 4780 355 4834 est
378 4777 448 4835 linis
471 4780 607 4859 precepti
631 4784 660 4837 et
684 4781 816 4838 omnium
840 4798 961 4857 operum
1015 4781 1087 4839 luna
1101 4797 1153 4853 per
1167 4781 1293 4834 noctem.

144 4869 306 4924 nostrorum
321 4867 346 4940 (i
361 4868 439 4927 Tim.
455 4868 486 4943 1).
1016 4873 1035 4927 5
1087 4873 1173 4927 Scuto
1188 4862 1387 4922 circumdabit
1401 4865 1429 4915 te
1443 4856 1556 4913 ueritas
1569 4853 1657 4924 ejus:

1087 4961 1152 5014 Noa
1166 4955 1282 5011 timebis
1295 4968 1315 5007 a
1329 4951 1434 5006 timore
1447 4947 1600 4999 cocturae.

356 5018 458 5061 burto
477 5019 513 5061 ax
531 5019 610 5061 esau.
632 5021 744 5061 msxrx.

1053 5049 1077 5104 H
1091 5043 1260 5103 circumdat
1279 5056 1332 5097 uos
1358 5036 1464 5092 veritas
1488 5033 1582 5094 scuto,
1595 5025 1623 5082 id
1639 5024 1695 5092 ebt,
1711 5017 1843 5120 Chii⁸l⁰³

168 5134 298 5191 'Lucidui
314 5133 419 5192 sideris
434 5138 522 5206 sator,
538 5137 724 5210 omnipotens
741 5137 828 5206 Deus,
845 5139 895 5211 qui
911 5156 964 5196 no·
1018 5155 1073 5196 sua
1084 5132 1273 5209 protectione,
1291 5146 1326 5185 no
1342 5123 1515 5184 ardentibus
1530 5115 1644 5192 sagittis
1659 5109 1768 5211 diaboli
1779 5123 1844 5182 per·

144 5237 201 5280 ram
215 5223 330 5280 mundo
339 5223 551 5301 lucem,iuguta
560 5227 964 5294 noomrestituesmatianos,
1019 5222 1246 5284 cutiamur.Non
1262 5217 1433 5275 timebimus
1445 5211 1574 5269 atimcre
1585 5208 1740 5270 nocturno,
1750 5198 1779 5254 td
1789 5198 1844 5297 tsi·

145 5326 321 5385 quesumus,
340 5313 507 5372 remittente
523 5315 725 5372 misericordia
737 5320 798 5384 tua,
816 5321 848 5372 ut
863 5333 965 5373 omnes
1021 5313 1169 5373 diabolum
1186 5310 1235 5384 qui
1256 5323 1372 5378 semper
1396 5305 1424 5359 in
1440 5299 1571 5358 tenebris
1585 5299 1630 5352 est
1644 5297 1677 5349 ut
1692 5286 1845 5391 persultat·

144 5406 326 5473 peecatorum
342 5403 548 5474 obscuritates,
562 5410 591 5462 te
606 5404 801 5471 illuminante,
811 5405 965 5478 pellamus.
1020 5405 1084 5462 sive
1098 5403 1154 5459 hoc
1169 5400 1250 5468 dicit,
1266 5398 1334 5453 licet
1358 5395 1387 5450 in
1413 5408 1510 5449 errore
1534 5386 1633 5454 tueris,
1652 5399 1701 5457 qui
1711 5394 1776 5480 'nox
1789 5376 1846 5441 esi,

143 5488 192 5549 Per
211 5490 376 5550 Dominum
401 5497 535 5552 nostrum
558 5494 660 5552 iesum
685 5495 835 5551 Christum
861 5495 967 5552 Filium
1023 5501 1192 5551 tamennon
1207 5486 1324 5544 timebis
1342 5485 1396 5542 sub
1413 5486 1495 5540 scuto
1507 5472 1652 5536 veritatis:
1667 5485 1737 5544 quta
1751 5465 1847 5540 proto·

140 5582 236 5651 inum,
252 5584 309 5639 ato.
1027 5587 1075 5658 get
1088 5587 1117 5639 te
1131 5577 1215 5636 illud.
