3884 6084
110 246 169 311 595

600 246 729 311 OLIVAE
750 246 926 314 VICENSIS
949 245 1125 308 autsccrt
1148 246 1322 310 SCRIPTA.

1757 238 1818 303 tec

108 377 213 453 fecisti,
225 381 295 457 quia
305 380 340 438 ad
353 397 398 438 mo
411 377 536 437 introisti
549 396 555 436 ε
568 397 634 436 sum
650 379 728 436 enim
745 378 851 436 mulier
866 395 932 452 pee-
947 382 974 449 Α
990 377 1124 451 nunquid
1137 378 1233 436 locum
1247 377 1372 446 invenio,
1385 377 1434 435 ubi
1450 381 1496 435 est
1510 373 1631 450 spiritus
1648 372 1819 432 castitatis?

110 471 201 528 catrix
213 488 220 537 ;
234 475 263 525 et
277 467 326 526 ille
340 468 413 524 dixit
431 466 503 522 mibi
520 483 527 521 :
544 467 597 523 Ubi
615 484 661 523 me
676 468 752 523 Deus
769 484 853 524 meus
868 465 936 523 lecit

111 558 236 633 ingredi,
252 557 292 613 ibi
308 556 437 612 introivi.
453 557 537 612 Mane
553 562 651 613 autem
666 557 744 612 cirea
758 557 861 613 boram
878 560 934 612 ter-

111 650 184 705 tiam
200 647 391 704 ostenderunt
405 661 436 701 se
452 645 534 713 mihi,
553 646 614 717 qui,
632 651 789 718 antequam
814 643 933 712 luceret,

110 737 242 795 insidiati
257 737 382 803 fuerant,
405 738 438 790 ιιι
452 739 606 790 exeuntem
624 738 765 800 tenerent,
779 740 807 790 et
822 734 935 791 cecide-

112 830 190 894 rent;
208 824 259 880 sed
274 840 341 879 cum
356 822 493 888 exissem,
511 829 709 878 convenerunt
723 840 779 878 mc.
796 824 853 895 Ego
869 839 935 879 vero

111 915 160 971 ubi
175 913 251 969 taces
267 913 302 968 de
317 910 377 968 lino
392 910 547 979 habebam,
563 912 704 968 abscondi
717 929 776 968 ecs
790 913 890 968 Timeo
900 928 935 967 nc

112 1005 259 1058 scrutetur
272 1001 355 1056 locus
371 999 453 1072 ipse;
470 999 493 1054 si
511 1001 608 1071 jubes,
626 1000 744 1057 domina
759 1003 862 1066 mater,
879 1000 936 1055 buc

111 1107 161 1148 eos
176 1088 301 1145 transire
316 1088 432 1155 luciam,
450 1087 520 1160 quia
545 1088 680 1161 promisit
709 1089 781 1144 milri
811 1089 934 1163 dicens:

110 1180 195 1236 Facio
210 1184 240 1235 te
253 1176 460 1245 Christianam,
479 1182 512 1232 ut
541 1177 641 1234 omnia
669 1183 788 1250 peccata
811 1183 860 1233 tua
885 1178 935 1233 de·

990 468 1041 524 Hic
1056 473 1087 524 tu
1105 469 1175 540 quid
1192 468 1317 537 intrasti,
1330 469 1380 524 nbi
1393 467 1627 540 inquinatasunt
1640 481 1773 539 corpora,
1789 468 1821 522 et

990 555 1105 629 pollute
1117 561 1187 611 sunt
1198 557 1322 613 animae?
1333 558 1415 613 'l'unc
1426 556 1581 612 Narcissus
1593 555 1665 610 dixit
1674 555 1821 611 ebtubeo

990 646 1053 709 tibi,
1066 645 1218 701 immunde
1230 647 1361 718 spiritus,
1370 650 1403 700 ut
1413 647 1464 701 des
1476 645 1504 702 iu
1517 660 1690 717 responsum
1703 643 1783 716 quod
1792 648 1820 700 te

989 733 1214 807 interrogavero.
1231 734 1281 790 Dic
1302 734 1387 802 mihi,
1403 735 1540 790 damnate
1557 751 1563 789 :
1578 733 1642 789 Scis
1657 732 1820 788 Dominum

990 819 1821 893 meumlesumChristumNazarenumtentalum,tlagel·

989 910 1092 977 latum,
1110 912 1305 984 sputamentis
1321 912 1350 966 in
1369 912 1470 967 taciem
1487 915 1666 979 attestatum,
1685 910 1820 966 cibatum

990 1000 1065 1068 lells,
1084 1005 1214 1073 potatum
1240 1006 1332 1071 aceto,
1352 1001 1473 1056 nltixum
1496 1000 1526 1055 in
1541 1016 1636 1066 cruce,
1653 996 1847 1067 mortuum,-'

989 1094 1018 1145 et
1034 1089 1194 1161 sepultum,
1211 1094 1239 1144 et
1254 1090 1300 1146 die
1315 1090 1399 1146 tertio
1419 1089 1613 1146 resurrexisse
1629 1106 1645 1143 a
1666 1088 1822 1144 mortuis?

990 1178 1047 1234 scis
1063 1179 1118 1234 hoc
1134 1179 1267 1234 tactum?
1281 1177 1443 1251 Respondit
1458 1178 1582 1247 demon,
1598 1182 1627 1232 et
1643 1176 1717 1233 dixit
1735 1194 1742 1233 :
1761 1175 1822 1233 Uti·

991 1285 1058 1323 nam
1076 1266 1148 1322 mihi
1162 1267 1216 1323 hoc
1232 1268 1345 1323 nescire
1360 1263 1512 1323 licuisset!
1528 1283 1597 1322 nam
1612 1283 1645 1322 ca
1657 1264 1744 1334 hora,
1758 1282 1820 1338 qua

990 1356 1147 1413 crucifixus
1163 1360 1216 1424 est,
1233 1356 1370 1429 princeps
1385 1360 1485 1412 noster
1500 1355 1615 1429 fugiens
1630 1372 1647 1410 a
1662 1355 1737 1410 lacie
1753 1354 1821 1426 ejus

111 1268 276 1415 leNiiiiiens
292 1357 346 1412 hoc
370 1360 464 1411 mater
488 1356 563 1427 ejus,
579 1356 686 1430 gaudio
704 1356 822 1430 repleta,
838 1356 911 1412 dixit
927 1375 933 1412 :

20 1486 27 1495 ·
110 1449 231 1504 Praestet
245 1445 300 1501 boc
315 1445 403 1513 Deus,
422 1449 453 1500 ut
467 1445 539 1499 mihi
555 1445 610 1500 boc
623 1446 782 1519 contingat.
796 1445 847 1511 Cui
864 1445 936 1501 dixit
991 1446 1019 1501 in
1032 1445 1173 1518 templum
1191 1447 1238 1500 Dei
1255 1463 1287 1501 se
1302 1445 1507 1512 misit,etideo
1523 1444 1618 1500 velum
1634 1442 1821 1516 templiscis

111 1537 196 1592 Atra:
214 1536 288 1607 Ergo
304 1537 389 1589 nocte
404 1533 536 1589 veniente
551 1533 728 1605 transmigro
743 1549 792 1589 cos
809 1532 935 1588 buc.Cui
990 1551 1056 1590 suni
1073 1540 1126 1602 cst,
1143 1534 1213 1606 quia
1227 1535 1364 1591 virtutem
1380 1533 1584 1606 persequentis
1603 1532 1676 1589 terre
1692 1549 1752 1589 non
1767 1549 1820 1605 po-

113 1623 265 1698 respondit
279 1627 372 1678 mater
387 1639 442 1678 sue
459 1638 464 1678 :
482 1622 575 1678 Etiam
591 1622 615 1676 si
631 1621 766 1690 nolucrit,
777 1638 934 1695 rogaeum.
991 1624 1064 1692 tuit;
1082 1629 1151 1678 tune
1174 1640 1244 1680 saxa
1269 1624 1333 1696 ipsa
1355 1622 1449 1679 solida
1473 1623 1693 1691 scindebantur,
1709 1627 1741 1677 et
1756 1638 1820 1678 ιιιο-

112 1710 937 1786 VespereautemdlrarogavitS.Narcissum,etmigrevit
992 1716 1132 1767 nunrenta
1152 1716 1251 1784 aperta
1273 1717 1352 1778 sunt,
1370 1715 1398 1766 et
1413 1714 1602 1767 surrexerunt
1627 1710 1723 1766 sancti
1753 1709 1820 1778 tiri,

114 1803 151 1859 ad
166 1805 289 1858 matrem
305 1802 379 1872 ojus.
398 1801 551 1872 Ingressus
566 1804 665 1855 autem
681 1800 802 1855 domum
817 1799 846 1855 S.
864 1801 936 1855 Nar·
991 1801 1040 1872 qui
1057 1800 1192 1856 viderunt
1208 1800 1262 1855 hoc
1278 1802 1397 1865 tactum,
1414 1800 1492 1873 quod
1515 1801 1651 1872 princeps
1667 1803 1770 1855 noster
1783 1800 1821 1855 ab

114 1892 210 1947 cissus
224 1889 389 1963 episcopus,
402 1889 511 1944 lactum
527 1892 570 1944 ast
584 1888 725 1961 gaudium
742 1889 937 1961 magnum,ita
991 1905 1024 1945 ec
1040 1889 1089 1961 qui
1115 1889 1271 1945 crucifixus
1295 1892 1339 1944 est
1362 1892 1461 1944 tentus
1483 1893 1527 1944 est
1550 1891 1578 1943 et
1598 1888 1710 1943 cetenis
1726 1887 1819 1961 igneis

113 1985 146 2036 ιιι
159 1979 267 2036 Hilaris
281 1995 333 2052 per
348 1983 407 2034 tres
429 1978 517 2033 boras
540 1976 656 2049 plantas
680 1978 744 2049 ejus
770 1981 937 2045 lonerstat
991 1980 1036 2033 est
1051 1975 1199 2050 religatus.
1213 1977 1371 2049 Respondit
1392 1977 1546 2033 Narcissus
1571 1980 1600 2032 et
1621 1976 1720 2032 dixit:
1738 1977 1818 2044 Quod

112 2069 234 2127 diceret:
247 2068 372 2124 Obsecro
389 2071 425 2133 te,
439 2066 567 2133 dominc,
586 2071 617 2121 ut
633 2083 679 2121 me
694 2066 785 2121 facias
800 2065 936 2121 mundari
992 2081 1098 2121 nomen
1114 2071 1159 2122 cst
1173 2066 1314 2139 principis
1329 2065 1434 2122 vostri?
1445 2066 1521 2121 Dixit
1536 2066 1560 2121 ei
1577 2066 1690 2120 daemon
1706 2082 1712 2120 :
1730 2065 1817 2121 Satan

114 2157 266 2232 apeccatis
283 2155 456 2211 maiatum
471 2155 626 2211 Narcissus
641 2154 880 2227 episcopusdixit
894 2155 935 2211 ei:
992 2172 1097 2210 nomon
1114 2161 1157 2210 est
1172 2155 1223 2223 illi,
1241 2156 1317 2228 quod
1343 2156 1551 2227 interpretatur
1575 2156 1689 2211 initium
1709 2156 1816 2211 morlia

114 2248 204 2302 Beata
218 2249 262 2305 est
272 2244 344 2299 fides
354 2247 487 2314 tuaque
503 2247 658 2315 antequam
673 2243 801 2299 disceres
816 2243 937 2299 verbum
992 2243 1068 2298 Dicit
1078 2243 1103 2298 ei
1114 2244 1280 2300 Narcissus:
1296 2245 1343 2300 Dic
1356 2243 1440 2312 mihi,
1453 2244 1523 2316 quid
1535 2243 1664 2316 peccavit
1674 2244 1816 2299 Dominus

114 2333 254 2400 veritatis,
271 2333 366 2405 ipsam
380 2329 540 2398 vamtatem,
558 2349 647 2404 quam
672 2348 723 2404 per
746 2332 866 2388 verbum
893 2332 939 2387 vix
993 2335 1092 2386 noster
1106 2330 1193 2387 Jesus
1208 2331 1351 2399 Christus,
1365 2336 1396 2386 ut
1417 2335 1497 2386 tanta
1517 2331 1690 2402 pateretur?
1706 2330 1781 2386 Dicit
1791 2331 1814 2386 ei

116 2438 275 2497 agnoscere
290 2423 415 2494 possunt
429 2420 574 2490 homines,
586 2420 615 2475 in
628 2426 785 2477 tuamentc
796 2420 936 2477 fundasti.
993 2419 1106 2474 demon
1120 2420 1294 2492 :Nunquam
1310 2420 1447 2493 peccavit.
1465 2418 1540 2475 Dicit
1555 2419 1581 2474 ci
1597 2419 1754 2476 Narcissus
1767 2436 1773 2475 :
1785 2420 1817 2476 tlt

117 2515 227 2570 Tamen
235 2510 304 2583 quia
315 2509 397 2565 video
407 2514 433 2565 te
442 2525 578 2581 capacem
594 2509 731 2565 audiendi
741 2510 861 2565 verbum
876 2509 938 2576 Dei,
994 2507 1043 2578 qui
1058 2524 1210 2580 nunquam
1227 2509 1363 2580 peccavit,
1376 2524 1466 2580 quare
1477 2512 1558 2563 tanta
1568 2524 1674 2579 passus
1689 2508 1753 2563 cst?
1765 2508 1816 2564 Re·

116 2601 202 2658 hodie
219 2599 338 2672 incipite
352 2603 449 2655 tenere
464 2597 623 2669 jejunium,
640 2602 668 2653 et
683 2615 734 2670 per
749 2603 861 2671 septem
877 2599 939 2654 dies
994 2595 1113 2668 spondit
1127 2597 1240 2652 daemon
1255 2614 1260 2651 :
1278 2597 1340 2652 Non
1357 2613 1408 2669 pro
1424 2596 1487 2652 suis
1503 2596 1631 2669 peccatis
1642 2613 1750 2669 passus
1764 2601 1818 2668 cst,

113 2685 255 2764 jejunate,
271 2688 423 2745 audientes
438 2683 603 2743 sermonem
619 2686 871 2754 veritatis;octeva
886 2704 938 2742 au·
994 2686 1044 2741 sod
1058 2680 1114 2758 'pro
1129 2685 1260 2741 alterius.
1278 2685 1352 2742 Dicit
1367 2686 1392 2742 ei
1408 2685 1563 2742 Narcissus
1587 2686 1764 2758 episcopus:
1780 2686 1818 2741 lix

116 2783 176 2836 tem
192 2778 239 2834 dio
254 2775 481 2849 purificabimini
505 2775 542 2831 ab
566 2774 645 2831 omni
672 2780 798 2847 peccato,
815 2779 844 2831 et
858 2775 940 2832 eritis
994 2774 1335 2842 oretuotecondemnas,
1348 2775 1500 2830 immunde
1516 2774 1650 2847 spiritus.
1662 2778 1736 2830 Cum
1751 2791 1818 2849 ergo

115 2867 190 2925 tales
199 2865 300 2940 quales
310 2863 409 2921 fuistis
419 2863 557 2931 inlnntes,
570 2881 626 2920 non
638 2852 780 2920 habentes
790 2865 939 2920 conscien·
994 2863 1070 2919 scias
1081 2863 1238 2919 Dominum
1251 2880 1348 2920 meum
1358 2864 1459 2920 lesum
1470 2864 1619 2919 Christum
1631 2881 1689 2920 non
1699 2863 1818 2936 proauis

114 2957 188 3013 tiam
199 2954 289 3012 ullius
299 2953 443 3019 criminis,
455 2952 602 3024 ulliusque
613 2952 812 3025 peccatiDicit
822 2953 848 3008 ei
866 2951 940 3008 tlila·
994 2952 1043 3008 sed
1055 2969 1107 3024 pro
1118 2951 1222 3008 alienis
1233 2953 1360 3024 peccatis
1370 2953 1512 3021 occisum,
1523 2953 1641 3009 discede
1654 2953 1693 3008 ab
1706 2952 1742 3009 iis
1755 2971 1818 3009 mu·

114 3046 159 3102 ria
176 3062 183 3100 ι
199 3045 229 3102 Si
241 3042 474 3116 jubes,dicimus
490 3042 567 3114 quod
583 3041 718 3112 colimus,
730 3041 938 3097 etitademum
994 3039 1125 3108 lieribus,
1142 3040 1211 3113 quia
1225 3058 1276 3112 pro
1292 3041 1350 3098 illis
1366 3058 1470 3113 passus
1482 3040 1589 3114 estqui
1603 3040 1740 3097 adfidem
1756 3043 1819 3114 ejus

114 3135 185 3192 doce
195 3149 248 3189 noa
259 3130 329 3205 quid
341 3131 483 3187 colamus.
493 3129 568 3186 Dicit
576 3129 601 3186 ei
611 3129 938 3203 Narcissusepiscopus:
955 3115 977 3181 C
994 3135 1023 3185 et
1046 3130 1171 3203 gratiam
1199 3132 1402 3202 confugerunt.
1418 3130 1494 3186 Dicit
1518 3130 1543 3186 ei
1572 3131 1687 3186 demon
1702 3148 1709 3185 :
1726 3131 1819 3195 Quare

114 3222 148 3279 ln
163 3221 218 3278 hoc
232 3223 354 3294 apparet
369 3218 447 3292 quod
463 3219 536 3275 bene
551 3219 673 3291 potestis
689 3218 836 3291 suscipere
861 3219 938 3290 quod
995 3218 1079 3274 docet
1093 3219 1139 3275 lex
1152 3223 1263 3286 sancta,
1279 3225 1307 3274 et
1319 3220 1404 3291 jubet
1419 3224 1450 3274 ut
1465 3236 1511 3275 res
1527 3217 1637 3275 alienas
1663 3237 1722 3276 non
1739 3219 1819 3277 tollat

114 3310 207 3367 colere
222 3308 363 3376 debeatis,
377 3325 445 3363 cum
463 3307 532 3379 quid
544 3307 691 3363 colueritis
702 3307 941 3380 evidentercxpo·
995 3307 1120 3380 aliquis;
1138 3307 1235 3379 tuqui
1252 3313 1371 3364 sanctus
1386 3325 1427 3376 es,
1445 3325 1492 3364 res
1514 3325 1594 3364 meas
1620 3309 1693 3380 quid
1718 3307 1818 3365 tollist

116 3399 213 3465 natis;
230 3397 276 3453 dic
288 3412 357 3469 ergo
372 3394 519 3452 culturam
535 3400 627 3451 tuam.
644 3395 754 3451 Hilaria
769 3396 938 3467 respondit:
995 3396 1068 3462 Quid
1086 3396 1158 3452 mibi
1174 3395 1251 3452 tollis
1268 3397 1472 3469 animaequae
1489 3397 1561 3452 mihi
1581 3396 1714 3453 lucratus
1734 3396 1818 3456 sumt

117 3487 255 3543 Parentes
270 3484 327 3541 mei
343 3500 447 3557 genere
463 3483 557 3556 Cyprii
584 3483 712 3548 luerunt,
729 3489 758 3539 et
772 3485 840 3540 inde
856 3501 940 3541 vene·
994 3485 1070 3541 Dicit
1080 3486 1104 3541 oi
1114 3485 1267 3542 Narcissus
1281 3505 1287 3543 :
1300 3487 1460 3552 Etlractor,
1473 3491 1501 3543 et
1515 3486 1562 3541 sur
1576 3503 1607 3542 cs
1623 3491 1666 3553 tu,
1686 3487 1722 3543 ab
1738 3485 1818 3544 initio

118 3577 198 3632 runt.
214 3573 288 3630 Cum
304 3588 388 3629 sacra
400 3571 531 3639 Veneris,
545 3575 574 3626 et
587 3571 687 3627 Venus
702 3571 756 3627 coli
773 3590 829 3628 non
848 3576 942 3644 potest
995 3574 1133 3630 damnate
1148 3579 1177 3631 ct
1188 3575 1354 3641 inveterate,
1366 3592 1434 3630 nam
1450 3575 1522 3631 istas
1532 3575 1649 3631 animas
1661 3576 1816 3633 aCrcatcre

119 3662 178 3719 nisi
193 3663 229 3719 ab
245 3661 281 3717 iis
301 3659 418 3716 taurinis
441 3676 505 3732 qua
530 3659 718 3716 meretricata
742 3659 858 3728 luerint,
876 3661 940 3718 ideo
995 3679 1048 3718 suo
1064 3667 1092 3718 et
1109 3663 1230 3719 Domino
1242 3668 1272 3719 tu
1290 3663 1447 3736 separasti;
1463 3679 1516 3737 ego
1532 3664 1619 3720 modo
1633 3668 1663 3719 te
1679 3664 1815 3721 suremta-

118 3752 244 3824 denique
254 3766 306 3822 ago
319 3748 408 3805 tiliam
419 3747 744 3806 meamsncrisVeneris
754 3765 938 3818 consecrans,
994 3768 1059 3819 neo,
1076 3756 1105 3807 et
1118 3751 1244 3808 Creatori
1258 3756 1422 3808 creaturam
1435 3769 1520 3808 suam
1536 3753 1672 3809 restituo.
1691 3753 1814 3827 Respon-

117 3839 204 3913 quasi
214 3840 273 3895 dea
283 3831 388 3894 Veneri
403 3837 576 3893 servituram
592 3836 659 3892 inde
675 3837 839 3895 meretricio
854 3838 939 3911 placi·
994 3839 1072 3896 ditei
1084 3839 1198 3896 daemon
1209 3841 1366 3898 dicens:ttt
1376 3859 1429 3915 ego
1441 3847 1574 3898 creatura
1584 3843 1649 3914 ejus
1662 3857 1813 3917 sum,ergc

116 3934 214 3986 turam
230 3929 260 3984 in
279 3925 440 4000 prostibulo
469 3942 586 3982 manere
601 3925 732 3998 permisi,
749 3927 870 3984 credens
885 3927 940 3985 boc
994 3933 1023 3984 et
1036 3946 1082 3984 me
1099 3928 1223 3985 Creatori
1240 3947 1304 3986 mco
1321 3931 1451 3987 restitue.
1464 3931 1540 3987 Dicit
1550 3931 1575 3987 ei
1587 3931 1811 3989 Narcissus:'l'n

115 4018 193 4092 quod
211 4016 282 4072 mibi
297 4019 376 4072 esset
390 4014 516 4088 propitia
529 4015 638 4083 Venus,
653 4013 677 4070 si
689 4014 780 4070 filiam
792 4032 888 4072 meam
899 4017 941 4071 di·
993 4017 1056 4090 ipse
1071 4034 1120 4073 ore
1134 4022 1185 4073 tuo
1200 4018 1353 4075 confessus
1364 4037 1395 4075 cs
1408 4018 1556 4075 Christum
1568 4036 1620 4092 pro
1630 4020 1811 4093 peccatisbo

113 4107 189 4165 vinis
204 4108 269 4180 ejus
284 4103 499 4161 imitationibus
517 4120 706 4178 occupassem
720 4121 727 4173 ;
744 4121 811 4160 nam
829 4112 938 4178 quanto
993 4106 1107 4162 minum
1123 4123 1259 4179 passum;
1272 4108 1334 4164 etsi
1347 4126 1405 4180 qun
1421 4108 1508 4165 modo
1524 4125 1575 4181 pro
1589 4110 1719 4180 peccatis
1730 4107 1812 4166 bomi-

114 4195 211 4270 ptures
226 4198 372 4251 amatores
386 4193 493 4250 habere
509 4193 616 4264 poterit
635 4192 741 4249 mulier
755 4211 818 4267 qua
832 4194 938 4251 Veneri
993 4182 1064 4250 n'um
1080 4212 1186 4267 passus
1201 4201 1245 4252 est
1259 4201 1288 4252 et
1302 4213 1354 4268 pro
1365 4197 1496 4253 damone
1511 4213 1616 4269 passus
1630 4201 1720 4266 esset,
1735 4196 1810 4255 rasti·

113 4283 242 4351 serviret,
255 4287 336 4339 tanto
352 4281 419 4355 plus
433 4281 537 4338 Veneri
551 4279 664 4354 plaeere
681 4298 793 4354 possea
804 4284 938 4340 sacerdo·
992 4286 1103 4339 luerem
1119 4284 1246 4340 Creatori
1260 4288 1411 4353 tuo;nuno
1427 4290 1524 4342 autem
1541 4284 1583 4341 sic
1594 4302 1703 4358 passus
1713 4288 1809 4359 estpra

111 4372 191 4428 tibus
204 4370 324 4427 Veneris
339 4371 513 4426 alttrmatur.
992 4373 1118 4444 peccatis
1133 4372 1287 4428 hominum
1303 4379 1336 4429 ut
1351 4381 1481 4430 vestrum
1497 4373 1661 4447 principem
1677 4372 1822 4448 ligaretia*

146 4460 275 4516 Audiens
285 4458 346 4514 haec
357 4459 400 4514 vir
409 4458 460 4514 Dei
471 4459 626 4515 Narcissus
640 4458 785 4532 ingemuit
800 4464 829 4515 et
843 4459 935 4534 lacry-
951 4479 974 4544 D
992 4461 1138 4516 internum
1153 4466 1182 4516 et
1196 4461 1393 4535 principatum
1410 4462 1556 4535 diriperet.
1566 4461 1642 4518 Dicit
1652 4464 1677 4519 ei
1690 4464 1807 4520 damon:

112 4565 178 4605 mas
199 4547 282 4614 ludit,
299 4546 430 4619 dixitque
453 4548 488 4602 ad
510 4547 667 4603 diaconum
681 4564 768 4602 suum
785 4548 907 4604 Felicem
926 4567 932 4604 ι
990 4551 1046 4606 Fac
1060 4549 1197 4621 pietatem
1214 4567 1303 4622 super
1317 4568 1374 4612 me.
1388 4554 1417 4605 et
1429 4551 1467 4606 da
1487 4550 1559 4617 mibi
1585 4550 1615 4605 in
1641 4553 1808 4624 potestatem

110 4638 215 4710 Surge,
226 4636 353 4704 trater,et
363 4635 468 4691 demus
478 4634 640 4691 lamentum
652 4652 740 4708 super
750 4635 838 4692 istam
845 4637 934 4693 tatem
990 4656 1078 4694 unam
1093 4639 1233 4694 animam.
1247 4639 1321 4696 Dicit
1334 4639 1359 4695 cl
1373 4638 1526 4696 Narcissus
1537 4657 1544 4695 z
1555 4638 1584 4695 si
1601 4639 1711 4696 dedero
1720 4639 1772 4697 tibi
1785 4640 1808 4695 in

110 4726 266 4798 culturam,
283 4728 312 4781 et
330 4741 468 4797 rogemus
483 4724 653 4790 Dominum,
669 4729 702 4779 ut
717 4725 765 4780 ubi
784 4725 935 4783 abundauit
989 4732 1162 4799 potestatem
1178 4744 1267 4783 unam
1284 4728 1426 4794 animam,
1441 4727 1513 4800 quid
1530 4728 1566 4784 de
1579 4744 1614 4784 ea
1629 4728 1746 4785 faciest
1758 4729 1808 4785 De·

110 4816 255 4889 iniquitas,
271 4812 473 4887 superabundet
487 4821 512 4868 et
526 4814 626 4883 pretio.
638 4814 758 4869 Factum
775 4817 820 4870 est
835 4819 933 4871 autem
989 4833 1057 4871 mon
1073 4816 1146 4870 dixit
1162 4833 1168 4870 :
1186 4816 1329 4872 tntersicio
1345 4815 1506 4882 hominem,
1521 4822 1548 4873 et
1571 4814 1671 4874 lucror
1685 4818 1807 4875 animan

109 4908 151 4972 ut,
163 4923 229 4962 cum
241 4905 367 4972 orarent,
379 4903 516 4975 apparuit
526 4901 673 4975 AEgyptius
689 4903 809 4974 quidam
822 4904 934 4976 nigrior
988 4906 1061 4975 ejus.
1080 4905 1154 4960 Dicit
1169 4905 1195 4960 ai
1211 4904 1384 4961 Narcissus:
1403 4905 1487 4961 blane
1504 4905 1601 4979 prima
1612 4903 1680 4962 luca
1695 4922 1750 4978 ego
1764 4902 1807 4961 tibi

109 5009 203 5056 corvo.
220 4993 318 5049 nudus
334 4996 361 5047 et
376 4991 546 5047 vulneribus
561 4990 769 5063 elephantiasis
785 4995 843 5048 toto
870 5009 931 5047 cor·
988 4993 1063 5048 dabo
1079 4996 1254 5065 potestatem
1276 4992 1362 5049 hanc.
1379 4998 1411 5049 ut
1431 4993 1492 5050 heac
1507 4993 1608 5050 facias.
1623 4992 1702 5050 Dicit
1714 4993 1740 5051 si
1755 4994 1806 5051 de·

109 5097 178 5152 pore
194 5080 311 5152 plenus;
324 5080 393 5135 dare
409 5079 495 5151 caepit
509 5078 655 5151 mugitum
665 5082 693 5134 et
705 5078 801 5134 dicere
813 5097 819 5134 :
830 5079 852 5135 0
863 5097 930 5135 ean·

109 5167 580 5239 cteNarcisseepiscope,quidtibi
593 5168 846 5223 cumcbaramea‘i
856 5168 930 5234 Ouid

109 5256 162 5312 tibi
174 5273 241 5312 cum
258 5253 372 5311 ancillis
387 5255 552 5328 meis,quas
562 5254 620 5329 'ego
635 5272 752 5329 seruper
762 5256 791 5311 in
802 5257 932 5312 amicitia

109 5362 173 5401 mea
189 5343 300 5400 habui?
319 5343 395 5398 Deus
411 5346 479 5399 tuus
494 5345 621 5401 mundas
637 5346 761 5412 animas,
776 5349 804 5400 et
820 5345 932 5400 munda

108 5451 229 5507 corpora
244 5430 349 5503 diligit,
366 5430 428 5488 istae
447 5432 510 5502 jam
535 5451 604 5490 meae
620 5437 700 5501 sunt,
717 5433 779 5490 eliac
793 5450 857 5489 csse
873 5450 929 5488 non

108 5526 242 5598 possunt.
259 5520 398 5593 Nunquid
414 5536 467 5594 ego
493 5521 569 5579 intro
594 5523 644 5580 ubi
668 5523 787 5580 castitas
804 5522 930 5595 regnat?

988 5098 1056 5136 mon
1073 5099 1079 5136 z
1098 5082 1146 5136 Dio
1163 5080 1234 5135 mihi
1251 5085 1317 5136 ante
1336 5083 1424 5136 ileum
1441 5082 1510 5155 quia
1526 5082 1579 5137 dns
1595 5082 1668 5138 mibi
1685 5082 1806 5139 animam

986 5169 1064 5224 iutra
1076 5185 1182 5241 corpus
1193 5169 1347 5237 inclusam,
1356 5187 1445 5242 quam
1461 5169 1565 5226 lucrer.
1578 5170 1654 5227 Dicit
1665 5172 1692 5239 ei
1702 5170 1806 5228 Narcis-

987 5275 1039 5313 sus
1056 5275 1063 5313 :
1079 5260 1152 5313 Ante
1176 5260 1265 5314 Deum
1291 5274 1389 5313 meum
1415 5258 1544 5330 spondeo
1569 5260 1649 5332 quod
1670 5260 1746 5317 dabo
1760 5255 1805 5316 tibi

987 5348 1116 5403 animam
1133 5348 1160 5402 in
1178 5363 1298 5418 corpore
1309 5347 1434 5421 positam
1446 5348 1664 5413 manducantis,
1672 5354 1702 5404 et
1711 5349 1804 5405 biben-

985 5436 1034 5500 tis,
1051 5441 1080 5492 et
1091 5435 1274 5500 dormientis,
1289 5439 1317 5489 ct
1332 5435 1436 5490 iterum
1452 5434 1611 5509 vigilantis.
1631 5435 1706 5494 Dicit
1720 5435 1803 5492 eida-

987 5540 1054 5578 mon
1070 5541 1075 5578 :
1092 5523 1176 5579 blodo
1188 5522 1260 5594 juba
1276 5539 1322 5579 me
1336 5522 1384 5578 bic
1401 5538 1519 5580 manere
1543 5523 1600 5580 ista
1625 5528 1721 5582 nocte.
1737 5520 1803 5581 Dicit
