3884 6084
123 296 201 365 “28
621 298 723 365 mse.
746 298 873 364 eaelo.
894 297 1094 364 semestre
1115 301 1148 364 S.
1171 298 1338 366 teuton.
1751 298 1829 369 ltdd

120 432 259 491 omnihus
274 434 427 508 appareret
441 431 534 491 oculis
550 430 580 490 in
595 432 769 491 celebranda
783 430 946 508 synodale
959 436 988 504 A
1001 431 1070 491 inde
1086 439 1280 493 memoratum
1293 433 1446 511 populum,
1462 436 1624 494 seeundum
1634 435 1829 498 institutionis

120 523 224 597 quasi
235 524 303 597 quis
317 539 457 580 erroneus
472 523 584 597 aliquid
596 523 743 589 frivolum,
753 522 797 579 vel
811 521 949 580 eeclesia·
1004 525 1068 596 ejus
1084 524 1171 581 verba
1186 525 1333 599 publicam
1346 527 1382 582 de
1397 525 1523 599 peccatis
1538 525 1600 582 suis
1616 527 1827 585 confessionem

119 613 198 672 stiae
210 612 344 687 religioni
355 614 510 671 adversum
523 631 653 671 asserere
669 617 867 687 presumeret,
879 629 949 686 erga
1003 616 1149 686 agentem.
1162 613 1300 683 absolvit;
1316 613 1518 687 explicitisque
1528 614 1635 671 divinis
1646 615 1750 672 officiis
1761 633 1828 690 apo·

118 701 694 776 buncvirlloiilliusvirtutispoteutiam
708 702 949 776 persuicerporis
1003 702 1136 760 stololiea
1157 704 1360 760 benedictione
1389 704 1576 760 sanctificans
1596 702 1679 760 illum
1702 704 1825 764 dimisit.

117 791 304 867 praeentiam
315 792 566 865 exhiberet,quam
578 793 674 849 adhue
684 793 714 848 in
729 792 839 848 mundo
849 790 948 848 vivens
1003 791 1156 849 Pontifices
1172 797 1282 862 autom,
1292 794 1548 867 eoenobiorumque
1563 797 1699 860 rectores,
1712 799 1740 850 et
1752 799 1827 853 eete-

117 898 187 955 erga
197 881 338 937 Arianum
353 880 524 938 haereticum
539 876 681 947 exhibuit,
693 882 740 938 cui
756 882 786 937 in
803 884 946 937 conventu
1002 898 1050 937 ros
1061 882 1136 937 sacri
1149 882 1260 938 ordinis
1271 883 1432 952 ministros,
1445 882 1495 955 qui
1507 882 1546 938 ibi
1557 883 1688 953 aderant,
1700 884 1736 939 ad
1747 900 1828 940 eum-

117 970 322 1044 episcoporum
334 970 483 1027 catholiam
493 971 562 1027 fidei
574 971 669 1028 lucem
681 968 815 1027 nebulosi
829 971 948 1042 dogma·
1002 969 1068 1026 dem
1083 970 1181 1028 locum
1197 971 1325 1028 erastino
1335 972 1427 1044 jussit
1440 972 1554 1042 reverti,
1571 976 1603 1028 ut
1618 989 1686 1028 cum
1701 971 1760 1029 illis
1774 973 1826 1029 ha·

116 1059 156 1115 tis
166 1059 271 1116 umbra
287 1058 459 1116 obnubilare
474 1059 616 1127 molienti,
629 1060 664 1116 ad
678 1061 835 1117 adventum
846 1075 946 1128 suum,
1001 1060 1082 1116 beret
1094 1060 1249 1127 rationem,
1260 1078 1349 1133 quam
1362 1061 1539 1130 condixerat,
1554 1062 1666 1135 synodi.

118 1147 218 1203 diviua
237 1147 343 1204 virtute
363 1148 493 1205 cilicium
519 1149 599 1205 vocis
623 1149 759 1217 extorsit;
784 1148 833 1204 sed
858 1145 946 1220 paulo
1227 1159 1340 1215 1>stng
1358 1159 1437 1214 Dies
1457 1157 1598 1215 SYNODI,

117 1239 265 1310 postcom
281 1236 386 1292 humili
407 1237 607 1294 satisfactione
621 1242 735 1295 reatum
752 1254 839 1294 suum
856 1253 946 1309 agno·
1037 1238 1226 1295 liniarem
1248 1237 1349 1306 altera,
1368 1255 1430 1311 quae
1450 1242 1495 1294 est
1511 1238 1614 1311 quinto
1629 1239 1727 1296 Nonas
1742 1239 1825 1297 Octo-

116 1327 369 1395 scentem‚anima
380 1327 568 1400 corporisque
579 1328 716 1383 eumdem
726 1326 947 1382 sanitatedona-
1000 1327 1071 1396 bris,
1084 1328 1251 1401 congregati
1265 1332 1335 1383 sunt
1349 1328 1378 1382 in
1392 1331 1553 1383 memorata
1562 1327 1685 1384 basilica
1696 1328 1825 1403 episcopi

116 1417 192 1481 turn,
204 1414 241 1470 ad
256 1413 333 1472 illios
345 1415 512 1489 adoptionis
527 1415 688 1473 transtulit.
698 1418 765 1482 Quae
780 1414 945 1488 perorantis
1000 1416 1134 1474 videlicet
1156 1434 1278 1473 numero
1302 1416 1416 1489 viginti,
1434 1433 1501 1472 cum
1527 1416 1742 1490 quinquaginta
1766 1418 1843 1475 lere·

115 1520 197 1576 pape
213 1503 336 1560 intentio
352 1520 387 1559 ex
401 1521 528 1577 superno
540 1504 682 1561 instinctu
699 1504 870 1577 procedens,
881 1504 946 1559 elle·
999 1506 1202 1573 abbatibus‚ct
1212 1505 1277 1562 aliis
1289 1505 1476 1562 ecclesiastici
1486 1505 1597 1561 ordinis
1608 1505 1822 1579 complurimis.

114 1598 163 1649 ctu
179 1592 260 1648 nullo
283 1593 370 1648 modo
385 1594 489 1661 caruit,
506 1592 584 1649 velut
609 1593 665 1649 boc
680 1591 856 1666 opusculum
880 1592 945 1649 leco
999 1594 1054 1651 Ubi
1069 1597 1168 1652 statim
1183 1599 1266 1652 vetus
1285 1595 1402 1667 querele
1419 1595 1494 1650 inter
1509 1595 1661 1650 Remeusis
1677 1599 1705 1651 et
1719 1596 1824 1651 Treve-

114 1698 168 1740 suo
182 1680 352 1738 declarabit.
364 1681 423 1738 Hac
444 1699 511 1756 ergo
526 1683 562 1739 de
582 1699 672 1739 causa
686 1683 728 1738 sic
749 1681 845 1738 locato
866 1681 943 1737 beati
999 1685 1094 1740 reusis
1109 1684 1320 1758 archiepiscopi
1342 1683 1463 1740 clericos
1476 1687 1521 1740 est
1545 1687 1697 1751 renovata;
1714 1683 1761 1740 his
1777 1701 1824 1741 as·

113 1770 237 1845 Remigii
249 1787 379 1844 corpore,
391 1772 536 1828 universis
546 1773 609 1844 [at.,
623 1771 801 1843 numerosis]
817 1770 942 1843 agmini·
997 1773 1405 1846 truentibusquiaRemeneis
1415 1773 1709 1845 primas(13)essetin
1719 1773 1822 1842 Gallia,

112 1860 169 1917 bus
188 1860 404 1934 episcoporum,
419 1861 570 1929 abbatum,
587 1860 810 1927 monachorum,
822 1857 942 1916 clerieo·
996 1859 1120 1935 ideoque
1130 1861 1172 1918 illi
1183 1862 1335 1936 dispositio
1346 1866 1521 1935 competeret
1531 1861 1684 1935 synodioa3
1696 1879 1712 1918 e
1722 1867 1824 1935 contra
1897 1868 1899 1871 ’

112 1965 191 2020 rum,
204 1966 255 2022 per
269 1948 373 2006 choros
387 1949 593 2007 decentissime
607 1949 770 2023 dispositis,
782 1950 941 2005 missarum
994 1968 1062 2008 vero
1079 1950 1121 2006 illi
1134 1951 1351 2025 archiepiscopo
1366 1950 1531 2007 'l'revirensi
1547 1951 1680 2007 eamdem
1696 1951 1823 2025 dignita·
1916 2024 1919 2029 Ι

112 2037 256 2095 solemnia
271 2038 349 2095 idem
366 2039 497 2112 pontifex
519 2056 555 2095 ex
576 2038 770 2095 dedicationis
785 2037 943 2094 celebravit
995 2044 1054 2097 tem
1073 2042 1256 2096 conabantur
1274 2041 1431 2107 ascribere,
1442 2040 1627 2113 primamque
1642 2040 1742 2096 sedem
1758 2045 1824 2113 post

111 2127 281 2196 festivitate;
307 2126 440 2201 lectoque
462 2128 626 2202 Evangelio,
638 2127 786 2201 pulpitum
801 2142 941 2183 conscen-
996 2131 1132 2187 Romanae
1154 2130 1289 2186 Ecclesia
1300 2129 1455 2203 presulem
1471 2129 1500 2184 in
1514 2128 1686 2185 celebrando
1700 2129 1822 2186 concillo

112 2217 186 2274 deus
201 2216 410 2273 exhortationis
426 2234 591 2274 sermonem
608 2218 676 2274 lecit
695 2218 731 2273 ad
748 2217 941 2272 circumstan·
994 2221 1156 2292 acquirere.
1168 2219 1300 2275 Deurnus
1310 2223 1409 2274 autem
1419 2235 1495 2291 papa
1507 2235 1564 2273 nou
1572 2217 1730 2275 arbitratus
1740 2234 1823 2290 opor·

113 2310 173 2362 tem
188 2305 340 2379 populum,
353 2307 403 2379 qui
418 2306 565 2379 plurimus
582 2306 764 2373 monasterii,
776 2311 809 2361 ut
827 2305 940 2361 dictum
994 2311 1100 2365 tanum
1124 2314 1243 2381 tempus
1259 2324 1317 2380 quo
1333 2306 1379 2363 his
1395 2307 1560 2362 rationibus
1580 2306 1691 2378 imponi
1713 2304 1823 2362 valeret
1862 2322 1865 2329 ·

112 2399 166 2465 eet,
179 2395 291 2451 loribus
301 2394 455 2461 obseratis,
467 2411 519 2468 per
529 2396 671 2452 fenestras
682 2394 873 2466 irrumpendo
883 2392 941 2448 sibi
994 2413 1142 2470 congruus
1157 2398 1236 2464 finis,
1248 2397 1298 2453 sed
1314 2398 1411 2469 potius
1423 2399 1557 2452 metuens
1569 2394 1741 2466 huiusmodi
1752 2411 1820 2452 oon·

111 2484 219 2540 fecerat
231 2483 402 2540 aditum.Ad
413 2500 500 2557 quem
514 2485 608 2542 multa
617 2502 651 2541 ex
661 2483 755 2558 ipsius
763 2481 865 2555 templi
875 2498 940 2538 san·
992 2488 1165 2544 troversiam
1179 2502 1368 2560 prorumpere
1378 2486 1414 2541 ad
1428 2484 1601 2541 scandalum
1613 2483 1821 2554 contentionis,

112 2573 285 2629 ctificatione
298 2573 486 2630 concionatus
500 2573 594 2640 utilia,
607 2573 685 2629 diem
698 2572 779 2628 iliam
795 2570 938 2627 celebrem
993 2576 1023 2632 in
1039 2576 1161 2632 modum
1176 2591 1288 2631 coronae
1308 2574 1412 2630 sedilia
1426 2575 1629 2646 episcoporum
1649 2573 1776 2644 disponi,
1792 2575 1822 2627 et

110 2678 175 2719 esee
189 2662 325 2735 precepit
339 2679 391 2735 per
402 2662 557 2720 Remensis
568 2661 708 2736 episcopii
719 2659 855 2728 confinia,
868 2675 939 2714 aua·
992 2665 1023 2721 in
1039 2665 1134 2720 medio
1149 2680 1250 2719 eorum
1264 2680 1323 2717 erre
1340 2662 1418 2718 sedis
1437 2666 1610 2734 suggestum
1627 2660 1763 2732 pracepit
1776 2659 1819 2715 lo·

111 2750 251 2807 thematis
262 2751 501 2822 panadamnans
511 2749 577 2807 illos
585 2748 747 2821 omnesqui
756 2748 791 2803 ad
802 2748 937 2802 eumdem
992 2753 1063 2823 cari,
1074 2753 1159 2823 cujus
1170 2750 1363 2807 ordinationis
1377 2749 1496 2805 modum
1509 2766 1544 2804 ex
1558 2748 1678 2806 arbitrio
1694 2749 1818 2804 Remen-

110 2838 209 2895 locum
224 2838 315 2909 hujus
324 2837 520 2894 solemnitatis
533 2837 626 2910 gratia
641 2853 692 2910 per
702 2834 835 2908 singulos
845 2850 938 2890 annos
992 2836 1818 2912 sisarchipraesulissanxitadministrari;quiconvooatis

111 2925 339 2992 confluentibus,
353 2925 398 2981 vel
413 2925 480 2981 inde
496 2925 699 2992 redeuntibus,
711 2923 837 2995 alicujus
848 2923 939 2994 impe·
992 2928 1216 2995 archidiaconis,
1225 2931 1254 2983 et
1263 2927 1430 2998 quibusque
1441 2925 1509 2982 cleri
1521 2926 1565 2982 sui
1577 2927 1816 2999 precipuis,cum

111 3014 235 3070 alimenti
251 3013 413 3086 irrogarent
426 3012 621 3069 incommoda.
633 3013 791 3070 Constituit
802 3013 890 3068 etiam
906 3015 939 3066 ut
991 3034 1093 3073 eorum
1108 3015 1241 3081 oonsilio,
1258 3015 1287 3070 in
1308 3016 1439 3083 niodum,
1451 3018 1483 3070 ut
1497 3016 1609 3071 dictum
1625 3019 1679 3081 eet,
1693 3032 1816 3086 corone,

111 3103 146 3158 ad
164 3101 254 3158 altare
270 3103 358 3175 quod,
373 3108 404 3157 ut
419 3103 571 3176 prelatum
586 3107 644 3170 est,
659 3102 689 3158 in
704 3101 814 3158 honore
826 3104 938 3172 aposta·
991 3106 1163 3178 pontificum
1177 3104 1289 3169 sedilia,
1301 3108 1329 3160 et
1340 3104 1369 3158 in
1381 3103 1477 3161 medio
1489 3105 1552 3177 ejus
1564 3103 1727 3177 apostolica
1738 3103 1817 3160 sedis
1868 3124 1878 3141 ‚

110 3191 207 3248 lorum
218 3191 293 3248 Petri
307 3195 336 3247 et
346 3191 600 3260 Pauli,Clementis
610 3195 638 3247 et
647 3189 849 3263 christophori
861 3206 937 3244 mar·
953 3170 975 3239 (i
992 3195 1127 3268 apparari
1143 3194 1211 3250 fecit
1224 3193 1364 3266 insignia,
1376 3192 1427 3249 His
1449 3193 1490 3249 ita
1513 3193 1675 3266 dispositis,
1692 3193 1819 3249 domnus

110 3285 218 3354 tyrum,
232 3278 410 3353 gloriosique
420 3279 595 3336 contessoris
610 3279 735 3353 Remigii
750 3294 937 3335 consecrave—
991 3302 1067 3358 papa
1081 3282 1311 3340 sacerdotalibus
1324 3282 1409 3353 quasi
1425 3283 1462 3338 ad
1475 3282 1682 3340 celebrandum
1696 3283 1818 3338 missam

111 3372 165 3438 rat,
178 3386 236 3425 non
251 3368 407 3425 indiscrete
422 3385 440 3424 a
454 3369 632 3443 quibusque,
639 3367 877 3434 sicuthactenue,
894 3383 939 3422 sa·

110 3461 262 3515 eroeaneta
285 3459 426 3531 mysteria
440 3461 605 3531 agerentur,
619 3459 669 3515 sed
686 3458 848 3515 secundum
875 3472 937 3512 mo·

110 3564 172 3604 rem
188 3547 326 3604 Romana
342 3545 488 3616 Ecclesie,
500 3549 612 3619 septem
627 3547 833 3603 tantummodo
846 3561 937 3602 sacer·

109 3635 203 3707 dotes,
215 3635 267 3708 qui
281 3634 311 3690 in
330 3635 381 3691 illa
395 3635 618 3709 congregatione
632 3635 781 3710 digniores
795 3635 938 3692 haberen-

109 3727 168 3792 tur,
180 3724 215 3780 ad
231 3724 284 3781 hoe
295 3723 425 3781 ollleium
436 3724 658 3797 deputarentur,
670 3724 724 3781 soli
740 3725 876 3782 Remensi
892 3745 937 3783 ar·

109 3812 822 3887 chiepiscopoipsiusquecenobiiahbati,ibidem
831 3816 938 3874 missas

109 3901 214 3974 egendi
230 3904 375 3975 potestate
400 3900 556 3969 eollats,et
569 3902 616 3957 cui
641 3901 719 3957 idem
741 3902 832 3959 abhas
856 3905 940 3962 daret

109 3989 269 4055 licentiam,
285 3995 362 4047 certe
382 3990 529 4047 interdum
544 3989 668 4047 rationis
682 3989 813 4063 exigente
826 3993 936 4064 gratia;

111 4095 164 4136 nee
179 4095 236 4135 nou
248 4078 324 4135 clero
339 4079 476 4135 Remensi
488 4078 576 4135 bisin
591 4095 679 4140 anno,
687 4079 760 4134 teria
771 4078 882 4136 scilicet
896 4098 938 4137 se·

991 3371 1093 3428 insulis
1105 3371 1269 3436 redimitus,
1282 3371 1426 3443 processit
1443 3387 1476 3426 ex
1491 3370 1617 3427 oratorio
1632 3374 1740 3428 sancte
1755 3370 1818 3427 'l'ri-

991 3461 1092 3516 nitatis
1106 3477 1174 3515 cum
1189 3475 1275 3516 cruce
1285 3463 1314 3515 et
1325 3459 1472 3532 Evangelii
1483 3458 1568 3527 libro,
1580 3460 1821 3517 antecedentibus

991 3566 1058 3606 eum
1074 3548 1148 3606 sacri
1168 3549 1280 3605 ordinis
1296 3548 1451 3616 ministris,
1468 3565 1575 3622 sexque
1599 3549 1649 3604 alii
1672 3565 1770 3606 coram
1785 3564 1820 3605 eo

992 3639 1192 3711 procedentes,
1205 3643 1271 3693 ante
1287 3643 1423 3693 sanetum
1438 3636 1528 3693 altare
1543 3653 1578 3693 ex
1592 3638 1706 3711 integro
1721 3640 1820 3694 cunta·
1900 3694 1906 3705 ,

991 3731 1096 3784 verunt
1106 3726 1297 3799 autiphonam
1308 3726 1419 3781 Exaudi
1433 3743 1482 3781 aaa
1492 3727 1622 3795 bomina-
1632 3742 1692 3798 qua
1707 3725 1821 3799 expleta

992 3833 1061 3874 cum
1084 3816 1198 3888 psalmo
1216 3821 1245 3871 et
1261 3815 1364 3880 Gloria,
1381 3813 1617 3886 archiepiscopus
1639 3815 1820 3871 'l'revireneis

992 3905 1124 3962 litaniam
1140 3904 1208 3961 lecit
1219 3921 1226 3959 ε
1238 3920 1329 3976 eaque
1341 3902 1435 3972 finita,
1446 3906 1621 3958 conventum
1631 3903 1820 3969 diaeonus,ut

992 3996 1028 4051 ad
1039 3995 1131 4050 Deum
1146 4008 1245 4066 preces
1256 3991 1428 4058 effunderet,
1436 3990 1598 4056 admonuit,
1607 3993 1635 4045 et
1644 3989 1686 4044 sic
1694 3989 1818 4060 tempori

992 4087 1200 4156 congruentem
1216 4081 1324 4135 domno
1339 4078 1498 4150 apostolico
1520 4078 1680 4133 oraticnem
1693 4076 1818 4146 dicente,

110 4167 452 4241 cundapaschalislesti,
465 4171 493 4223 et
504 4165 939 4241 vigiliaAscensionisDomini·
991 4170 1100 4228 lectum
1125 4175 1169 4226 est
1193 4166 1382 4240 Evangelium
1396 4169 1476 4223 llicit
1489 4168 1597 4223 Simoni
1618 4168 1697 4222 Petro
1720 4167 1819 4222 Iasae:

110 4273 161 4324 ce,
175 4257 292 4328 quando
307 4255 453 4313 solemnes
466 4254 526 4312 illic
541 4255 682 4312 stationes
702 4272 736 4311 ex
759 4257 882 4328 antiqua
896 4258 937 4313 la·
992 4261 1024 4317 Si
1036 4260 1189 4333 peccauerit
1204 4260 1233 4313 iu
1250 4266 1275 4312 te
1286 4259 1375 4328 frater
1387 4265 1459 4312 tace.
1473 4256 1540 4312 Post
1552 4255 1613 4311 hac
1624 4254 1819 4311 consederunt

110 4346 192 4402 ciunt
206 4345 373 4402 traditione.
394 4344 459 4401 Hac
479 4345 595 4401 decreta
618 4360 654 4400 ne
674 4344 832 4419 aliquando
857 4347 940 4404 irrita
993 4347 1281 4418 omnes,ordiuequo
1293 4345 1446 4401 Remeusis
1462 4343 1649 4416 archipresul
1661 4342 1819 4416 disposuit,

110 4435 215 4490 iterent
227 4435 401 4507 antiquitate
420 4433 572 4507 temporis,
588 4433 695 4489 litteris
718 4435 850 4492 mandari
869 4437 937 4509 (12),

993 4439 1119 4494 domnus
1130 4435 1247 4507 quidem
1260 4451 1335 4506 papa
1347 4434 1374 4488 iu
1387 4434 1533 4499 modio,ut
1543 4432 1655 4489 dietum
1665 4431 1819 4499 est,ehori,

110 4540 220 4597 easque
234 4523 343 4598 signari
355 4521 452 4596 sigillo
464 4539 524 4579 sua
538 4522 674 4595 pracepit
685 4525 879 4582 auctoritatis.
893 4531 943 4583 De·
957 4535 981 4600 Ι)
995 4544 1078 4583 verso
1091 4524 1172 4581 vultu
1188 4523 1224 4578 ad
1240 4522 1408 4595 sepulcrum
1424 4521 1501 4578 beati
1521 4520 1656 4594 Remigii,
1668 4524 1735 4578 ante
1750 4536 1818 4576 ocu·

147 4647 202 4720 (12)
214 4647 293 4704 Rana
302 4645 414 4703 bullam
425 4646 516 4703 babes
527 4645 612 4702 inira.
623 4645 710 4702 Porro
720 4645 797 4703 idem
809 4651 937 4719 pontifex

111 4718 209 4775 simile
223 4718 409 4792 privilegium
424 4719 567 4774 concessit
579 4717 663 4773 altari
679 4718 799 4798 maioris
810 4720 938 4779 ecclesiae

110 4789 303 4855 Coloniensis,
319 4791 369 4846 uhi
385 4793 497 4862 septem
514 4788 555 4844 illi
577 4788 737 4861 presbyteri
752 4789 938 4862 appellantur

109 4861 277 4930 cardinales,
293 4861 372 4933 qued
393 4864 451 4916 eta
465 4860 646 4934 Remigianis
670 4860 778 4916 nostrie
802 4861 936 4920 ohserva-

111 4936 170 4988 tur.
187 4932 252 4988 Haec
273 4937 371 4989 autem
387 4948 487 4989 rerum
501 4932 547 4987 die
569 4931 655 4987 esitio
668 4947 686 4986 a
701 4932 836 5004 pontifice
859 4935 936 4991 ordi-

111 5011 182 5085 nata
198 5003 341 5076 hodieque
355 5003 385 5059 in
396 5003 518 5061 basilica
562 5002 709 5076 emigiana
722 5007 856 5060 servatur
871 5006 937 5063 reli-

133 5091 204 5130 rese.

111 5092 132 5148 g
147 5147 205 5218 (13)
219 5146 393 5202 Remensem
408 5144 561 5203 ecclesiam
575 5147 701 5201 omnium
719 5148 797 5217 repat
811 5149 937 5205 ecclesia-

113 5233 175 5272 ram
186 5216 403 5289 caputappellat
415 5217 583 5273 Gerhertus.
596 5217 701 5273 Rarum
715 5222 860 5274 matrema
882 5220 938 5292 pel·

113 5287 288 5345 latCarolux
299 5306 358 5345 rex.
371 5288 426 5344 Alii
441 5289 508 5345 aliis
518 5289 614 5343 verbis
627 5288 758 5362 insignes
770 5291 849 5347 sedis
860 5237 937 5349 iesu

114 5359 251 5433 Remigii,
262 5376 365 5434 regum
376 5365 405 5416 et
413 5360 509 5433 gentis
519 5363 625 5415 nostra
635 5359 757 5432 apostoli
770 5364 798 5416 et
811 5363 936 5434 patroni,

114 5431 322 5504 prerogativae
333 5433 548 5504 expresserunt.
561 5430 714 5487 Remensis
728 5431 938 5507 archiepiscopi

113 5519 179 5558 esse
189 5502 278 5559 tetius
290 5502 388 5560 Gallia
399 5504 551 5576 episcopos
561 5502 597 5558 ad
614 5501 769 5558 concilium
780 5520 939 5562 convocare

114 5574 217 5631 scribit
230 5577 378 5632 Manassae
399 5573 429 5631 iu
448 5571 572 5648 epistola
584 5573 621 5630 ad
637 5572 810 5647 Gregorium
824 5576 875 5634 Vll
888 5593 938 5651 pa·

992 4644 1818 4723 pam,quemdiademarcqni,etc.,possiderelatetuero
1857 4642 1860 4647 ’

990 4718 1277 4778 carnotensistlnde
1300 4735 1335 4772 ex
1358 4718 1388 4773 S.
1401 4717 1557 4787 Bernardo,
1577 4733 1714 4773 coronam
1740 4715 1818 4788 regis

991 4811 1024 4849 oa
1047 4791 1172 4863 iti,quod
1186 4787 1312 4862 singulis
1326 4789 1407 4844 lestis
1417 4794 1487 4845 tuuc
1498 4789 1560 4844 lieri
1573 4788 1696 4856 solebat,
1710 4786 1819 4859 ubique

991 4810 1153 4922 Gailiaruru
1169 4862 1198 4916 in
1211 4860 1342 4916 ecclesiis
1357 4859 1584 4932 quibuscunque
1599 4858 1768 4931 imponebat
1784 4874 1819 4914 ex

992 4935 1069 4993 sedis
1082 4951 1141 4990 sue
1157 4931 1318 5006 privilegio.
1331 4931 1400 4987 Dure
1415 4947 1516 4987 cruces
1530 4948 1598 4987 eum
1615 4946 1731 5002 semper
1744 4946 1817 5003 prae-

991 5007 1143 5072 cedebant,
1154 5021 1187 5059 ex
1204 5002 1292 5059 veteri
1308 5002 1463 5058 Remensis
1477 5001 1607 5058 eoeleste
1621 4999 1739 5056 Rituali.
1757 5000 1816 5055 Pri-

991 5082 1104 5135 matum
1115 5074 1251 5133 Remeusi
1264 5073 1391 5130 ecclesia
1404 5074 1432 5128 in
1447 5073 1598 5129 universas
1607 5070 1716 5127 Gallias
1726 5088 1743 5127 a
1753 5073 1820 5128 bea·

990 5154 1020 5207 to
1036 5150 1119 5205 Petro
1147 5145 1287 5203 collatum
1317 5145 1408 5201 luisse
1429 5144 1531 5200 scribit
1557 5143 1644 5199 Fuleo
1668 5142 1818 5199 Hinemari

992 5234 1249 5290 successor,quam
1262 5217 1434 5288 dignitatem
1450 5214 1498 5270 alii
1514 5215 1549 5269 ad
1562 5214 1591 5269 S.
1604 5213 1687 5269 Remi
1709 5214 1729 5268 ii
1740 5215 1817 5270 vica-

992 5292 1099 5348 riatum
1115 5287 1308 5362 apostolicum
1325 5286 1438 5342 urulunt
1454 5285 1569 5341 reterre.
1586 5285 1677 5341 llodie
1719 5301 1817 5340 emen-

992 5363 1034 5419 sis
1049 5360 1212 5417 antistesS.
1225 5357 1478 5430 sedisapostolicae
1492 5356 1605 5429 legatus
1619 5360 1705 5412 natus
1715 5359 1745 5412 et
1755 5355 1819 5411 Gal·

992 5433 1099 5490 liarum
1121 5430 1302 5502 belgicarum
1332 5429 1442 5500 primas
1472 5431 1667 5501 nuncupatur,
1684 5430 1713 5482 et
1742 5427 1819 5481 inter

993 5504 1074 5577 regui
1090 5519 1223 5574 proceros
1240 5500 1324 5573 primi
1344 5499 1470 5555 liruuciae
1493 5501 1577 5558 ducis
1591 5517 1624 5557 ac
1640 5499 1719 5573 paris
1731 5497 1817 5554 titulo

994 5592 1028 5634 ae
1042 5572 1239 5649 prerogativis
1256 5571 1372 5645 gaudet.

1789 5776 1795 5807 l
