3884 6084
113 254 193 314 list
783 251 875 313 lll'lll
898 251 930 313 S.
954 250 1150 314 uoluatur.
1739 256 1818 346 iles

110 386 264 458 quentare,
289 382 405 455 sibique
430 383 597 456 sepulerum
626 382 665 438 ibi
696 399 866 455 praeparare.
884 380 937 437 Ubi
952 381 1075 448 Aomni
1100 382 1247 440 celeritate
1270 385 1432 458 Augustam
1457 384 1819 444 mittiturzoleumabeo

109 472 213 529 omnia
226 476 308 529 sexte
321 470 401 538 teria,
415 472 439 528 si
456 472 534 527 domi
549 475 635 540 esset,
652 469 764 528 solebat
779 469 938 526 salutarem
994 475 1196 527 consecratum
1211 473 1350 528 defertur.
1362 475 1423 539 Quo
1443 474 1472 528 in
1488 473 1552 546 ipsa
1567 479 1667 530 saneta
1682 476 1820 532 Penteco-

108 561 237 618 hostiam
252 559 376 616 Domino
393 559 555 616 immolare.
993 564 1053 614 stes
1068 559 1168 632 vigilia
1183 560 1254 616 hore
1269 561 1326 617 diei
1339 579 1417 618 nona
1428 561 1589 627 delibutus,
1603 563 1749 619 intantum
1768 580 1820 635 per

111 711 115 717 .
145 654 212 706 cnr.
233 648 305 705 XVl.
329 680 363 689 -
388 649 502 705 Interea
529 648 669 705 orationis
699 664 787 704 eausa
815 648 937 703 Romam
993 648 1178 721 gratiamDei
1189 655 1290 706 eontra
1304 668 1385 722 spem
1402 651 1533 707 omnium
1549 651 1646 707 subito
1661 650 1816 720 convaluit,

109 736 307 814 perrexit‚ubi
319 734 938 811 etcaputsanctidbundiimartyrisaequi-
993 742 1027 792 ut
1041 753 1072 792 so
1087 738 1218 794 reficeret
1238 739 1302 795 cibo
1326 756 1359 795 ac
1384 756 1451 795 cum
1481 739 1620 797 iratribus
1646 740 1817 813 vespertine

109 827 360 900 sivit,secumquo
376 825 591 899 religiosarum
608 825 760 880 devotione
776 827 938 897 Augustam
994 826 1094 898 synavi
1127 826 1284 883 incolumis
1314 829 1478 896 interesset,
1500 831 1651 900 totamque
1679 827 1817 885 instantis

109 915 401 990 reportavit.Solebat
416 915 481 970 loca
497 919 600 972 sancta
614 914 741 978 visitare,
752 930 784 970 ae
795 908 939 987 praecipue
993 914 1159 970 festivitatis
1184 915 1260 971 diem
1286 916 1411 989 spiritali
1432 917 1619 989 jucunditate
1647 916 1816 973 celebraret.

111 1004 324 1062 monasterium
336 1005 429 1060 saneti
440 1003 524 1071 Gelli,
538 1004 586 1058 ubi
596 1003 725 1065 nutritus
736 1003 939 1059 eretoterudi·
993 1003 1109 1076 Sicque,
1126 1004 1263 1061 omnibus
1278 1005 1306 1060 in
1332 1021 1487 1061 commune
1512 1005 1739 1079 gratulantibus,
1756 1005 1819 1080 ipse

110 1100 170 1151 tus.
188 1094 258 1149 lude
282 1110 350 1149 cum
374 1093 501 1165 quodam
524 1096 654 1163 tempore
669 1092 704 1146 ad
721 1090 825 1146 cellam
846 1090 939 1146 sancti
994 1108 1095 1164 sospes
1112 1092 1141 1147 in
1158 1111 1243 1148 suam
1259 1094 1357 1149 sedem
1373 1099 1417 1150 est
1432 1111 1575 1151 reversus.

111 1181 266 1249 bleinradi,
283 1182 319 1237 ad
336 1181 493 1236 videndum
524 1197 639 1235 servum
667 1179 716 1235 Dei
741 1179 938 1235 uverhnrdum
1029 1184 1095 1237 Car.
1113 1181 1408 1249 livill—Quodam
1439 1188 1569 1257 tempore
1598 1200 1665 1239 cum
1695 1184 1740 1239 vir
1768 1184 1819 1241 Dei

109 1271 249 1339 venisset,
264 1276 330 1343 post
350 1286 434 1326 sacra
449 1270 613 1326 orationum
628 1268 782 1336 libamina,
800 1273 867 1341 post
882 1268 938 1324 ira·
993 1270 1146 1325 Vindicem
1162 1270 1285 1326 fluvium
1300 1276 1378 1327 esset
1391 1272 1734 1339 transiturus,iutantum
1746 1272 1819 1330 alvei

111 1365 201 1417 ternae
216 1359 380 1415 collationis
393 1359 491 1414 dulcia
505 1357 631 1429 eloquia,
645 1374 713 1413 cum
725 1358 789 1427 jam
807 1356 938 1429 praeliba·
994 1359 1057 1429 ejus
1074 1375 1193 1414 cursum
1214 1361 1376 1416 excrevisse
1390 1360 1511 1428 invenit,
1535 1365 1567 1416 ut
1581 1359 1681 1417 nullus
1697 1377 1819 1418 suorum

110 1449 272 1506 tisosculis
285 1453 404 1505 sanctus
420 1448 575 1519 episeopus
591 1446 786 1519 disposuisset
798 1447 892 1501 redire
909 1445 938 1500 in
993 1447 1115 1502 auderet
1128 1449 1254 1503 transire
1270 1465 1321 1520 per
1336 1449 1430 1504 illum.
1445 1450 1527 1505 Tune
1541 1448 1627 1505 sociis
1643 1448 1689 1504 sui
1705 1448 1819 1505 itineris

111 1542 217 1605 sumet
232 1554 266 1593 ea
279 1537 340 1592 viee
355 1541 486 1610 speraret
499 1536 548 1591 Dei
566 1535 709 1590 t'amulum
733 1552 789 1591 non
811 1533 939 1607 amplius
993 1535 1181 1603 abeuntibus,
1199 1540 1227 1591 et
1250 1537 1369 1604 vadum,
1387 1536 1479 1593 sicubi
1505 1542 1604 1610 posset
1631 1535 1766 1609 reperire,
1782 1537 1818 1593 ad

111 1627 327 1690 essevisurum,
332 1627 454 1697 jamque
465 1626 506 1680 ire
518 1625 662 1695 caepisset,
672 1622 939 1680 festinatoanhelus
993 1625 1206 1680 transeundum
1218 1625 1426 1697 quarentibus,
1436 1626 1497 1699 ipse
1508 1642 1575 1681 eum
1589 1643 1647 1682 uuo
1657 1625 1761 1682 clerico
1771 1643 1819 1682 so-

111 1715 251 1783 cacurrit,
269 1718 356 1785 atque
381 1713 500 1795 iterans,
515 1712 616 1768 oscula
640 1711 806 1779 eharitatis,
819 1712 848 1766 in
865 1711 939 1766 hanc
956 1748 977 1812 B
993 1711 1196 1778 lusremansit,
1207 1714 1415 1786 aepreedictum
1430 1713 1819 1787 lluviumsiaealiquatrepi·

111 1821 213 1860 vocem
223 1802 472 1875 lacrymabundus
487 1801 601 1874 erupit:
616 1800 654 1855 llx
669 1800 723 1855 hac
738 1800 810 1855 hora
824 1818 882 1855 non
897 1801 938 1854 vi·
994 1800 1110 1856 datione
1123 1803 1153 1856 in
1173 1802 1292 1857 norrrine
1316 1802 1432 1858 Domini
1457 1802 1601 1858 transivit.
1617 1804 1661 1872 lit,
1677 1808 1710 1858 ut
1724 1802 1819 1875 magis

111 1892 248 1951 debimus
265 1907 317 1946 nos
334 1889 457 1946 ulterius
470 1890 499 1944 in
515 1890 569 1944 hac
583 1890 651 1956 vita,
662 1890 753 1944 donec
768 1889 938 1960 corporibus
994 1887 1120 1955 mireris,
1136 1889 1258 1947 clericus
1274 1890 1369 1947 altiori
1390 1890 1502 1948 caballo
1524 1891 1654 1949 residens
1669 1909 1686 1947 a
1702 1891 1819 1965 cingulo

111 1980 240 2054 exempti
250 1980 346 2036 videre
358 1995 410 2034 nos
422 1994 589 2034 mereamur
600 1978 629 2032 in
641 1977 795 2050 prasentia
809 1976 870 2032 Dei.
887 1977 938 2032 oui
994 1976 1130 2033 deorsum
1143 1994 1174 2034 se
1190 1983 1283 2035 totum
1300 1979 1328 2034 in
1345 1997 1421 2052 aqua
1436 1980 1626 2036 inlusum:de
1634 1979 1763 2054 episcopi
1771 1997 1820 2036 eu·

110 2071 270 2144 episcopus
288 2068 361 2124 dixit
377 2085 383 2123 :
401 2068 485 2123 Pater
511 2067 684 2134 venerande,
701 2067 759 2122 scis
783 2084 862 2122 nunc
886 2082 938 2139 pro
994 2069 1053 2121 tem
1070 2067 1163 2123 soccis
1178 2083 1194 2124 e
1209 2084 1280 2141 sago
1302 2068 1397 2135 laetis,
1414 2085 1489 2140 quos
1518 2072 1635 2142 propter
1658 2069 1750 2143 trigus
1774 2069 1818 2125 iu-

111 2163 192 2216 ccrto
202 2162 320 2230 tempus
332 2173 401 2212 mem
414 2155 601 2212 resolutionis
617 2157 736 2219 instare,
747 2172 804 2226 quo
815 2155 937 2210 debeam
993 2153 1106 2223 deerat,
1124 2171 1176 2209 nec
1191 2155 1295 2211 saltem
1311 2173 1403 2211 unum
1425 2155 1519 2228 pilum
1543 2156 1738 2212 madefactum
1753 2174 1818 2230 per·

110 2247 279 2305 exhacvita
289 2245 490 2319 migraretcui
504 2245 550 2300 ille
562 2244 719 2316 respondit.
729 2244 808 2299 ltinis
819 2243 937 2316 quidem
993 2242 1096 2314 spexit.
1108 2242 1252 2299 Guivalde
1262 2260 1351 2316 super
1366 2243 1421 2299 hoc
1437 2245 1595 2300 admiranti
1610 2243 1818 2301 interminatus

109 2337 178 2392 vitre
193 2340 250 2391 tuae
264 2335 360 2391 adbuc
373 2351 429 2390 non
447 2332 511 2388 erit.
524 2332 579 2387 Sed
596 2349 695 2387 verum
712 2332 861 2404 essequod
873 2332 938 2386 dico
992 2336 1046 2400 est,
1058 2332 1159 2387 dicens
1171 2350 1177 2387 :
1190 2332 1272 2400 Cave,
1285 2349 1321 2387 ne
1344 2332 1440 2387 adhue
1454 2337 1590 2389 manente
1604 2333 1633 2388 in
1649 2350 1746 2403 earne,
1762 2333 1817 2390 hoc

106 2425 207 2482 exitus
223 2424 263 2480 rei
287 2422 498 2497 comprobabit.
516 2423 598 2477 'l'unc
621 2422 785 2478 discessum
811 2425 864 2477 est.
881 2420 936 2477 Sed
992 2418 1080 2475 alicui
1095 2420 1211 2477 dicore:
1229 2420 1406 2476 humilitatis
1422 2421 1596 2494 magistrum
1611 2438 1748 2494 sequens,
1766 2422 1818 2495 qui

108 2518 269 2586 antequam
286 2511 442 2585 episeopus
457 2511 588 2567 eamdem
612 2511 713 2566 cellam
739 2510 876 2577 visitavit,
890 2508 938 2564 illo
992 2508 1027 2563 de
1043 2509 1200 2581 semetipso
1214 2509 1368 2582 discipulis
1382 2509 1518 2582 praecepit
1531 2516 1565 2566 ut
1575 2511 1716 2567 visionem
1726 2527 1816 2582 quam

109 2602 164 2660 uei
180 2601 309 2658 famulus
332 2600 517 2656 Everhardus
540 2600 576 2656 dc
600 2599 654 2654 boc
670 2598 775 2655 saeculo
790 2597 936 2671 migravit.
992 2596 1134 2653 vidissent
1158 2598 1269 2654 nemini
1285 2599 1424 2666 dicerent,
1442 2598 1532 2654 donec
1548 2597 1639 2655 Filius
1655 2599 1817 2654 hominisa

110 2690 254 2747 Processu
270 2705 385 2761 quoque
396 2687 536 2759 temporis
547 2686 643 2744 locum
654 2685 937 2760 Agauuensiurn,ubi
992 2686 1117 2741 mortuis
1131 2692 1304 2758 resurgeret.
1317 2687 1379 2741 Tua
1389 2690 1459 2742 sunt
1469 2686 1539 2754 hene,
1551 2702 1568 2741 o
1579 2685 1701 2752 Christe,
1717 2702 1815 2758 opera,

109 2782 234 2835 sanetus
243 2777 396 2833 Mauritius
407 2793 473 2831 cum
484 2773 937 2849 sacralegionequiescit,orandi
993 2777 1110 2828 tuarum
1122 2775 1284 2847 gratiarum
1296 2774 1486 2846 insignia,qui
1498 2774 1527 2828 in
1540 2774 1648 2831 sanctis
1660 2774 1718 2831 tuis
1728 2774 1817 2831 etiam

109 2862 937 2941 gratiaadivit,ecnonmodieas'l'bebaorummartyrum
993 2879 1071 2918 nunc
1086 2863 1207 2939 antiqua
1230 2878 1384 2918 coruscare
1409 2862 1481 2919 sacis
1496 2861 1653 2919 mirabilia.
1669 2863 1722 2931 Qui
1738 2863 1818 2919 enim

110 2954 254 3028 reliquias
267 2953 431 3025 aequisivit.
449 2955 526 3019 Quas
543 2969 609 3007 cum
626 2969 741 3008 summo
757 2950 866 3007 honore
880 2950 938 3004 Au-
992 2951 1033 3006 illi
1060 2952 1180 3024 antiquo
1210 2951 1397 3007 Hebraeorum
1422 2949 1540 3024 populo,
1557 2953 1706 3025 quondam
1725 2951 1818 3008 diviso

109 3049 233 3119 gustam
248 3040 355 3111 attulit,
367 3059 400 3098 aa
414 3042 443 3097 in
462 3041 586 3097 oratorio
602 3045 709 3095 sanctae
725 3039 775 3095 Dei
790 3037 938 3112 genitricis
994 3039 1067 3094 mari
1080 3040 1578 3112 liubra,aridnmiterpreebuisti,tu
1588 3039 1818 3097 bunclamulum

111 3149 183 3191 cum
198 3131 316 3206 hymnis
331 3135 359 3187 et
374 3129 547 3203 psalmodiis
563 3129 698 3202 religiose
714 3127 873 3183 collocavit.
888 3127 939 3183 His
954 3111 975 3178 C
994 3133 1078 3184 tuum
1089 3129 1225 3200 peridem
1234 3128 1410 3185 elementum
1419 3129 1817 3187 siceisvestibustraduxistit

103 3210 939 3297 'quoquediebusvenerabilisherosadmoaasteriumln·

111 3306 941 3381 sulanense,quodaugiadiciturtvenit]abitunetempo-

111 3394 939 3470 risDominicigregisvirvenerandus,nominertluviguS,

112 3504 217 3545 euram
233 3487 333 3560 gessit.
349 3485 403 3550 Qut
425 3502 492 3540 eum
515 3485 613 3556 digno,
632 3490 663 3539 ut
677 3501 730 3556 par
744 3488 816 3553 erat,
832 3482 941 3539 honore

112 3575 292 3648 suscipiens,
309 3573 521 3647 multiplicibus
546 3577 713 3628 sanctarum
738 3572 939 3644 reliquiarum,

112 3680 244 3739 quarum
260 3663 355 3738 gratia
370 3663 419 3718 illo
436 3662 601 3727 advenerat,
619 3661 791 3734 pignoribus
812 3659 940 3728 donavit,

113 3752 218 3826 sicque
232 3753 267 3808 ad
285 3752 403 3825 propria
417 3751 515 3806 latum
534 3750 627 3805 redire
643 3750 784 3822 permisit.

150 3843 220 3898 Cae.
236 3840 322 3897 xva.
339 3872 372 3881 -
388 3840 445 3895 Nec
459 3840 694 3911 praetereundum
721 3838 809 3910 quod,
826 3841 943 3910 propter

114 3929 212 4005 ipsius
227 3927 475 4001 merita,plurima
491 3927 615 3983 infirmis
631 3927 846 3999 praestabantur
860 3926 944 3980 bene-

114 4019 184 4075 sscia
201 4035 208 4073 :
225 4022 254 4073 et
270 4017 394 4073 maxime
417 4017 468 4089 qui
486 4017 594 4072 caduco
618 4015 815 4088 gravabantur
830 4014 942 4079 morbo,

114 4122 169 4181 per
178 4106 243 4177 ejus
254 4104 488 4161 benedictionem
501 4109 609 4160 atanto
622 4104 823 4159 liberabantur
834 4103 943 4157 incom-

115 4194 215 4250 πιοάο.
223 4193 304 4260 Quod
320 4194 361 4248 ita
369 4192 544 4249 humilitatis
561 4210 649 4248 causa
665 4191 943 4257 studuiloccultare,

115 4288 150 4339 at
171 4283 198 4338 si
221 4284 294 4339 sorte
319 4283 408 4355 aliqui
432 4282 549 4338 illorum
565 4282 640 4337 hanc
660 4283 796 4338 sanitatis
820 4280 943 4354 gratiam

115 4368 217 4447 pelam
232 4370 424 4445 postularent,
442 4372 551 4427 donum
568 4371 779 4426 benedictionis
794 4368 946 4425 subtrahe-

116 4464 173 4528 ret,
189 4459 245 4516 hoc
260 4460 355 4534 magis
372 4477 507 4517 asserens
523 4460 687 4532 apostoliea
704 4459 839 4531 dignitati
856 4475 945 4530 quam
960 4481 985 4546 D

117 4565 181 4607 sues
198 4565 359 4622 congruere
374 4550 519 4622 parvitati.
537 4550 590 4605 Per
604 4548 759 4613 oleum,er
775 4564 808 4603 eo
822 4547 850 4601 iu
866 4563 948 4602 eoena

104 4628 241 4696 'Domini
264 4643 478 4708 consecratum,
495 4638 585 4694 variis
612 4637 803 4710 languoribus
829 4636 947 4705 detenti,

117 4725 252 4802 pristiuae
263 4727 390 4783 restituti
403 4731 473 4782 sunt
484 4727 616 4783 sanitati:
628 4742 679 4781 nec
690 4743 748 4781 non
760 4730 787 4779 et
798 4724 949 4781 oculorum

118 4813 247 4888 ealigine
275 4816 468 4882 obtenebrati,
491 4815 580 4887 hujus
606 4814 697 4869 saneti
729 4813 783 4869 olei
814 4814 950 4869 unctione

118 4901 314 4958 merebantur
330 4902 500 4957 illuminari.

106 4980 109 4985 ’
156 4989 259 5063 Opere
280 4991 407 5064 pretium
432 4996 477 5048 est
502 4990 608 5047 inferre
630 4990 756 5062 qualiter
776 4990 863 5046 etiam
890 4991 951 5062 ipse

108 5084 174 5155 'per
185 5079 348 5137 efficaciam
364 5081 455 5153 hujus
470 5081 561 5136 saneti
582 5079 705 5152 liquoris
721 5084 895 5136 consecutus
906 5085 950 5136 est

120 5166 250 5243 gratim
265 5168 427 5242 sospitatis.
438 5170 569 5237 Quodam
585 5168 684 5241 itaque
699 5172 829 5241 tempore
839 5169 876 5224 ed
888 5186 950 5225 mo·

106 5246 288 5314 'nuteriam
304 5258 537 5332 campidonense
551 5259 770 5325 veniens,tanta
782 5258 952 5314 infirmitate

105 5334 331 5415 'waebatunut
342 5364 399 5402 uon
414 5346 470 5404 nisi
487 5347 562 5403 inter
577 5346 701 5403 eliorum
718 5364 824 5402 manus
839 5351 952 5402 susten-

119 5437 215 5517 tatus,
232 5451 383 5511 quoquam
399 5440 499 5510 posset
521 5452 655 5509 gressum
679 5452 804 5504 movere,
821 5435 864 5490 vel
881 5435 951 5510 quid

121 5520 181 5583 cibi
207 5540 261 5600 pro
286 5525 464 5585 recreatione
492 5524 597 5583 virium
625 5523 783 5601 percipere.
800 5526 882 5583 Teuc
897 5526 952 5583 seb

995 3219 1051 3274 nisi
1068 3219 1145 3291 quod
1161 3218 1220 3275 illis
1233 3237 1314 3292 aquae
1330 3224 1413 3276 erant
1427 3237 1479 3293 pro
1494 3220 1588 3276 muris
1603 3237 1620 3276 e
1634 3219 1743 3276 dextris
1757 3225 1785 3276 et
1802 3236 1820 3276 a

995 3307 1176 3377 sinistris,ut
1190 3307 1276 3364 siccis
1291 3308 1421 3382 vestigiis
1435 3326 1486 3381 per
1497 3308 1626 3364 medium
1641 3307 1817 3365 transirent:

995 3396 1049 3454 iste
1064 3414 1130 3453 vero
1144 3415 1194 3469 por
1213 3397 1325 3453 medias
1348 3398 1495 3455 transiens
1510 3415 1653 3470 equarum
1670 3398 1775 3470 undas,
1788 3397 1818 3453 in

996 3485 1077 3542 nullo
1093 3487 1284 3556 madefactus,
1301 3503 1332 3542 se
1348 3487 1422 3543 duce
1437 3488 1568 3560 pervenit
1592 3488 1627 3543 ad
1651 3487 1743 3543 littus.
1756 3487 1819 3543 Alio

996 3575 1065 3630 item
1082 3579 1212 3648 tempore
1226 3577 1295 3631 dum
1319 3576 1510 3633 Ratisbonam
1526 3576 1640 3649 navigio
1656 3593 1707 3649 per
1721 3575 1820 3632 Danu·

997 3664 1077 3719 bium
1094 3664 1234 3732 tenderet,
1248 3682 1282 3721 ex
1306 3665 1418 3721 incuria
1447 3670 1606 3721 nautarum
1630 3665 1710 3722 navus
1732 3682 1821 3738 super

996 3754 1145 3825 quoddam
1170 3753 1345 3827 impingitur
1368 3753 1481 3827 lignum
1499 3772 1505 3809 :
1523 3772 1557 3809 ex
1572 3771 1630 3826 quo
1652 3754 1821 3828 petentibus

997 3842 1081 3898 rimis
1091 3842 1178 3914 coepit
1189 3842 1330 3914 paulatim
1346 3841 1461 3914 impleri
1473 3841 1568 3915 aquis.
1581 3843 1696 3898 Timore
1711 3847 1820 3915 perter-

997 3930 1045 3986 riti
1060 3934 1165 4000 neutre,
1182 3931 1218 3984 ad
1234 3930 1318 3985 littus
1334 3930 1514 3986 contendunt
1531 3946 1662 4002 propere.
1679 3930 1741 3995 Ouo
1755 3946 1821 4003 per·

997 4019 1157 4086 venientes,
1173 4019 1311 4074 omnibus
1336 4037 1398 4091 quae
1423 4018 1452 4072 in
1474 4018 1539 4074 nevi
1555 4023 1638 4074 erant
1651 4016 1820 4091 exportatis,

999 4105 1079 4162 obliti
1097 4111 1166 4162 sunt
1181 4107 1308 4179 episcopi
1324 4106 1352 4162 in
1370 4106 1460 4180 puppi
1475 4105 1640 4163 residentis.
1653 4108 1734 4162 Tunc
1745 4122 1823 4162 unus

999 4212 1033 4250 ex
1045 4194 1168 4260 clericis,
1185 4195 1305 4250 trahens
1322 4195 1450 4268 suspiria
1464 4211 1498 4250 ex
1517 4195 1620 4250 intimo
1636 4193 1741 4259 cordis,
1757 4193 1798 4248 ait
1814 4209 1821 4248 :

999 4283 1046 4337 Vae
1070 4285 1154 4340 nobis
1176 4283 1302 4350 miseris,
1319 4284 1389 4356 quia
1418 4284 1447 4338 in
1473 4288 1554 4340 tanto
1584 4282 1713 4357 periculo
1741 4281 1824 4338 obliti

1000 4390 1104 4428 saurus
1134 4372 1223 4428 nostri
1251 4372 1383 4428 senioris.
1409 4373 1443 4427 lit
1471 4373 1531 4428 hae
1559 4373 1672 4443 dicens,
1694 4369 1824 4427 velocius

1000 4459 1140 4527 cucurrit,
1157 4465 1185 4514 et
1201 4458 1332 4515 humeris
1348 4459 1517 4532 impositum
1531 4460 1567 4515 ad
1582 4459 1667 4516 littus
1680 4457 1823 4532 exposuit.

1002 4551 1063 4615 Quo
1085 4564 1202 4620 egresso
1220 4548 1301 4604 navis
1316 4547 1346 4603 ia
1367 4548 1519 4620 posteriori
1534 4553 1615 4621 parte
1631 4547 1781 4622 mergitur,
1797 4550 1827 4602 et

1004 4637 1112 4692 mirum
1129 4637 1157 4691 iu
1170 4637 1290 4692 modum
1307 4637 1398 4704 navis,
1410 4654 1474 4709 qus
1483 4637 1568 4711 plena
1579 4641 1641 4693 erat
1656 4634 1826 4692 bominibus

1005 4726 1174 4798 caterisque
1198 4724 1429 4797 supellectilibus
1446 4742 1535 4800 super
1558 4742 1650 4798 aquas
1666 4725 1825 4789 nataverat,

1004 4813 1064 4869 viro
1080 4815 1130 4869 Dei
1155 4831 1221 4869 eum
1247 4815 1309 4870 suis
1333 4813 1510 4888 egrediente,
1525 4831 1583 4870 non
1605 4811 1827 4886 potuitdiutius

1006 4904 1076 4976 quin
1093 4907 1274 4975 mergeretur
1296 4904 1456 4960 subsistere
1472 4921 1479 4958 :
1493 4908 1526 4959 ut
1550 4903 1619 4959 inde
1642 4901 1828 4975 colligeretur

1005 4991 1075 5066 quia
1095 4990 1171 5047 hane
1196 4992 1381 5064 omnipotens
1406 4997 1482 5048 Deus
1506 5009 1558 5048 sua
1583 5007 1672 5046 manu
1694 4993 1829 5047 tenuerat

1004 5080 1121 5153 quando
1136 5080 1179 5134 vir
1192 5079 1243 5135 Dei
1258 5096 1325 5134 eum
1340 5080 1403 5135 suis
1421 5080 1451 5136 in
1473 5097 1507 5137 ea
1522 5079 1668 5135 manebat.
1686 5083 1757 5134 ltem
1772 5076 1829 5134 alia

1004 5171 1065 5225 viee
1080 5168 1123 5224 vir
1139 5167 1190 5224 Dei
1212 5168 1335 5223 Romam
1360 5185 1479 5242 pergere
1503 5168 1674 5225 desiderans
1698 5168 1777 5224 veuit
1791 5167 1827 5224 ad

1006 5257 1128 5314 fluvium
1138 5257 1194 5312 Tar
1205 5256 1399 5325 nominatum,
1413 5274 1499 5328 quem
1510 5262 1570 5313 tam
1581 5256 1830 5330 periculosarcpe·

1006 5348 1043 5403 rit
1060 5346 1251 5402 inundatione
1267 5345 1403 5414 effusum,
1421 5350 1453 5401 ut
1477 5363 1529 5402 aee
1555 5362 1630 5419 equo
1645 5362 1697 5402 noc
1712 5344 1829 5417 navigio

1006 5436 1112 5510 aliquis
1132 5439 1230 5507 posset
1243 5435 1368 5490 transire
1387 5432 1672 5492 illum.Sedsanctus
1701 5433 1830 5509 pontifex

1007 5525 1145 5584 tidueiam
1174 5522 1287 5581 habens
1311 5522 1340 5580 iu
1366 5524 1433 5594 Deo,
1455 5523 1607 5585 celebratis
1621 5523 1651 5583 in
1666 5522 1760 5598 ipsius
1775 5522 1829 5581 tlu-
