3884 6084
126 281 207 356 l'l‘iD
636 305 640 311 ’
664 288 859 352 BDRNDNIS
881 287 1047 352 ABBATIS
1069 289 1287 357 auctuusls.
1630 339 1636 348 .
1752 294 1782 357 il

160 428 203 485 Oi.
221 426 393 483 Benediram
410 423 542 479 Domino.
960 427 1065 496 porat
1079 422 1108 479 in
1126 421 1269 498 principia
1284 427 1313 480 et
1327 440 1405 480 anne
1420 427 1449 481 et
1472 440 1601 498 semper,
1615 429 1645 482 et
1670 424 1702 482 in
1725 440 1782 484 sec

427 512 644 570 communiones.
1004 512 1187 569 seculorum.
1204 516 1305 571 Amen.

159 610 239 666 Com.
255 607 326 662 Ecce
340 603 428 675 Virgo
443 617 523 658 conc.
1348 603 1487 663 umentia

158 698 239 755 Com.
256 696 315 751 Vos
327 694 378 768 qai
393 691 499 749 secuti.
1037 690 1124 748 Grad.
1139 692 1179 748 De
1194 693 1429 751 necessitatibus.

157 792 237 844 Com.
253 785 307 850 Oui
322 783 386 840 vult
399 781 507 840 venire.
1037 780 1123 837 Grad.
1140 782 1274 839 Universi
1288 782 1338 856 qni
1354 787 1392 840 te.

156 880 237 933 Gom.
252 874 340 931 Panis
352 888 439 946 quem
454 886 518 943 ego.
1036 869 1123 926 Grad.
1139 871 1180 927 Ne
1193 877 1307 928 avertas
1324 873 1437 930 taciem.

157 965 238 1023 Gom.
254 962 404 1035 Principes
420 956 565 1032 persecuti
584 959 664 1014 sant.
805 948 808 954 ’
1035 958 1122 1016 Grad.
1138 961 1256 1034 Angelis
1271 961 1344 1018 suis.

157 1054 239 1113 Gom.
256 1051 516 1110 Manducavernnt.
1135 1058 1139 1066 ’
1345 1051 1476 1108 Alleluia⁴

156 1145 238 1202 Gom.
252 1142 325 1200 Cam
340 1140 504 1196 invocarem
517 1140 556 1192 te.
778 1130 781 1134 ⁴
1034 1137 1078 1193 Al.
1096 1138 1161 1196 Dies
1177 1139 1387 1197 sanctificatus.

156 1233 237 1291 Com.
254 1230 386 1297 Domine,
400 1226 544 1284 Dominus
559 1227 666 1281 noster.
1033 1227 1079 1284 Al.
1095 1228 1185 1285 Viden
1201 1229 1298 1286 eoelns.

155 1327 235 1380 Gom.
250 1322 372 1378 Cantnte
387 1316 520 1374 Domino.
1032 1315 1077 1372 Al.
1095 1316 1238 1374 Dominus
1253 1319 1394 1391 regnavit.

155 1417 235 1469 Com.
252 1409 393 1473 Gaudete,
408 1403 497 1462 Justl.
1333 1409 1489 1481 Offertoria

154 1501 234 1557 Com.
250 1497 369 1555 Psallite
383 1493 517 1551 Domino.
1033 1494 1077 1551 Ol.
1093 1495 1222 1553 Laudate
1236 1496 1405 1553 Dominum.

155 1591 236 1647 Gom.
252 1585 342 1644 Petite
357 1590 386 1641 et
399 1584 491 1656 accip.
1033 1584 1077 1638 Ol.
1095 1585 1225 1658 Protege,
1239 1585 1370 1658 Domine.

154 1684 234 1736 Com.
250 1674 473 1733 Conlundantur
487 1668 615 1743 superbi.
863 1710 872 1738 .
1032 1672 1076 1728 Oi.
1092 1673 1143 1728 Vir
1156 1679 1219 1730 erat
1231 1675 1260 1730 in
1276 1681 1363 1732 terre.

154 1770 234 1826 Com.
251 1765 416 1822 Posuerunt
431 1763 518 1817 mort.
1033 1762 1076 1817 Ol.
1093 1764 1136 1818 Ad
1152 1768 1189 1832 te,
1205 1763 1338 1833 Domine,
1354 1764 1454 1823 levavi.

153 1862 233 1915 Com.
249 1855 338 1912 Notas
354 1850 427 1909 mihi
442 1850 495 1906 sec.
1031 1852 1076 1906 Ol.
1093 1852 1133 1909 De
1148 1852 1312 1926 profundis.

153 1948 233 2004 Com.
250 1948 342 2000 Amen
357 1941 422 1997 dieo
437 1938 529 1995 vobis.
1296 1942 1513 2000 communiones,

152 2040 232 2092 Com.
248 2033 307 2090 Etsi
323 2048 420 2088 coram
436 2028 516 2085 hom.
1066 2029 1256 2087 Saecalorum.
1271 2033 1374 2088 Amen.

152 2126 233 2181 Com.
251 2121 392 2178 Dominus
404 2119 487 2174 dabit
500 2115 720 2188 benignitatem.
1028 2119 1108 2175 Com.
1126 2119 1284 2176 Multitudo
1299 2120 1377 2194 lang.

152 2215 233 2270 Gom.
249 2209 436 2267 Revelnbitur
450 2205 551 2280 gloria.
1028 2209 1108 2263 Gom.
1125 2209 1230 2264 Potum
1246 2225 1355 2265 meum.

150 2305 230 2357 Gom.
246 2300 390 2354 Viderunt
404 2312 517 2351 omnes.
1028 2296 1109 2350 Com.
1126 2296 1320 2366 Hierusalem,
1335 2315 1432 2372 surge.

150 2389 231 2445 Com.
248 2385 312 2453 Fili,
328 2385 397 2458 quid
415 2382 530 2440 iecisti?
1027 2384 1107 2440 Com.
1123 2386 1303 2442 hortabimur
1316 2386 1345 2441 iu
1363 2403 1428 2442 saec.

151 2477 269 2535 Rectius
281 2475 335 2532 has
348 2476 459 2547 regeret
473 2470 662 2528 authenticus
676 2469 833 2536 tetrardus,
848 2467 874 2523 si
890 2467 936 2524 in·
1026 2478 1106 2530 com,
1122 2475 1212 2530 Aufer
1226 2492 1243 2530 a
1259 2491 1315 2531 me,

114 2569 260 2627 veteratae
276 2564 454 2638 permitteret
469 2576 552 2616 usus.
1026 2561 1106 2619 Com.
1122 2563 1227 2620 Vovete
1242 2568 1270 2621 et
1285 2565 1406 2621 reddite.

118 2649 123 2655 ’
149 2660 229 2716 Com.
245 2651 383 2712 illumina
399 2650 511 2707 laniem.
1026 2652 1106 2709 Com.
1122 2653 1252 2710 Narrabo
1268 2655 1376 2710 omnia.

148 2749 229 2805 Com.
245 2744 416 2815 Quicunque
428 2738 538 2796 lecerit.
1026 2742 1108 2798 Com.
1124 2745 1178 2812 Tu,
1196 2759 1278 2815 puer,
1295 2744 1446 2816 propheta.

147 2837 229 2893 Gom.
247 2837 334 2891 Amen
350 2832 413 2888 dico
427 2829 520 2887 vobis.
1025 2834 1103 2888 Com.
1120 2833 1248 2888 (laniabo
1263 2832 1396 2889 Domino.

147 2927 228 2982 Gom.
243 2924 315 2980 Data
329 2925 374 2977 ast
390 2919 472 2975 mihi.
898 2923 901 2927 ’
1025 2920 1105 2976 Com.
1123 2921 1254 2992 Domine,
1271 2927 1347 2978 Deus
1363 2938 1445 2978 mens
1461 2923 1490 2976 io
1507 2926 1545 2978 te.

148 3013 248 3074 Gloria
273 3011 362 3081 Patri,
378 3014 406 3065 et
428 3007 511 3077 Filio,
527 3010 555 3063 et
578 3003 698 3079 Spiritui
728 3008 840 3073 sancto,
859 3003 936 3060 sicut
1025 3015 1105 3066 Com.
1121 3009 1197 3066 Exiit
1212 3028 1318 3067 sermo.

113 3110 175 3164 erat
189 3104 220 3159 in
234 3100 388 3176 principio,
405 3101 434 3153 et
449 3100 568 3152 nuncet
587 3110 712 3167 semper,
726 3096 753 3149 el
774 3093 803 3148 in
829 3091 936 3149 saeculss
1025 3101 1105 3155 Com.
1121 3100 1264 3156 Dominus
1278 3100 1375 3168 Jesus,
1392 3103 1557 3173 postquam.

112 3192 297 3254 saeculorum.
313 3193 416 3245 Amen.
950 3169 971 3235 C
1025 3193 1104 3244 Com.
1122 3188 1264 3245 Dominus
1279 3190 1353 3263 regit
1368 3206 1425 3246 me.

419 3292 516 3332 nmers
535 3291 628 3331 raoni.
1023 3276 1103 3335 Com.
1117 3277 1259 3334 Dominus
1276 3279 1503 3335 firmamentum.

145 3371 311 3430 Secundum
328 3384 393 3440 quae
407 3365 480 3438 logis
495 3364 628 3430 verbum,
644 3364 748 3418 mutua
773 3377 830 3434 quo
850 3360 934 3418 dileo·
1059 3365 1158 3422 Gloria
1173 3365 1258 3434 Patri,
1275 3365 1401 3434 allilia,
1419 3370 1463 3422 eto

109 3462 188 3519 tione
203 3460 252 3515 Dei
266 3462 295 3513 et
308 3453 443 3529 proximi,
458 3451 582 3518 Christe,
600 3450 746 3507 mandasti
759 3449 863 3519 colere,
875 3466 933 3522 quo
1214 3471 1410 3511 iuraremus
1429 3472 1589 3513 neumas,

109 3566 161 3623 per
174 3548 235 3605 hae
250 3545 373 3619 gemina
389 3539 579 3598 observantia
599 3544 741 3612 praeepta
764 3538 931 3595 reddamus.
1023 3543 1120 3600 Tertia
1135 3544 1191 3613 die,
1207 3544 1329 3611 Christe,
1346 3549 1373 3600 te
1389 3562 1540 3618 resurgere
1555 3550 1584 3602 et
1607 3545 1714 3602 mando
1731 3543 1782 3599 tero

108 3641 211 3694 Amen.
987 3633 1086 3689 lumen
1102 3633 1260 3689 credimus.
1277 3633 1298 3688 0
1314 3633 1400 3703 alme,
1418 3634 1462 3690 lac
1478 3651 1530 3690 nos
1546 3638 1574 3691 et
1589 3639 1673 3691 tuum
1697 3646 1782 3705 sempor

180 3722 370 3782 saeculorum.
386 3722 488 3776 Amen.
987 3721 1107 3779 laudare
1123 3739 1239 3789 nomen,
1253 3726 1281 3778 et
1297 3722 1326 3778 in
1343 3723 1443 3796 patria
1459 3728 1486 3780 te
1502 3728 1617 3779 aeterna
1629 3708 1782 3796 regioaecer

143 3817 209 3870 Ant.
224 3812 365 3869 Dominus
380 3809 453 3866 dixit
468 3810 503 3864 ad
519 3824 575 3863 me.
708 3878 710 3882 Ι
988 3817 1090 3867 nentes
1105 3812 1216 3868 sedero.
1233 3813 1334 3868 Amen.

142 3907 209 3961 Ant.
226 3900 346 3959 Redime
357 3915 414 3966 mc,
430 3896 562 3954 Domine.
771 3967 774 3970 .
1059 3899 1249 3956 saeculorum.
1264 3902 1366 3957 Amen.

143 3996 210 4049 Ant.
227 3992 267 4048 Ex
281 4006 331 4048 ore
347 3986 515 4045 inlantium.
661 3985 662 3988 ’
1022 3992 1087 4046 Ant.
1105 3989 1241 4047 Miserere
1256 3990 1340 4058 mibi,
1357 3990 1489 4058 Domine,
1506 3992 1657 4064 quoniam.

79 4088 86 4094 '
141 4084 209 4139 Ant.
224 4081 265 4137 De
279 4083 379 4136 ventre
394 4075 510 4133 matris.
626 4102 629 4107 ·
867 4152 869 4161 Ι
1021 4081 1087 4136 Ant
1104 4081 1163 4153 Ego
1179 4084 1276 4136 autem
1291 4079 1368 4136 sicat
1383 4079 1467 4137 oliva.

142 4174 209 4229 Ant.
224 4169 347 4227 Vultum
359 4172 454 4224 tuum.
1021 4170 1087 4223 Ant.
1104 4173 1180 4224 Dum
1196 4167 1363 4224 clamarem.

145 4263 210 4318 Ant.
224 4261 279 4317 Fae
295 4252 567 4328 mecum-Domine.
1020 4259 1087 4313 Ant.
1101 4256 1252 4314 Confessio
1268 4262 1296 4314 et
1309 4256 1409 4330 pulch.

142 4353 210 4407 Ant.
224 4347 437 4406 clamaverunt.
492 4372 499 4376 ·
1021 4348 1087 4402 Ant.
1105 4346 1384 4419 Cognovi,D0mine.

141 4442 209 4495 Ant.
225 4434 376 4495 Terribilis
390 4439 444 4491 est.
653 4457 656 4462 ·
1012 4424 1086 4490 Ant.
1103 4434 1162 4508 ligo
1177 4433 1300 4491 clamavi
1316 4434 1465 4508 quoniam.

141 4528 209 4583 Ant.
225 4527 321 4582 Multa
336 4524 435 4581 tribul.
1020 4526 1086 4579 Ant.
1105 4529 1177 4579 Dum
1193 4524 1404 4581 sanctificatas.

140 4620 208 4674 Ant.
224 4614 394 4671 Sacerdotes
409 4613 483 4684 ejus.
1019 4616 1093 4669 Antr
1108 4615 1140 4670 ln
1156 4613 1273 4669 nomine
1287 4613 1413 4670 Domini.

141 4709 208 4764 Ant.
225 4704 372 4772 Sitientes,
389 4701 494 4758 venite.
1020 4705 1086 4758 Ant.
1103 4701 1209 4758 Vocem
1220 4702 1428 4774 jucunditatis.

138 4799 206 4854 Aut.
223 4794 291 4851 llibi
307 4797 403 4849 autem
421 4789 520 4847 nimis.
1018 4793 1085 4847 Ant.
1102 4791 1259 4864 Repleatur
1274 4808 1306 4848 ns
1322 4808 1431 4847 meum.

140 4890 208 4943 Ant.
223 4884 295 4942 Veni
311 4887 339 4940 et
352 4881 473 4939 ostende
488 4879 582 4937 nobis.
1019 4881 1086 4938 Ant.
1103 4880 1133 4936 Si
1149 4879 1331 4954 iniquitates.

139 4977 205 5031 Ant.
222 4975 293 5031 Dece
308 4971 437 5030 advenit.
1023 5021 1032 5041 ,
1055 4969 1245 5027 seculorum.
1260 4973 1363 5027 Amen.

139 5068 208 5120 Hnt.
224 5063 349 5120 Laetetur
363 5078 421 5119 eor.
439 5078 528 5135 quar.
1018 5058 1086 5117 Ant.
1101 5059 1188 5128 Deus,
1204 5060 1275 5117 dum
1290 5060 1481 5133 egredereris.

138 5155 206 5210 Ant.
223 5150 335 5208 Cibarit
353 5167 413 5208 eos.
1018 5148 1085 5204 Ant.
1101 5147 1191 5205 latret
1207 5149 1310 5204 oratio.

138 5244 206 5299 Ant.
221 5240 364 5299 Dominae
378 5238 567 5299 illuminatio.
1017 5239 1085 5292 Ant.
1103 5237 1290 5293 Sarcerdolee
1305 5236 1360 5305 tui,
1376 5237 1511 5294 Domine.

137 5333 206 5388 Ant.
222 5327 365 5386 Dominae
378 5327 530 5385 fortitudo.
860 5330 863 5335 ’
1018 5328 1086 5383 Ant.
1102 5324 1167 5383 Tibi
1183 5326 1256 5382 dixit
1270 5343 1328 5383 eor.

136 5422 203 5478 Ant.
219 5422 263 5475 lle
278 5420 526 5489 exspectaverunt.
1018 5417 1086 5471 Ant.
1103 5414 1135 5471 ln
1152 5415 1209 5472 Deo
1224 5413 1362 5473 laudabo.

136 5513 202 5568 Ant.
216 5506 330 5574 Venite,
347 5506 514 5564 adoremus.
1019 5507 1086 5561 Ant.
1104 5503 1255 5563 Liberetor
1267 5521 1361 5563 meus.

136 5600 235 5665 Gloria
261 5596 351 5680 Palo,
373 5600 403 5660 et
431 5594 514 5669 Filio,
529 5599 559 5655 et
573 5595 695 5675 Spiritui
723 5599 835 5668 saneto,
852 5594 930 5655 siout
1017 5595 1084 5652 Ant.
1099 5593 1282 5672 Omniaque
1298 5594 1404 5653 lca-isti.
