3884 6084
117 238 196 308 ldsst
730 245 831 309 Acus
853 243 997 313 strom
1018 241 1210 309 lraaslr.
1743 233 1822 347 l302

114 379 242 437 stentem
258 374 473 448 necessitatem,
490 376 628 453 quonism
644 376 755 438 bonum
766 382 810 438 est
828 377 941 437 homini
955 384 980 451 Α
997 394 1049 453 pro
1064 375 1306 453 periclitantibus,
1314 375 1457 452 gemitum
1473 391 1525 451 pro
1540 373 1739 451 pereuntibus,
1752 370 1823 432 cum'

114 465 452 543 sicesse.1llligatuses
469 468 645 527 uxori‘lnoli
669 487 797 543 quarere
818 469 938 526 solutio·
993 467 1131 525 ilentibus
1155 468 1268 537 ssantes,
1299 483 1365 523 cum
1397 465 1665 522 scandalizantibus
1691 469 1819 521 urentes.

114 573 197 625 nem;
215 555 240 612 si
268 562 365 614 autem
394 559 540 631 acceperis
570 576 701 626 uxorem,
729 577 786 616 non
811 559 957 632 peccasti
993 557 1158 623 Quinetiam
1174 557 1328 613 adversum
1344 553 1822 628 humanoespiritualisquenequi-

113 633 146 715 (1'
154 645 216 702 Coc.
228 646 307 718 vrri.»
320 646 428 702 Scribit
439 651 536 703 autem
547 648 583 704 ad
592 647 732 720 Ephesios
742 649 783 705 ita
795 667 801 703 :
814 671 827 698 ι
840 646 940 705 Mulie-
992 645 1049 712 tire,
1060 646 1175 703 diversa
1190 645 1351 703 certamina
1366 662 1482 718 semper
1497 644 1527 700 in
1544 645 1586 700 eis
1608 644 1729 700 emicuit
1738 643 1821 700 lorti-

113 752 161 793 res
175 735 245 790 viris
260 735 323 791 suis
336 734 459 792 subdite
476 735 545 802 sint,
560 736 635 793 sicut
651 738 786 805 Domino;
799 736 938 810 quoniam
992 735 1064 791 tudo
1076 734 1222 804 vincendi,
1239 734 1379 808 patientia
1395 733 1594 807 exspectandi,
1616 732 1820 806 aequanimitas

113 825 159 880 vir
173 828 261 897 caput
275 828 320 879 est
335 822 477 893 mulieris,
494 824 571 881 sicut
583 827 718 884 Christus
731 827 818 900 caput
832 825 938 882 estllc-
993 822 1168 881 sustinendi.
1184 823 1297 888 Quibus
1312 823 1366 880 etsi
1382 840 1538 896 percussor
1553 822 1676 888 deesset,
1694 821 1749 894 ipsi
1764 820 1821 877 sibi

114 912 209 972 clasiae
219 912 325 985 (Epire.
336 912 376 983 v).
389 937 403 962 »
419 914 452 969 nt
467 913 573 969 iterum
587 932 593 971 :
607 938 620 965 a
632 914 703 984 Viri,
713 913 824 988 diligite
835 929 939 971 uxores
993 913 1174 985 percussoris
1185 911 1383 968 ministerium
1398 911 1618 985 suppleverunt.
1626 911 1699 966 Nam
1710 909 1780 984 quid
1790 909 1819 965 in

113 1000 353 1069 vestras‚sioutet
367 1001 499 1059 Christus
514 1002 615 1059 dilexit
630 1003 789 1061 Ecclesiam
805 1002 937 1076 tutat»
992 999 1035 1058 eis
1060 1001 1189 1058 carnifex
1211 1001 1289 1058 aliud
1316 1000 1415 1056 feriret
1434 1017 1523 1073 quam
1548 999 1673 1072 corpus‘l
1687 1000 1723 1055 Et
1744 1002 1820 1054 certe

113 1091 149 1148 Et
163 1090 269 1146 iterum
286 1107 292 1146 :
307 1113 321 1140 «
338 1090 392 1154 Qui
408 1108 492 1147 suam
508 1109 627 1148 uxorem
643 1091 882 1166 diligit,scipsum
898 1091 941 1148 di·
993 1089 1071 1162 quod
1100 1090 1136 1146 ad
1164 1094 1348 1146 momentum
1372 1106 1527 1162 percussor
1551 1089 1667 1155 laceret,
1685 1087 1740 1160 ipsi
1763 1087 1820 1143 sibi

113 1177 179 1254 ligit
189 1179 295 1252 (iisd).
307 1201 320 1229 ι)
332 1178 438 1236 Scribit
453 1184 551 1237 autem
566 1185 594 1237 et
607 1183 643 1238 ad
655 1182 755 1238 Titum
765 1182 820 1239 hoc
832 1182 937 1238 modo:
992 1176 1078 1253 longo
1094 1178 1225 1235 cruciatu
1241 1178 1412 1247 intulerunt,
1422 1195 1488 1236 cum
1503 1178 1600 1235 carnis
1615 1176 1821 1249 concupiscen-

113 1291 128 1319 «
143 1266 384 1324 Adulescentulus
408 1268 478 1324 doce
502 1273 534 1326 ut
552 1270 634 1333 ,viros
650 1288 720 1327 suos
736 1275 846 1339 ament,
862 1269 938 1327 filios
993 1267 1049 1324 tias
1065 1266 1093 1323 in
1107 1285 1139 1324 se
1154 1268 1333 1334 occiderunt,
1350 1271 1379 1324 et
1401 1268 1479 1340 quod
1503 1283 1602 1333 suave,
1618 1267 1696 1340 quod
1722 1264 1818 1335 dulce,

112 1355 246 1429 diligant,
254 1356 544 1429 prudentessobric,
557 1359 663 1414 domus
674 1359 814 1416 hahentes
825 1375 937 1425 curam,
993 1357 1071 1429 quod
1086 1357 1294 1430 voluptuosum
1311 1357 1414 1423 luerat,
1431 1358 1612 1413 ademerunt.

113 1444 236 1502 subdite
263 1444 326 1500 suis
354 1444 423 1500 viris
439 1447 504 1518 (Tit.
521 1448 562 1519 ιι).
577 1469 591 1497 »
608 1447 643 1503 ut
664 1448 701 1504 ad
725 1447 911 1505 Timotheum
929 1464 936 1502 :
1029 1445 1116 1502 Porro
1131 1444 1254 1518 poenalis
1270 1461 1368 1501 carcer
1382 1444 1425 1501 eis
1439 1444 1609 1514 condoluit,
1623 1444 1672 1518 qui
1688 1461 1719 1502 se
1744 1445 1820 1499 inter

112 1556 127 1584 a
143 1532 393 1600 adolescentulas,
410 1533 516 1606 inquit,
532 1535 634 1595 viduas
649 1535 760 1606 devita;
771 1553 838 1593 cum
859 1535 938 1592 enim
993 1536 1149 1606 angustam
1165 1532 1300 1590 aridioris
1311 1533 1375 1588 vite
1387 1533 1550 1590 custodiam
1564 1550 1581 1588 a
1593 1532 1694 1589 mundi
1721 1531 1818 1587 illece-

112 1620 264 1685 luxuriatre
289 1622 397 1678 luerint
422 1623 451 1678 in
472 1623 597 1693 Christo,
615 1626 724 1681 nubere
744 1625 861 1694 volunt;
885 1624 937 1680 ha·
992 1620 1819 1695 brisconcluserunt,quorummenslucidissima,monus

112 1711 215 1768 bentes
229 1711 458 1779 damnationem,
475 1712 545 1785 quia
569 1714 693 1786 primam
710 1714 798 1771 fidem
824 1715 937 1771 irritam
953 1757 977 1822 B
992 1711 1086 1784 plenae
1101 1711 1262 1780 mundities,
1278 1729 1312 1768 eo
1328 1712 1405 1784 quod
1431 1711 1461 1767 in
1484 1727 1587 1768 mensa
1606 1710 1706 1767 altaris
1721 1725 1819 1765 sacro-

112 1798 328 1856 teccrunt.Volo
343 1816 411 1873 ergo
423 1801 555 1872 juniores
566 1803 765 1871 nubere,blios
775 1819 937 1877 procreare,
993 1805 1095 1863 sancta
1109 1801 1239 1874 corporis
1253 1805 1282 1856 et
1296 1799 1450 1874 sanguinis
1466 1799 1604 1873 mysteria
1628 1798 1817 1864 celebrantes,

113 1888 353 1946 matresfamilias
368 1890 557 1957 esse,nullam
569 1893 752 1949 occasionem
767 1893 836 1949 dare
848 1891 938 1949 male·
992 1892 1021 1946 et
1035 1889 1065 1945 in
1082 1888 1127 1945 sui
1142 1890 1237 1945 cordis
1253 1888 1451 1963 penetralibus
1461 1887 1588 1945 hostiam
1599 1887 1693 1943 vivam
1704 1892 1819 1959 hecque

113 1977 183 2034 dicti
199 1978 307 2050 gratia,
315 1978 378 2050 jam
395 1978 473 2034 euim
490 1981 624 2052 quedam
639 1998 785 2037 converse
806 1984 876 2037 sunt
891 1997 938 2036 re·
992 1977 1165 2051 placentem,
1181 1978 1210 2034 id
1235 1982 1289 2048 est,
1306 1978 1479 2050 semetipsos
1504 1977 1568 2034 sine
1592 1975 1708 2033 macula
1730 1979 1819 2047 sique

111 2069 158 2123 tro
172 2069 310 2123 satanam
326 2067 350 2136 (l
366 2068 433 2137 Tim,
444 2067 483 2139 v).
497 2089 511 2117 ι)
522 2068 557 2123 lit
570 2069 606 2124 ad
623 2067 809 2126 Colossenses
822 2086 828 2124 :
841 2067 937 2136 «Viri,
993 2067 1170 2123 admistione
1185 2065 1266 2141 pravi
1280 2067 1376 2141 operis
1401 2066 1503 2124 ollcrre
1526 2083 1584 2122 non
1600 2065 1756 2121 desistunt.
1772 2065 1818 2129 Et,

111 2153 219 2227 inquit,
231 2154 344 2228 diligite
360 2171 463 2211 uxores
477 2160 599 2224 vestras,
609 2161 638 2214 et
652 2156 741 2214 nolite
762 2158 855 2213 amari
875 2173 938 2214 esse
993 2156 1217 2224 sicutdiximus,
1229 2155 1297 2211 licet
1311 2153 1492 2228 percussoris
1507 2172 1565 2210 non
1579 2154 1740 2211 sensissent
1755 2152 1817 2227 gla-

112 2243 150 2300 ad
166 2241 232 2300 illas
247 2244 356 2317 (Coloss.
374 2249 426 2313 111).
445 2267 458 2292 n
993 2243 1086 2312 dium,
1099 2248 1207 2312 tamen,
1218 2261 1269 2317 per
1281 2243 1346 2299 vite
1362 2244 1500 2301 meritum
1516 2244 1574 2300 Deo
1585 2241 1818 2316 digni,martyrio
1860 2256 1866 2264 ·

149 2331 221 2388 Cum
237 2331 327 2406 igitur
339 2332 399 2388 haec
414 2333 550 2389 humane>
561 2334 783 2393 consuetudinis
793 2334 839 2391 lox
850 2334 939 2393 tantis
982 2350 1052 2389 uon
1068 2332 1483 2407 privantur,quiamartyrium
1498 2350 1554 2388 uon
1567 2331 1663 2389 solum
1679 2332 1821 2388 allusione

113 2418 217 2476 divine
228 2420 409 2477 auctoritatis
420 2420 556 2480 fulciatur
570 2423 726 2490 institutis,
736 2423 876 2481 nimirum
887 2423 939 2480 ab·
994 2421 1158 2495 sanguinis,
1175 2423 1224 2478 sed
1251 2421 1428 2478 abstinentia
1452 2425 1636 2494 peccatorum
1653 2420 1820 2494 perficitur;

108 2507 241 2581 jicienda
252 2512 297 2565 est
305 2514 406 2566 vestre
418 2510 560 2568 hereseos
571 2528 604 2568 ac
615 2513 730 2584 penitus
741 2512 940 2568 conculcanda
995 2510 1124 2583 alioquin
1136 2509 1222 2584 longe
1236 2529 1253 2565 a
1269 2528 1336 2566 vero
1348 2510 1464 2566 dillerre
1474 2510 1621 2566 videbitur
1639 2510 1715 2583 quod
1727 2527 1761 2566 ex
1772 2527 1821 2566 ere

114 2595 254 2653 doctrina.
272 2596 344 2653 Nam
361 2616 385 2654 st
399 2599 563 2673 conjugalis
578 2600 701 2657 societas
716 2600 828 2657 homini
850 2617 941 2657 causa
994 2598 1132 2655 Veritatis
1147 2599 1183 2655 ad
1201 2600 1274 2654 duos
1290 2598 1480 2654 fratresfilios
1496 2598 1624 2654 Zebedaei
1635 2597 1746 2654 dictum
1757 2601 1820 2653 est:

114 2687 192 2741 esset
207 2685 441 2760 perditionis,qui
453 2687 667 2761 venitperditos
677 2706 813 2763 reparare
824 2687 940 2745 nullum
996 2688 1150 2745 «Calicem
1166 2687 1285 2759 quidem
1302 2703 1401 2742 meum
1416 2686 1523 2742 bibetis
1534 2686 1638 2758 (narn.
1653 2687 1712 2758 xx).
1724 2709 1738 2735 »
1749 2687 1822 2742 Cum

113 2773 196 2830 daret
210 2774 301 2846 hujus
317 2775 427 2848 copulas
443 2777 662 2845 documentum,
679 2777 794 2834 nullum
814 2794 941 2850 praecep·
996 2792 1088 2830 unum
1104 2774 1222 2846 quidem
1239 2773 1336 2848 gladio
1352 2773 1534 2841 occubuisse,
1550 2772 1675 2830 alterum
1700 2774 1730 2829 in
1753 2790 1824 2847 pace

112 2861 305 2919 tum.Paulns
321 2863 457 2936 denique,
471 2863 521 2937 qui
538 2868 620 2921 tanto
635 2865 787 2923 charitatis
802 2865 869 2938 igne
889 2865 941 2920 lla-
996 2863 1131 2920 Ecclesiae
1147 2862 1292 2936 quievisse
1306 2861 1449 2936 legamus.

111 2951 260 3025 grabatut
275 2951 364 3006 etiam
380 2969 431 3024 pro
447 2951 588 3008 fratribus
603 2953 760 3008 anathema
784 2953 844 3009 fieri
858 2957 940 3025 opta·
1032 2952 1087 3008 Sed
1105 2967 1198 3024 neque
1224 2949 1282 3005 ullo
1307 2954 1460 3005 auctorum
1483 2943 1642 3024 exemplari
1665 2949 1825 3006 ostendunt

110 3043 168 3108 ret,
180 3037 295 3093 nullum
310 3056 399 3111 super
422 3039 592 3112 hujusmodi
618 3041 700 3097 daret
722 3040 900 3108 consultum,
916 3039 941 3098 si
997 3037 1825 3113 beatamDeigenitricemMariamgladiovitamsmisse,et

111 3126 168 3183 hoc
183 3126 218 3182 ad
234 3127 443 3184 detrimentum
458 3128 562 3184 anime
585 3133 716 3201 spectaro
739 3128 939 3186 intellexisset.
956 3122 978 3190 C
997 3130 1022 3184 si
1039 3128 1237 3202 perSpiritum
1249 3126 1658 3201 sanctumSimeonpropheta
1666 3143 1823 3199 passuram

112 3215 170 3272 Sed
186 3215 221 3271 de
236 3215 282 3270 his
298 3216 370 3272 satis
385 3217 421 3272 ad
438 3232 569 3289 presens
585 3217 709 3274 dictum.
998 3218 1078 3274 illam
1094 3217 1206 3274 dixerat
1222 3234 1229 3272 ι
1246 3241 1259 3266 «
1275 3218 1309 3272 bt
1329 3221 1421 3285 tuam,
1437 3215 1585 3288 inquiens,
1605 3216 1734 3272 animam
1758 3233 1824 3290 per-

374 3303 420 3360 Xl.
435 3307 474 3361 De
487 3307 693 3377 consessoribus.
997 3307 1136 3364 transibit
1150 3306 1266 3381 gladius
1282 3308 1356 3375 (lere.
1372 3308 1414 3373 n).
1433 3327 1446 3354 u
1462 3305 1544 3361 Unde
1559 3305 1663 3362 beatus
1684 3305 1824 3379 hierony·

151 3393 217 3449 Jam
234 3409 302 3453 vcro
317 3392 383 3465 quis
398 3411 455 3450 non
467 3395 564 3450 videat
573 3412 623 3452 vos
634 3395 663 3450 in
676 3395 730 3452 hoo
742 3396 831 3452 divini
838 3397 943 3469 judicii
1000 3415 1066 3454 mus
1080 3396 1110 3452 in
1127 3396 1181 3452 hoc
1192 3395 1321 3451 animam
1333 3393 1537 3466 ejusgladium
1551 3393 1745 3466 pertransisse
1753 3394 1826 3449 dicit
1868 3388 1875 3403 ⁸

116 3485 147 3538 et
161 3481 331 3542 Christiana
347 3483 565 3540 communionis
581 3501 646 3540 reos
661 3486 820 3558 essequod
847 3487 945 3542 adver·
999 3486 1087 3559 quod,
1099 3485 1128 3540 in
1145 3489 1268 3540 mortem
1285 3483 1404 3550 Christi,
1421 3482 1634 3554 compassionis
1650 3481 1826 3556 atquedolo·

114 3588 183 3628 sum
199 3569 384 3628 beatissimos
395 3571 501 3628 Christi
514 3573 694 3629 confessores
706 3574 786 3646 pravi
798 3574 944 3647 dogmatis
999 3573 1184 3649 ris,gladium
1201 3572 1302 3639 sensit,
1315 3572 1386 3627 dum
1402 3588 1453 3645 per
1467 3570 1578 3626 eximiae
1593 3570 1824 3627 dilectionisvim

112 3657 289 3716 seditionem
305 3659 447 3733 sacrilego
463 3677 540 3716 ausu
555 3661 946 3735 movetis,dicentes,preter
999 3668 1124 3720 mortem
1139 3662 1247 3718 Christi
1263 3678 1347 3717 suam
1359 3660 1434 3716 lecit.
1452 3659 1620 3733 Philippum
1635 3661 1724 3716 etiam
1740 3677 1827 3733 apos·

112 3746 261 3821 apostolos
277 3753 305 3804 et
320 3753 474 3821 martyres,
497 3748 645 3806 neminem
663 3750 732 3821 jure
755 3752 897 3818 venerari,
914 3752 944 3808 in
998 3753 1090 3810 tolum
1107 3756 1135 3808 et
1159 3753 1266 3808 Lucam
1291 3748 1501 3821 evangelistam
1526 3767 1585 3806 non
1609 3765 1661 3822 per
1682 3748 1828 3822 passionis

111 3836 331 3893 consessoribus
347 3836 461 3893 nullum
477 3838 588 3894 donum
609 3838 726 3895 virtutis
741 3855 815 3908 esse,
831 3857 883 3896 nec
907 3841 944 3896 sb
998 3841 1207 3908 certamen,sed
1222 3856 1272 3912 per
1282 3855 1383 3911 pacem
1394 3855 1411 3892 a
1423 3837 1528 3894 saeculo
1540 3839 1682 3911 migrasse
1691 3837 1826 3911 legimus.

112 3926 158 3982 eis
174 3924 303 3998 aliquam
319 3924 425 3983 salutis
437 3927 563 4000 gratiam
578 3944 664 4000 posse
678 3928 943 4000 spectari,quorum
999 3930 1182 3987 Postremum
1194 3944 1259 3983 vero
1276 3926 1343 3999 quis
1359 3930 1418 3981 tam
1435 3925 1542 3997 lapidei
1557 3925 1654 3981 cordis
1675 3932 1720 3982 est
1732 3930 1775 3995 ut,
1792 3926 1827 3982 ad

112 4030 248 4086 corpora,
265 4013 295 4069 in
311 4014 423 4071 cineres
448 4014 589 4082 resoluta,
605 4015 678 4071 nihil
703 4016 859 4072 amortuis
881 4017 944 4073 ani·
1000 4034 1125 4092 quorum
1140 4015 1288 4072 tumulum
1303 4013 1555 4087 oegrosvenientes
1571 4013 1690 4069 citatam
1702 4013 1827 4070 salutem
1935 4028 1937 4032 ⁴

113 4101 244 4158 malibus
254 4101 370 4158 dillerre
381 4102 525 4161 videntur.
534 4106 636 4161 Petrus
646 4109 723 4161 certe
734 4104 883 4177 apostolus
893 4107 945 4162 da·
998 4106 1097 4163 vident
1112 4108 1269 4178 reportare,
1286 4119 1388 4159 corum
1402 4101 1507 4158 merita
1523 4103 1599 4175 apud
1616 4107 1760 4158 eternum
1779 4102 1792 4173 j
1818 4134 1829 4144 -

113 4194 175 4247 tam
195 4188 250 4245 sibi
267 4207 284 4245 s
303 4190 426 4247 Domino
443 4190 554 4266 ligandi
570 4197 658 4265 atquc
672 4192 802 4250 solvendi
818 4198 945 4266 potesta·
1000 4196 1095 4252 dicem
1109 4193 1203 4249 vivere
1219 4209 1276 4247 non
1301 4188 1414 4248 credat!
1432 4191 1482 4246 sed
1505 4190 1572 4264 quis
1594 4194 1661 4264 post
1680 4190 1827 4263 apostolos

109 4282 171 4335 tem
183 4295 190 4346 ;
202 4276 278 4336 bauo
292 4295 407 4351 quoque
430 4280 514 4337 beato
538 4281 690 4352 Clementi,
703 4281 775 4338 Lino
802 4284 891 4339 etiam
916 4288 945 4339 et
1001 4272 1136 4347 Martino,
1151 4281 1218 4354 quis
1235 4280 1389 4335 benedicto
1404 4279 1434 4334 in
1449 4277 1600 4335 miraculis
1616 4277 1780 4352 potentior?

110 4364 251 4422 Anacleto
268 4367 330 4438 ipse
343 4366 465 4424 tradidit
474 4386 481 4437 ;
491 4369 587 4426 caeteri
597 4386 714 4443 quoque
727 4371 849 4444 apostoli
867 4388 945 4428 eam-
1036 4372 1092 4428 Sed
1102 4371 1224 4426 fortasse
1235 4367 1362 4440 objicitis
1373 4367 1442 4440 quia
1453 4367 1537 4424 multi
1549 4368 1579 4423 in
1593 4367 1710 4424 nomine
1718 4367 1828 4425 Christi

110 4454 178 4512 dem
194 4455 323 4528 gratiam
339 4457 560 4514 successoribus
575 4459 648 4524 suis,
665 4459 694 4514 id
710 4466 763 4528 est,
774 4461 883 4517 sanctis
894 4461 945 4516 do·
961 4481 985 4550 Ι)
1003 4461 1078 4517 mira
1088 4459 1198 4532 operati
1209 4462 1319 4522 suntet
1330 4460 1426 4512 tamen
1443 4457 1670 4529 postaDomino
1680 4455 1828 4530 reprobati

111 4543 246 4599 ctoribus
261 4547 350 4617 atquo
365 4545 586 4604 confessoribus
610 4546 807 4620 reliquerunt;
819 4566 944 4622 quorum
1002 4554 1081 4606 suut.
1099 4549 1139 4604 Dc
1161 4547 1270 4620 quibus
1294 4545 1324 4600 in
1352 4544 1507 4618 Evangelio
1523 4545 1686 4602 Dominus:
1703 4545 1826 4614 «Multi,

109 4630 232 4704 quidam
248 4629 346 4704 gladio
362 4632 571 4703 occubuerunt,
589 4633 638 4691 alii
663 4633 692 4689 in
718 4652 788 4708 pace
807 4635 941 4693 Ecclesia
997 4637 1104 4712 inquit,
1115 4637 1231 4693 venient
1247 4635 1376 4689 dicentes
1392 4651 1399 4690 :
1414 4634 1547 4702 Domine,
1557 4651 1653 4691 nonne
1668 4635 1697 4690 in
1709 4635 1828 4690 nomine

109 4719 296 4793 quieverunt.
995 4732 1046 4784 tuo
1061 4723 1308 4799 prophetavimus,
1317 4726 1346 4778 et
1355 4722 1385 4777 in
1401 4723 1519 4778 nomine
1529 4722 1731 4779 tuodemonia
1744 4721 1829 4793 ejeci·

149 4808 205 4864 Sed
219 4827 245 4865 [ι’
258 4827 276 4865 ιι
288 4808 394 4866 idcirco
406 4812 442 4867 ab
455 4810 627 4868 hominibus
638 4811 747 4885 injuste
756 4817 940 4882 venerantur,
998 4816 1085 4872 mus?
1096 4814 1201 4884 (lllctth.
1218 4812 1280 4883 vu.)
1296 4833 1310 4860 ι)
1327 4810 1438 4877 Quibus
1454 4810 1586 4867 dicturus
1603 4815 1647 4869 est
1661 4810 1804 4867 Dominus
1817 4827 1824 4865 :

114 4896 186 4971 quia
200 4899 381 4970 percussoris
395 4898 527 4974 gladium
543 4917 600 4956 uon
613 4905 778 4958 senscrunt.
790 4901 899 4958 Verum
915 4903 940 4959 si
998 4928 1012 4955 a
1027 4907 1119 4960 Amen
1136 4901 1200 4957 dico
1215 4900 1297 4957 vobis
1314 4917 1320 4954 :
1338 4898 1440 4955 Nescio
1451 4916 1515 4967 vos3
1527 4899 1669 4955 discedite
1681 4917 1698 4954 a
1709 4915 1754 4954 me
1765 4914 1828 4954 om-

115 4987 190 5041 ratio
206 4991 372 5059 temporum
396 5005 455 5045 non
479 4989 574 5062 potuit
599 4993 735 5062 prestare
757 4992 941 5064 martyrium,
998 5010 1060 5061 nes,
1077 4989 1201 5064 operarii
1217 4988 1382 5062 iniquitatis
1397 4988 1502 5059 (lota).
1521 5010 1535 5037 υ
1551 4990 1680 5054 Οιιοιιιιιι
1693 4988 1752 5043 vita
1763 4987 1828 5059 qui·

114 5073 209 5148 gloria
224 5078 321 5131 temen
335 5081 498 5150 martyrum
514 5095 571 5134 non
587 5082 698 5147 carent,
710 5077 781 5151 quia
795 5084 824 5135 et
837 5085 903 5136 voto
914 5083 943 5136 et
998 5083 1076 5153 dem,
1093 5080 1163 5152 quia
1177 5096 1235 5134 non
1247 5076 1442 5133 concordabat
1456 5077 1563 5143 verbis,
1579 5075 1687 5132 idcirco
1698 5093 1715 5132 a
1727 5075 1825 5132 Domi·

113 5163 223 5221 virtute
250 5169 278 5220 et
303 5169 460 5238 potuerunt
485 5184 549 5223 esse
572 5170 713 5240 martyres
733 5167 941 5226 etvoluerunt.
998 5187 1035 5226 no
1053 5166 1324 5242 reprobatur.Quod
1342 5169 1440 5220 autem
1464 5165 1600 5221 videntur
1623 5165 1747 5238 operari,
1764 5181 1822 5220 non

113 5253 189 5310 Nam
204 5258 233 5308 ct
249 5253 291 5308 illi
307 5272 359 5326 pro
375 5272 426 5327 spe
441 5256 613 5312 eternitatis
625 5256 733 5314 multas
744 5258 942 5314 humanorum
1000 5259 1063 5316 suis
1080 5257 1202 5324 meritis,
1215 5256 1264 5311 sod
1280 5253 1385 5308 Christi
1413 5252 1523 5308 nomini
1548 5254 1720 5326 imputatur.
1737 5253 1826 5326 lljecti

113 5340 249 5398 dolorum
273 5341 418 5415 pertulere
434 5346 596 5419 passiones,
614 5346 733 5420 samem,
750 5346 875 5421 vigilias,
893 5364 944 5403 nu·
998 5364 1125 5420 namque
1140 5346 1296 5409 daemones,
1315 5359 1370 5397 non
1387 5358 1446 5410 eos,
1464 5343 1514 5397 sed
1531 5341 1636 5399 Christi
1652 5359 1758 5399 nomon
1775 5342 1824 5397 su-

112 5431 364 5504 ditates,jeJ'unia,
376 5435 531 5507 opprobria
545 5434 722 5505 invidorum,
738 5435 943 5494 insectatisnes
997 5440 1111 5510 gerant,
1126 5434 1203 5506 quod
1230 5432 1379 5504 qnondam
1404 5430 1433 5485 in
1457 5430 1526 5487 filiis
1551 5433 1644 5488 Scovae
1669 5431 1824 5504 cujusdam

114 5520 273 5590 malorum,
290 5539 391 5580 curem
407 5540 459 5597 pro
474 5523 702 5595 infirmantibus,
715 5525 942 5585 sollicitudinem
996 5525 1090 5583 iudei
1105 5523 1210 5598 patuit,
1221 5522 1282 5595 qui,
1293 5520 1371 5577 sicut
1385 5519 1522 5595 superius
1537 5521 1734 5595 diximusper
1744 5536 1824 5576 eaor-
