3900 6098
131 280 189 353 431
591 283 624 344 S.
648 279 848 343 BRUNONIS
870 274 1181 342 auautaoteusts
1202 276 1386 344 acucbat.
1787 275 1853 349 122

134 408 222 477 sensu
240 421 376 475 contenta
398 415 546 490 mysteria.
566 416 589 470 ll
605 415 683 480 Oria,
700 414 756 470 nisi
772 414 875 469 litteras
892 411 968 467 sela·
982 412 1007 479 Α
1024 428 1102 468 nam.
1119 413 1139 466 t:
1153 412 1312 469 Consilium
1328 413 1426 485 itaque
1442 412 1592 469 inventum
1606 414 1653 469 ost
1668 415 1851 469 contrama-

133 523 202 566 men
218 507 389 576 abducatur,
405 503 571 578 intelligere
587 519 645 559 non
661 519 830 575 possumus.
1017 500 1194 574 lignantinm
1209 501 1374 568 consilinm,
1391 505 1419 558 et
1443 505 1546 558 contra
1566 500 1721 575 improbos
1735 499 1851 559 luceres

134 596 169 653 19
204 595 297 653 Incola
311 610 359 666 epo
374 610 436 651 sum
449 595 480 648 ia
496 600 574 650 torro
588 611 599 647 :
1018 593 1047 646 et
1061 589 1185 656 dolores,
1195 589 1305 647 scilicet
1319 589 1487 648 testimonie
1500 589 1618 647 Domini
1634 589 1789 647 meditata
1796 589 1850 648 Do·

204 688 267 741 Nou
280 683 427 740 abscondas
442 700 459 738 o
473 698 519 740 nae
531 679 664 737 mandam
679 688 735 737 tua.
1019 694 1085 735 rum
1101 679 1208 751 quippe
1223 679 1358 752 cogitatio
1373 678 1522 752 quoslibet
1536 678 1653 753 mitigat
1667 676 1798 737 dolores.

169 772 235 829 Gln
250 772 305 828 hae
319 769 482 844 terrajusti
498 773 572 827 sunt
584 769 695 838 incola,
705 770 756 842 qui
772 768 922 842 propriam
935 767 964 823 in
1058 838 1061 843 ἢ
1098 784 1300 824 ancuacsnron
1321 784 1504 831 ssousurrou
1524 784 1595 827 omu
1613 783 1769 825 manua.

133 859 437 930 mundononhahent
451 857 639 917 mansionem
652 859 965 930 mentis,utnilllpos·
1056 856 1178 912 BPlebs
1192 856 1297 925 fidelis,
1313 860 1484 930 paupertate
1506 857 1658 914 mundana
1680 855 1853 926 consulate,

133 949 212 1006 tolus
228 965 234 1004 :
251 949 357 1006 Nostra
379 947 562 1006 conversatio
588 946 618 1002 in
643 946 723 1003 ooelis
746 951 790 1004 est
804 947 892 1018 (Phil.
909 946 964 1018 ιιι).
1016 944 1140 1017 J‘anuam
1157 960 1188 1000 se
1204 944 1280 1000 veris
1295 944 1403 1002 divitiis
1419 944 1513 1018 aperit
1528 961 1536 1000 ε
1552 949 1581 1002 et
1595 944 1745 1019 frequenti
1760 944 1853 1002 medi·

114 1038 272 1096 -Mandata
289 1038 368 1095 enim
392 1037 544 1095 diximus:
562 1034 672 1110 Diliges
695 1035 853 1093 Dominam
873 1035 966 1092 Deum
990 1068 993 1073 -
1019 1033 1227 1105 tatione,quasi
1243 1031 1371 1104 tabulas,
1392 1048 1448 1090 sua
1461 1031 1621 1108 precordia
1634 1032 1688 1090 Dei
1703 1033 1853 1093 mandatis

133 1130 218 1184 tuum
230 1131 275 1198 ;et
287 1126 405 1184 similia.
418 1128 482 1183 llaeo
498 1128 583 1199 rogat
600 1127 632 1180 ut
646 1124 672 1180 ei
686 1123 853 1181 nullatenus
868 1124 965 1181 celen-
1020 1121 1147 1179 exhibet.
1752 1182 1755 1191 Ι
1818 1180 1821 1185 ,

135 1220 194 1286 tur,
210 1232 274 1290 quc
289 1216 493 1289 peccatoribus
509 1216 655 1271 absconsa
670 1214 842 1286 probantur.
1054 1211 1078 1267 H
1095 1210 1230 1268 BDaleth
1246 1229 1253 1268 ε
1269 1227 1381 1285 pauper
1399 1209 1445 1268 uel
1458 1211 1566 1269 tabula
1580 1209 1625 1268 sel
1635 1211 1742 1286 janua.

125 1306 170 1363 ,20
208 1306 383 1375 Concupioit
398 1305 504 1362 anima
529 1319 595 1360 aneu
620 1303 794 1360 desiderare
809 1300 964 1376 justifico·
1019 1301 1056 1356 25
1092 1300 1226 1359 Adhaesit
1239 1302 1410 1372 pauimento
1424 1302 1531 1358 unione
1543 1316 1635 1359 mec:
1715 1340 1717 1344 -

242 1395 337 1451 tiones
351 1398 444 1450 tuas:
1093 1387 1222 1462 Viaifica
1236 1401 1281 1446 me
1294 1390 1453 1447 secuudum
1467 1389 1586 1446 uerbum
1600 1395 1697 1446 laura.

205 1484 241 1537 lu
256 1483 489 1554 omnitempore.
1054 1477 1252 1535 CAdhasisse
1267 1490 1299 1534 se
1314 1477 1385 1536 dicit
1406 1477 1487 1534 carni
1512 1495 1571 1534 sua
1587 1495 1595 1535 :
1612 1479 1692 1551 quod
1710 1478 1852 1536 vitiosum

171 1572 190 1624 C
206 1568 302 1626 Potest
312 1569 390 1626 enim
401 1574 429 1627 et
440 1568 577 1635 infidelis,
588 1569 624 1625 ad
641 1568 761 1642 aliquod
775 1572 892 1643 tempus
903 1587 964 1627 rem
1019 1584 1155 1625 essenon
1171 1567 1293 1623 dubium
1309 1565 1472 1636 est,anima
1487 1566 1605 1624 enimsi
1621 1566 1775 1625 &hereat
1789 1585 1853 1625 eor·

134 1659 243 1715 bonam
258 1659 484 1734 concupiscere:
501 1658 552 1715 sed
568 1658 623 1715 hoc
638 1662 754 1715 constat
769 1662 881 1715 tantum
899 1676 964 1733 per·
1019 1656 1092 1729 pori,
1110 1656 1222 1713 delictis
1238 1656 1323 1713 lauet.
1333 1656 1356 1712 ll
1368 1655 1434 1713 ldeo
1448 1655 1635 1714 nedelictum
1645 1655 1812 1715 invalescat
1824 1657 1854 1715 in

135 1747 216 1805 lectis
232 1748 396 1815 convenire,
412 1749 489 1822 quod
511 1734 635 1814 addidit,
652 1747 888 1822 omnitempore.
905 1749 963 1806 Hoc
1019 1762 1076 1813 mo,
1093 1751 1158 1819 peto
1175 1764 1192 1801 a
1208 1751 1234 1803 te
1248 1745 1398 1812 vivificari,
1422 1746 1517 1803 sciens
1540 1745 1683 1820 quoniam
1709 1744 1855 1821 concupi.-

108 1898 119 1905 ,,
133 1841 178 1894 cst
204 1841 302 1894 autem
331 1837 547 1910 concupiscere,
573 1837 651 1910 quod
678 1836 844 1895 desiderare
866 1840 963 1911 (nemo
1019 1835 1131 1892 scentia
1145 1834 1243 1891 carnis
1258 1835 1854 1910 mortemoperatur.CPasimentnmigi-

112 1955 116 1962 ·
132 1925 210 1983 enim
225 1926 382 1995 desiderat,
399 1926 457 1983 nisi
481 1926 531 2000 qni
555 1925 760 1999 concupiscit),
786 1931 964 2002 quapropter
1018 1929 1067 1980 tur
1082 1941 1134 1997 pro
1149 1940 1269 1996 corpore
1284 1923 1412 1997 ponitur.
1426 1924 1478 1981 Dst
1488 1922 1566 1983 enim
1580 1924 1853 1997 parimentumsoli

132 2014 961 2089 plenissimamvoluntatemindicatgeminataprolessio,
1019 2012 1850 2084 alicujusinlevitotemmaximamconstructasolidilaa:

87 2114 93 2120 '
133 2103 244 2161 scilicet
259 2104 502 2177 concupiscentia
517 2109 545 2160 et
564 2103 712 2160 desiderii.
1019 2108 1048 2159 et
1063 2119 1169 2175 corpus
1184 2108 1319 2159 nostrum
1335 2101 1424 2158 simili
1441 2102 1536 2159 nitore
1550 2102 1706 2177 levigatur.
1818 2096 1821 2105 '

132 2194 165 2247 21
206 2195 371 2265 inerepasti
384 2192 545 2263 superbos:
1016 2194 1052 2248 26
1090 2191 1421 2249 Viosrueosenuuliaoi
1434 2197 1462 2247 el
1477 2192 1630 2248 exaudisti
1652 2198 1744 2260 ÷me
1765 2199 1805 2259 ξε

206 2281 362 2338 Maledicli
370 2282 422 2354 qui
436 2279 588 2338 declinant
602 2298 623 2338 o
637 2282 792 2338 arraudotis
805 2284 876 2339 tuis.
1089 2286 1163 2339 Doce
1178 2297 1223 2338 ane
1231 2279 1462 2353 justificationes
1477 2285 1554 2337 tuus.

170 2370 193 2425 H
211 2369 370 2442 increpasti
392 2368 533 2443 superbos
550 2387 556 2425 :
574 2375 607 2425 ut
630 2387 679 2426 eos
705 2370 741 2426 od
764 2370 961 2429 humilitatem
1052 2370 1156 2427 HVias
1168 2387 1259 2437 meas,
1269 2369 1299 2425 id
1313 2374 1358 2426 est
1366 2385 1456 2442 opera
1471 2369 1581 2442 peceati
1595 2369 1850 2431 meiDnuntiaui:
1887 2356 1892 2367 ’

134 2458 754 2530 sanctam‚quamdocuisti,reduceros.Vcl
767 2462 962 2533 perductores
1017 2475 1069 2532 per
1084 2459 1310 2516 consessionem.
1329 2459 1362 2514 ut
1378 2458 1524 2515 exaudisti
1540 2474 1606 2516 me:
1623 2459 1697 2533 quia
1712 2460 1850 2529 remisisti

133 2552 201 2604 tuos
216 2546 350 2620 increpas
374 2547 468 2603 malos
490 2547 635 2604 homines.
654 2547 801 2604 Malodioti
826 2554 895 2606 sunt
910 2552 960 2624 qui
1017 2548 1089 2604 mihi
1105 2553 1223 2621 peccata
1240 2564 1314 2616 mea,
1331 2564 1410 2604 nunc
1428 2548 1592 2605 doctrinam
1609 2546 1748 2624 indulge,
1764 2567 1851 2624 qnam

134 2635 313 2693 declinante
328 2636 476 2692 mandatis
494 2636 541 2693 Dei
559 2653 565 2692 :
584 2636 634 2692 sed
651 2640 721 2692 tune
734 2638 857 2709 pleniter
872 2640 960 2696 malo·
1016 2639 1045 2694 in
1056 2637 1317 2709 justificationibus
1333 2635 1392 2692 tuis
1413 2636 1545 2694 edocear.
1561 2636 1583 2694 G
1597 2637 1636 2694 at
1650 2638 1728 2696 doce
1743 2655 1790 2697 me
1800 2631 1849 2713 ju·

133 2723 203 2779 dieti
218 2726 311 2792 erant,
328 2723 445 2795 quando
461 2721 593 2779 dicturus
604 2722 678 2780 erit:
692 2723 742 2791 lte,
757 2723 915 2794 maledicti,
930 2726 960 2782 in
1016 2727 1206 2783 stificationes
1221 2729 1288 2783 tuas
1298 2745 1304 2784 :
1315 2742 1373 2782 non
1383 2726 1419 2782 ad
1435 2725 1615 2783 audiendum
1626 2727 1677 2784 sed
1691 2726 1730 2785 ad
1742 2728 1848 2786 facien·

132 2811 231 2886 ignem
255 2815 396 2868 oeternum
418 2813 527 2874 tllatlh.
552 2813 666 2882 xxv>.C
687 2812 838 2887 Increpare
863 2819 960 2872 autem
1015 2815 1158 2882 dum,ille
1174 2816 1428 2873 enimdivinarum
1440 2831 1538 2871 rerum
1548 2808 1657 2872 doctus
1667 2817 1850 2887 ostenditur,

132 2901 269 2969 dicimus,
286 2900 371 2974 quasi
387 2901 422 2957 de
437 2902 636 2959 taciturnitate
651 2919 780 2976 crepare,
797 2904 868 2960 etin
886 2923 961 2962 mor·
1015 2905 1065 2978 qui
1082 2904 1137 2961 sibi
1153 2904 1264 2962 credita
1279 2904 1381 2961 lenisse
1394 2908 1585 2961 monstratur.

132 2990 215 3048 dacia
230 2990 308 3047 dicta
323 2988 466 3064 prosilire,
484 2978 561 3065 quod
575 2992 652 3048 Deus
667 3009 718 3066 per
733 2992 899 3066 Scripturas
916 2994 959 3050 di·
1014 2996 1049 3048 27
1087 2992 1434 3066 Viomjustifiratioaom
1451 2999 1571 3050 luorum
1586 2995 1706 3053 instrue
1721 3015 1789 3055 aare:

131 3079 214 3136 vinus
229 3080 396 3152 frequenter
411 3079 489 3138 lacit.
1087 3085 1125 3138 Et
1139 3084 1294 3140 ecercebor
1312 3085 1343 3140 ia
1357 3082 1542 3141 mirabilibus
1555 3085 1628 3142 luia.

132 3171 167 3224 22
204 3169 381 3243 Aeserniae
396 3170 583 3243 opprobrium
598 3174 626 3229 el
641 3176 860 3245 contemplum:
975 3155 997 3224 C
1052 3171 1179 3228 HViam
1200 3171 1458 3244 justificationum,
1486 3172 1515 3228 id
1539 3176 1594 3244 est,
1614 3174 1849 3247 justificationes

203 3260 283 3328 Quia
297 3257 462 3315 testimonio
476 3265 530 3316 tuo
544 3260 697 3334 acquisivi.
1016 3278 1089 3335 quas
1111 3260 1184 3335 legis
1209 3260 1306 3318 littera
1329 3261 1460 3334 protulit,
1477 3261 1649 3335 spiritaliter
1669 3264 1800 3343 capiam.
1815 3266 1850 3323 st

168 3344 190 3399 C
205 3345 380 3401 Intuendum
393 3351 436 3402 est
451 3364 541 3419 quare
557 3352 661 3421 petunt
676 3355 846 3423 martyresa
861 3366 892 3407 so
908 3369 959 3424 op·
1014 3351 1168 3408 exercebor
1183 3349 1212 3406 in
1229 3350 1423 3421 mirabilibus,
1442 3352 1471 3407 id
1487 3352 1574 3409 estin
1595 3351 1850 3427 apostolicare

132 3422 250 3507 probria
265 3432 416 3500 removeri,
433 3436 510 3492 undo
524 3454 555 3493 se
572 3442 712 3494 noverant
736 3439 879 3496 coronari.
902 3440 958 3497 Sed
1014 3440 1144 3513 terisque
1154 3439 1294 3498 doctrinis
1305 3439 1521 3508 ecclesiasticis,
1532 3457 1597 3514 que
1609 3442 1639 3498 in
1653 3459 1691 3499 ea
1706 3442 1852 3517 legeeunt

131 3522 192 3578 haeo
208 3523 300 3578 oratio
315 3539 366 3595 pro
382 3525 618 3594 persecutoribus
633 3527 775 3595 l'nnditur,
793 3534 825 3584 ut
839 3546 958 3586 conver·
1013 3530 1154 3603 figuratae.
1180 3529 1200 3584 C
1224 3529 1355 3587 Praebent
1379 3529 1459 3585 enim
1481 3529 1628 3587 intellecta
1641 3530 1850 3589 miraculum:

130 3613 241 3666 tantur.
257 3611 343 3678 Quia,
359 3619 429 3667 dum
445 3616 576 3670 conuersi
593 3615 710 3686 luerint,
723 3616 835 3673 tollitur
849 3623 957 3692 marty·
1013 3619 1131 3692 quando
1146 3619 1189 3675 sic
1203 3619 1232 3674 in
1249 3618 1385 3692 prasenti
1402 3622 1473 3675 sunt
1488 3618 1593 3692 posita,
1605 3619 1739 3695 utlonge
1751 3622 1850 3679 intusa

106 3729 114 3736 —
130 3700 213 3756 ribus
227 3699 417 3773 opprobrium
435 3717 441 3756 :
458 3704 575 3774 quando
591 3707 621 3758 et
646 3709 846 3777 persecutores
862 3707 957 3780 ipsam
1012 3707 1178 3781 significare
1193 3707 1355 3765 videantur.

129 3788 302 3863 religionem
317 3789 427 3858 colunt,
445 3806 533 3863 quom
550 3792 579 3846 in
595 3792 705 3848 sanctis
723 3797 955 3869 persequendam
1011 3798 1046 3854 28
1083 3798 1263 3854 Dormilauil
1278 3798 1377 3854 aalma
1391 3812 1458 3854 mea
1469 3813 1531 3870 pra
1546 3798 1657 3855 tudio.-

129 3893 194 3934 esse
208 3881 394 3951 putauerunt.
1081 3886 1233 3958 Gonfirmo
1249 3903 1292 3944 oue
1307 3888 1340 3943 in
1356 3887 1454 3943 uerbis
1466 3888 1536 3944 tuis.

127 3965 163 4022 23
199 3967 309 4023 Etenim
322 3968 450 4026 aederunt
463 3972 602 4044 principos
616 3979 642 4028 el
656 3972 853 4032 adcursummo
868 3976 958 4050 toque·
1046 3976 1253 4033 HDormitavit
1263 3975 1422 4033 enima:in
1436 3975 1526 4048 hujus
1536 3975 1698 4034 habitaculi
1708 3978 1847 4036 mortalis

236 4058 337 4114 bantur
352 4077 363 4114 .·
1010 4066 1145 4122 statione.
1163 4065 1222 4120 Prae
1238 4063 1323 4121 tedio
1339 4080 1346 4120 :
1363 4063 1575 4122 imbecillitatis
1594 4081 1754 4140 corporea.
1770 4067 1846 4125 Gon·

196 4146 296 4203 Seruus
310 4156 402 4206 ouum
416 4156 480 4206 tuus
504 4151 680 4208 emercabatur
704 4154 734 4208 iu
744 4155 955 4226 justificationi·
1009 4153 1096 4212 lirma
1111 4170 1157 4210 me
1173 4171 1180 4210 :
1197 4157 1239 4221 ut,
1266 4152 1362 4209 ablato
1383 4169 1486 4210 somno
1510 4153 1632 4227 peceati,
1650 4155 1803 4214 instanter
1814 4156 1845 4213 in

234 4235 284 4293 ius
299 4239 366 4294 tuis.
1009 4240 1056 4298 his
1069 4241 1221 4315 praecptis
1236 4240 1395 4314 invigilem.
1410 4243 1431 4298 C
1453 4238 1584 4299 Dormire
1599 4241 1739 4300 obliviosi
1757 4248 1846 4319 atquc

162 4325 186 4381 ll
201 4324 281 4390 Quod
297 4322 345 4383 hie
364 4327 495 4400 loquitur
510 4328 652 4402 Propheta
666 4331 701 4386 do
717 4348 758 4399 sc,
775 4331 908 4389 loturum
925 4334 954 4390 in
1009 4331 1140 4387 socordis
1156 4333 1210 4397 cst,
1227 4329 1385 4387 dormitare
1405 4346 1472 4386 sero
1496 4329 1565 4387 lessi
1580 4335 1608 4388 et
1632 4334 1845 4407 exspectantis.

125 4413 267 4485 apostolis
282 4413 462 4488 reliquisque
478 4417 656 4490 martyribus
672 4419 768 4475 vidit:
795 4422 846 4493 qui
862 4416 955 4480 multa
1009 4421 1090 4477 liano
1118 4424 1217 4477 autem
1251 4418 1487 4477 dormitationem
1519 4420 1681 4481 Cassianus
1707 4410 1844 4480 acediam

124 4517 223 4558 coram
239 4502 357 4576 regibus
379 4507 407 4559 et
430 4505 616 4576 praesidibus,
644 4509 766 4564 Domino
787 4511 952 4583 nuntiante,
968 4529 993 4595 p
1009 4514 1102 4567 vocat.

97 4590 253 4665 -perpessi
269 4593 429 4664 aunt2qui
445 4594 654 4652 exercebantur
665 4595 695 4651 in
707 4597 799 4668 justis
814 4601 951 4672 operibus
1005 4598 1042 4655 29
1079 4599 1160 4656 Viam
1176 4599 1346 4671 iniquilatis
1363 4615 1586 4656 amoueome:

122 4684 152 4736 et
168 4679 217 4735 Dei
229 4678 502 4753 justificationibus,
519 4684 608 4739 etiam
631 4700 724 4756 usque
739 4687 774 4742 ad
792 4689 953 4746 sectionem
1079 4691 1119 4744 Et
1133 4690 1165 4744 iu
1181 4685 1246 4760 lepe
1260 4692 1315 4743 tuo
1331 4688 1469 4745 ethereae
1483 4690 1550 4745 mei.

121 4768 545 4828 cervicumllllxercebantur
568 4772 657 4828 etiam
681 4772 710 4827 in
736 4777 890 4833 tormentis
916 4778 951 4834 ud

121 4864 288 4929 provectum
298 4876 464 4926 suum,non
474 4861 724 4918 ‹eruciabanturad
737 4879 851 4935 poenam
863 4883 870 4920 :
881 4866 952 4922 dum
1008 4867 1086 4938 quod
1103 4868 1140 4923 ad
1155 4864 1336 4939 peccandum
1350 4865 1477 4939 venitur)
1488 4882 1589 4925 amove
1600 4885 1619 4926 a
1629 4869 1770 4927 mahtin
1780 4869 1845 4946 lege

122 4961 241 5002 sensum
259 4947 368 5004 doloris
391 4948 448 5016 sui,
464 4949 564 5007 aterni
591 4950 702 5023 proemii
727 4952 953 5025 cogitationibus
1006 4959 1058 5011 tua
1069 4972 1076 5011 ι
1089 4954 1165 5029 apud
1181 4957 1209 5011 te
1225 4952 1304 5010 enim
1320 4953 1381 5010 hee
1392 4954 1438 5012 lex
1448 4955 1607 5015 constituta
1616 4961 1844 5035 estutecmper

123 5031 337 5104 molliebant,et
348 5036 392 5093 eis
406 5041 552 5095 tormenta
567 5040 602 5095 ad
619 5039 728 5112 gaudia
741 5046 848 5100 aterna
862 5045 952 5117 proli-
1007 5042 1183 5100 miserearis.

122 5125 232 5176 carent.
1005 5133 1041 5188 30
1078 5135 1168 5190 Viam
1182 5132 1321 5190 veritalis
1335 5130 1442 5207 elegi:

121 5206 158 5265 Di
194 5210 264 5266 Nam
277 5218 304 5266 et
317 5215 476 5272 testimonio
493 5221 541 5272 loa
553 5217 700 5274 meditatio
714 5234 775 5274 meo
789 5227 829 5275 cst
844 5239 852 5274 ε
1074 5222 1200 5280 iudicio
1213 5226 1267 5278 tuo
1282 5237 1341 5277 noa
1355 5237 1420 5278 oum
1435 5222 1556 5281 oblitus.

192 5299 225 5355 Et
239 5300 385 5356 casilien
399 5306 713 5378 meumjoatificolioaea
727 5315 794 5365 tua.
1039 5311 1062 5367 H
1086 5311 1170 5368 Viam
1200 5310 1332 5367 veritatis
1357 5310 1442 5385 elegi,
1469 5302 1499 5369 id
1524 5315 1580 5381 cst,
1610 5312 1770 5375 Christum
1791 5315 1842 5382 Dei

156 5384 284 5444 llltrant
298 5391 409 5446 sanctis
424 5391 708 5451 testimoniochristi
725 5394 947 5467 meditatioati·
1003 5400 1120 5469 Filium,
1136 5416 1224 5474 quem
1250 5399 1347 5457 audivi
1374 5405 1529 5458 ventarum
1550 5402 1582 5458 in
1607 5405 1772 5465 mundum.
1788 5404 1843 5465 llla

85 5507 89 5513 ,
117 5490 177 5549 qne
191 5476 222 5532 in
238 5476 286 5533 his
298 5479 497 5550 pressurisllt
505 5482 732 5553 justitlcationes
748 5485 814 5557 ejus
828 5484 949 5545 luerunt
997 5490 1176 5563 judicianon
1186 5506 1252 5546 sum
1262 5487 1372 5546 oblitus
1382 5506 1388 5545 :
1398 5507 1463 5563 qua
1474 5492 1504 5548 in
1514 5491 1674 5567 Evangelio
1682 5495 1842 5568 proferens

112 5564 273 5630 consitium
288 5581 401 5642 eorum,
417 5569 489 5648 quia
501 5571 544 5631 eis
558 5572 647 5633 vitam
669 5571 845 5653 pollicentur
859 5579 945 5636 ater·
1000 5579 1058 5640 ait:
1070 5579 1129 5640 Hoc
1139 5578 1347 5656 estjudioium,
1357 5579 1550 5658 utquicredit
1562 5581 1593 5640 in
1604 5580 1718 5664 Filium
1729 5584 1840 5647 babeat
