3884 6084
91 293 174 357 ,153
723 293 930 358 expostulo
952 294 1211 365 Psatuaauat.

109 431 179 506 ipso
194 427 337 504 quianon
354 426 512 497 esttimor,
527 427 987 498 eta.HDiabolasvidelicetetA
1018 432 1036 486 8
1073 433 1142 488 Filii
1155 436 1248 489 autem
1263 433 1429 491 balaam:

112 520 211 577 ludet
226 519 326 576 dolose
341 523 464 592 egerunt
480 519 510 574 in
526 524 682 592 conspecta
698 519 759 577 Dei.
775 520 825 576 Vel
841 520 876 576 ad
892 521 943 578 lu·
1068 521 1099 577 ln
1115 523 1234 592 tepmiice
1248 523 1358 579 alaram
1372 528 1483 579 tuarum
1496 523 1654 595 curabunt.

80 633 86 639 ·
111 611 184 667 dam
214 607 394 682 proditorem
422 607 558 680 pertinet,
583 625 709 681 quoram
738 608 878 682 iniquitas
907 610 943 665 ad
1033 607 1823 686 CFiliiautornhcmiaumsuntquiacusantjumeu-

111 698 217 757 odium
236 698 354 752 inventa
368 700 422 751 est.
439 695 617 753 Asimiliter
640 698 772 754 omnium
798 699 942 755 malorum
997 702 1037 766 ta,
1049 699 1100 754 sed
1112 699 1323 757 rationabiliter
1332 701 1629 774 vivuntquigratiam
1640 701 1826 774 baptismatis

109 786 262 843 invenitur
276 784 417 858 iniquitas
432 785 468 841 ad
489 785 601 854 odium,
618 786 688 858 qnia
711 788 773 843 odit
796 788 873 845 Deus
888 788 942 843 ini·
998 790 1156 856 consecuti,
1170 789 1199 845 in
1224 807 1328 847 novam
1354 791 1521 865 progeniem
1546 796 1750 847 renascuntur.
1768 794 1826 848 HC

112 875 272 950 quitatem,
287 874 357 929 dum
373 890 437 930 eam
454 879 594 947 perpetuo
612 875 707 947 punit.
997 875 1056 932 Ale
1072 893 1138 933 vero
1155 878 1271 933 Domini
1289 884 1359 935 sunt
1374 879 1595 952 preceplaNovi
1607 879 1757 936 etVeteris
1771 883 1824 938 Te-

131 965 150 1020 3
190 965 273 1020 i'crba
288 965 344 1019 orti
358 965 418 1035 σιω
434 965 568 1035 iniquitas
583 973 609 1020 ct
623 964 725 1020 dolus:
998 966 1224 1024 elementissln
1246 985 1372 1040 quarum
1402 970 1580 1042 protectione
1603 969 1700 1026 amnis
1723 971 1826 1041 justus

184 1053 279 1110 Noluit
295 1053 451 1124 inlellipcrc
465 1056 496 1110 at
510 1053 576 1110 liene
590 1058 693 1123 operat.
998 1070 1116 1127 sperare
1131 1057 1327 1129 cognoscitur,
1339 1058 1410 1114 dum
1422 1059 1463 1114 eis
1475 1059 1591 1115 obedire
1602 1058 1776 1115 ostenditur.

150 1141 388 1199 CVcrbeeorum
399 1144 470 1196 sunt
480 1140 651 1215 iniquitates
660 1148 689 1198 et
699 1142 794 1211 dolus,
804 1143 944 1218 iniquitas
1015 1142 1033 1195 9
1071 1144 1283 1200 lncbricbuntur
1297 1147 1328 1200 in
1343 1147 1464 1202 ululate
1478 1147 1572 1202 latrias
1585 1151 1642 1204 tuae
1656 1166 1664 1201 :

112 1231 242 1306 pertinet
254 1231 290 1288 ad
307 1228 533 1302 blasphemiam,
545 1230 631 1287 dolus
645 1232 674 1286 in
690 1232 856 1304 proximum
867 1234 944 1290 deci·
1069 1233 1102 1287 Et
1118 1241 1236 1290 torrente
1250 1235 1396 1307 voluptatis
1410 1242 1463 1290 tute
1475 1237 1594 1307 patalia

111 1318 373 1394 piendum.Noluit
383 1318 556 1393 intelligere,
568 1319 633 1376 illos
644 1319 837 1393 significabat,
849 1323 900 1395 qui
911 1339 945 1379 ex
1034 1319 1057 1375 H
1074 1321 1310 1390 lncbricbuntur‚
1327 1322 1354 1378 id
1370 1329 1415 1381 est
1424 1324 1480 1396 ipsi
1496 1323 1548 1379 filii
1560 1324 1610 1381 Dei
1622 1325 1826 1398 apinguedine

112 1409 215 1483 aliqua
229 1412 320 1481 parte,
332 1407 494 1481 igniculum
509 1409 657 1481 sapientie
674 1417 876 1484 perceperunt,
886 1416 946 1469 eta
998 1409 1091 1477 pratia
1107 1406 1234 1480 Spiritus
1250 1410 1355 1477 sancti,
1368 1415 1401 1465 ut
1415 1410 1542 1466 habeant
1557 1410 1736 1468 intellectum
1752 1412 1826 1486 dog-

111 1515 181 1556 vero
196 1497 345 1554 intellectu
359 1497 611 1565 declinantes,suo
626 1499 696 1555 vitio
711 1499 854 1572 perversis
868 1517 946 1558 erro·
1000 1500 1113 1550 matum
1125 1496 1451 1569 ecclesiasticorum,ut‚
1462 1498 1561 1555 oblitis
1572 1499 1702 1572 flagitiis,
1713 1499 1825 1555 virtuti-

114 1589 199 1645 ribus
214 1604 246 1643 se
262 1586 438 1659 polluerunt.
1000 1584 1056 1640 bus
1071 1583 1257 1657 impleantur.
1271 1587 1469 1643 C'lorrentem
1483 1587 1610 1644 dicimus
1624 1604 1688 1644 esse
1704 1587 1825 1643 fluvium

132 1678 149 1734 t
187 1679 369 1748 lniqaitatcm
382 1676 528 1750 medicalia
541 1682 580 1732 est
595 1679 625 1732 in
638 1679 727 1734 cociti
740 1695 788 1734 suo
804 1697 814 1734 ,·
998 1671 1138 1741 velocem,
1153 1674 1199 1730 cui
1227 1677 1301 1732 bene
1325 1681 1512 1750 comparatur
1538 1677 1684 1750 sapientia
1706 1676 1825 1744 Christi,

186 1766 365 1822 Astititamni
378 1768 431 1823 oiae
444 1783 499 1822 noa
520 1767 597 1824 boiiae
607 1785 616 1821 .·
626 1768 801 1836 matitiam÷
818 1777 910 1825 atatem
931 1775 937 1834 j
959 1806 982 1872 B
999 1763 1069 1834 quia
1082 1767 1111 1818 ct
1126 1763 1224 1819 subita
1238 1769 1292 1832 est,
1307 1769 1335 1820 et
1349 1766 1390 1820 ita
1405 1766 1517 1837 rapida,
1534 1770 1566 1821 ut
1581 1766 1617 1821 ad
1634 1765 1721 1821 iidem
1738 1781 1826 1838 quem

222 1872 278 1911 uon
292 1856 388 1911 odivit.
997 1856 1062 1907 vutt
1075 1851 1138 1908 sine
1155 1851 1215 1910 ulla
1229 1854 1365 1911 tarditate
1379 1855 1524 1911 detrahat.

150 1943 371 2016 Clniquitatem
382 1943 540 2000 meditatus
551 1949 604 2012 est,
616 1945 727 2003 scilicet
737 1947 899 2016 haereticus,
917 1952 945 2004 et
1000 1941 1033 1996 10
1070 1942 1205 2009 Quoniam
1219 1944 1292 2016 titul
1306 1953 1330 2000 lt
1344 1953 1382 2000 etl
1395 1947 1456 2016 [071⁸
1468 1947 1530 2000 vill?
1544 1963 1554 2001 ··

115 2049 244 2089 errorem
259 2031 347 2106 longa
363 2033 553 2090 meditatione
568 2036 713 2102 tractavit,
731 2035 821 2093 libros
837 2037 944 2094 lacien—
1069 2033 1102 2086 El
1116 2032 1144 2087 in
1161 2033 1266 2090 lumine
1281 2040 1327 2089 lito
1341 2032 1495 2089 videbimus
1510 2035 1612 2090 lutbert-

117 2121 153 2177 do
183 2122 385 2193 perversosfl
411 2122 442 2176 ln
471 2122 571 2189 cubili,
589 2123 618 2179 in
641 2125 726 2181 corde
756 2131 876 2193 secreto,
894 2126 943 2183 ubi
1034 2120 1215 2187 HQuoaiam
1232 2123 1309 2195 apud
1326 2127 1354 2178 te
1368 2131 1407 2178 cst
1421 2123 1486 2179 lans
1501 2124 1576 2190 rita,
1591 2124 1619 2179 id
1635 2127 1678 2179 ost
1693 2127 1723 2178 lu
1739 2139 1780 2190 es,
1797 2128 1826 2179 et

118 2211 233 2266 animus
248 2210 359 2266 bonum
375 2210 540 2269 velmalum
556 2214 724 2270 meditatur.
740 2215 842 2272 astitit
864 2216 944 2272 omui
998 2209 1076 2280 apud
1092 2214 1119 2265 te
1135 2215 1179 2267 est
1194 2212 1274 2285 origo
1288 2212 1420 2269 omnium
1435 2213 1589 2267 bonorum.
1602 2213 1678 2268 Fons
1691 2211 1767 2279 vita,
1779 2212 1825 2268 do-

117 2299 241 2354 viacnon
271 2299 444 2365 bonae,ideo
465 2302 501 2356 ad
526 2301 640 2358 nullum
668 2303 795 2358 fructum
820 2305 944 2377 justitiae
998 2298 1244 2373 ctrinaDei3quae
1262 2301 1826 2358 animavitaest.LumenPatristri·

118 2388 266 2461 parcemus
282 2388 387 2461 potuit.
403 2388 544 2446 Militiam
568 2408 625 2447 non
650 2392 749 2460 odivit,
766 2394 816 2449 sea
832 2394 942 2464 ditexit,
998 2390 1062 2442 stus
1077 2390 1131 2454 ost,
1146 2389 1173 2443 in
1195 2405 1252 2461 quo
1269 2389 1434 2445 videbimus
1449 2389 1560 2457 lumen,
1576 2391 1605 2447 id
1630 2393 1674 2446 est
1699 2389 1826 2463 Spiritus

117 2479 232 2550 Aquod
246 2483 291 2534 εει
306 2495 425 2534 summa
440 2479 567 2549 malitia;
585 2481 635 2553 qui
654 2482 732 2537 anim
752 2483 870 2555 penitus
886 2501 943 2540 non
998 2476 1091 2532 sancti
1105 2476 1360 2534 illuminationem·

118 2572 212 2639 potest
226 2584 324 2624 eurora
339 2567 464 2637 malitia,
478 2568 564 2626 debet
578 2570 681 2627 saliem
697 2576 794 2628 mente
808 2572 915 2630 odisse,
999 2565 1030 2619 11
1069 2568 1214 2624 Pimtcudc
1228 2570 1447 2625 miscricordiam
1461 2578 1538 2626 loom
1550 2569 1700 2626 scientibus
1715 2576 1762 2626 te:

134 2657 152 2711 5
184 2658 307 2727 Danaae,
324 2660 354 2714 in
369 2659 435 2714 coeto
450 2659 639 2717 misericordia
654 2669 701 2717 tao
717 2679 727 2717 :
1069 2657 1254 2727 Eljuatitiom
1269 2665 1387 2725 tuom÷
1405 2659 1477 2726 tic:
1511 2661 1560 2732 qai
1574 2658 1824 2716 reclasantcordc.

185 2753 213 2812 ξ-
234 2751 268 2802 at
286 2755 293 2812 ζ
313 2749 413 2803 ceritas
427 2756 475 2804 tao
490 2765 574 2821 usquc
589 2749 624 2805 od
638 2751 724 2807 nabes
1035 2743 1055 2800 G
1070 2745 1218 2802 Pratende
1234 2747 1316 2814 dixit,
1329 2748 1357 2804 id
1382 2753 1428 2805 est
1451 2749 1537 2823 longe
1561 2748 1677 2823 lateque
1695 2748 1827 2805 diffunde

152 2835 320 2904 HDomine,
337 2836 367 2892 in
382 2835 464 2905 ooelo,
476 2837 504 2893 id
521 2842 577 2906 est,
589 2838 617 2894 in
634 2841 744 2896 sanctis
759 2841 882 2915 angelis,
894 2842 945 2914 qui
1000 2836 1080 2889 tuam
1097 2835 1340 2903 misericordiam,
1357 2843 1389 2893 ut
1410 2838 1523 2909 possint
1541 2838 1667 2895 scientes
1681 2842 1709 2894 te
1724 2837 1754 2893 in
1770 2838 1826 2893 isto

123 2924 150 2979 ia
164 2925 235 2980 calo
256 2925 364 2982 firmati
390 2927 518 2993 luerunt,
529 2932 559 2982 at
572 2945 629 2984 non
655 2929 833 2986 ceciderunt.
849 2930 900 2986 Vel
914 2930 945 2986 in
999 2922 1105 2980 seculo
1117 2925 1232 2981 firmius
1242 2925 1403 2982 ambulare.
1413 2929 1504 2999 liogat
1516 2926 1563 2982 his
1571 2926 1730 2998 justitiam,
1742 2926 1771 2982 id
1783 2929 1827 2982 est

124 3011 198 3079 eoelo,
210 3014 239 3069 id
255 3018 300 3070 est
312 3014 452 3072 Ecclesia.
463 3017 547 3072 AVal
568 3016 698 3090 quolibet
719 3021 820 3075 sancto
836 3023 881 3076 est
895 3019 946 3075 mi·
996 3014 1108 3084 justam
1124 3014 1213 3070 vitam
1237 3020 1467 3087 permanentem,
1479 3016 1521 3070 sel
1547 3020 1690 3087 precepta
1713 3031 1777 3080 sua,
1793 3018 1827 3069 ut

126 3103 643 3178 sericordiaDeicausaqnodcoelarn
659 3107 945 3174 est,otnonastin-
999 3101 1170 3159 eavivendo
1191 3105 1387 3177 teneant,qui
1413 3110 1489 3159 recto
1514 3108 1583 3159 suut
1612 3104 1706 3170 corde,
1723 3101 1752 3157 id
1780 3104 1826 3157 est

125 3191 224 3260 justus,
236 3192 313 3249 sicut
328 3192 386 3262 illa,
394 3194 429 3251 de
444 3211 501 3267 qua
517 3196 706 3252 dictumest:
723 3198 758 3252 Et
771 3196 878 3254 veritas
894 3179 981 3254 tuat}
1001 3191 1051 3263 qui
1067 3190 1115 3248 hic
1128 3194 1207 3248 recta
1221 3197 1319 3249 menta
1343 3197 1498 3265 prestante
1522 3191 1644 3249 Domino
1659 3191 1754 3248 vivere
1769 3207 1828 3247 mc·

131 3295 212 3352 aaut
221 3282 257 3337 aa
270 3284 375 3339 nutes.
387 3283 407 3338 e
419 3282 449 3339 ιι
461 3287 516 3352 est,
528 3283 662 3341 Christus
677 3285 706 3341 in
721 3286 863 3359 apostolis
873 3291 901 3342 et
914 3286 944 3343 in
1000 3286 1132 3347 ruerunt,
1150 3281 1204 3337 hoc
1219 3282 1336 3355 estqui
1352 3300 1401 3339 cor
1424 3299 1511 3338 suum
1527 3282 1557 3337 in
1573 3282 1710 3338 omnious
1727 3281 1762 3337 aa
1778 3298 1827 3336 vo-

131 3369 269 3442 praphetis
284 3370 407 3438 habitat,
419 3373 471 3445 qui
489 3373 621 3430 doctrina
641 3374 808 3448 evangelica
822 3375 946 3450 irrigant
999 3367 1144 3427 luntltlem
1159 3371 1206 3427 Dei
1220 3371 1361 3444 dirigunt.

132 3459 206 3515 corda
224 3459 347 3528 arentia,
360 3465 393 3517 ut
416 3462 544 3518 fructum
560 3463 630 3518 dent
644 3463 726 3532 fidei;
742 3482 805 3536 quae
832 3464 945 3522 steriles
1001 3461 1035 3514 12
1071 3460 1130 3515 Noa
1145 3463 1235 3516 tunica
1250 3463 1322 3517 milii
1333 3478 1383 3534 pes
1396 3463 1534 3534 soperbia
1550 3481 1559 3517 .·

133 3545 232 3604 lucrant
246 3548 381 3606 ariditate
396 3551 518 3623 pcccati.
532 3550 665 3609 Christus
680 3552 759 3609 enim
769 3554 875 3610 veritas
890 3558 945 3623 est,
1071 3551 1104 3605 Et
1117 3566 1216 3605 monas
1226 3552 1375 3621 peccatoris
1391 3568 1447 3607 oon
1460 3558 1566 3607 moveat
1578 3567 1631 3606 mc.

133 3638 239 3707 apostoli
255 3639 360 3695 nubes.
1037 3638 1057 3694 C
1072 3638 1142 3694 Orat
1158 3642 1189 3693 ut
1203 3654 1307 3711 grossa
1330 3640 1437 3696 mentis
1452 3642 1562 3712 ajusto
1577 3637 1693 3695 tramite
1709 3654 1767 3694 non
1782 3653 1828 3692 re-

144 3726 157 3779 ι
185 3730 297 3784 laetitia
311 3737 360 3784 tea
372 3731 444 3786 sicia
457 3739 563 3788 orontes
579 3733 627 3788 Dei
1000 3728 1094 3796 cedat,
1108 3745 1144 3784 ne
1159 3727 1188 3783 in
1205 3727 1342 3800 superbia
1358 3732 1471 3785 erectus
1487 3729 1581 3784 cadat.
1592 3728 1647 3784 Pes
1662 3731 1760 3783 autem
1777 3741 1828 3801 pro

186 3816 293 3873 ledeia
306 3824 355 3873 lua
369 3820 483 3890 abyssus
498 3822 596 3876 malta.
1000 3819 1104 3876 ellectu
1121 3816 1230 3874 mentis
1244 3821 1290 3873 est
1311 3817 1555 3889 positusltlanus
1578 3834 1644 3873 vero
1670 3815 1829 3890 peccatoris

157 3902 287 3961 CBeatos
302 3905 453 3978 apostolos
468 3908 619 3965 montibus
632 3911 823 3983 comparavit,
837 3911 887 3983 qui
901 3928 946 3967 ca·
1000 3912 1045 3964 est
1061 3905 1190 3980 operatio
1206 3906 1281 3963 male
1296 3907 1457 3977 suadentis,
1470 3924 1534 3978 que
1549 3912 1619 3963 tunc
1635 3922 1688 3963 aas
1704 3904 1830 3961 afirmi-

133 4005 201 4060 paces
215 3992 331 4050 Domini
343 3994 465 4066 justitiae
480 3996 590 4053 devotis
607 3997 744 4055 sensibus
759 4000 943 4058 exstiterunt.
999 4000 1061 4053 tate
1074 3996 1141 4051 fidei
1155 4001 1336 4063 monstrum
1350 3995 1451 4068 iniqua
1462 3996 1599 4051 suasione
1615 4011 1668 4051 nos
1681 3993 1828 4051 sollicitat.

134 4079 249 4154 Abyssue
266 4082 314 4139 hic
325 4083 356 4139 in
367 4085 477 4141 bonum
490 4085 597 4158 posuit.
609 4087 660 4143 Est
670 4087 747 4143 enirn
760 4089 945 4160 profunditas
1001 4084 1150 4157 ldeossvero
1166 4085 1255 4141 timeo
1272 4085 1375 4157 pedem
1391 4081 1545 4156 superbie,
1558 4084 1628 4156 quia
1642 4083 1694 4150 ibi,
1711 4086 1764 4138 etc.

133 4183 259 4241 aquaem
271 4173 686 4247 abyssusquamaeometiri,
701 4193 752 4233 nec
768 4177 946 4235 intrinsecus
1000 4175 1036 4231 13
1072 4175 1113 4230 ιιι
1127 4175 1282 4230 ceciderant
1297 4175 1506 4246 qaioperantar
1521 4173 1718 4244 iniquitatem:

133 4272 158 4312 cr
170 4263 225 4316 tota
238 4260 336 4317 videre
351 4261 511 4330 valcamus,
523 4263 564 4319 sic
581 4263 709 4320 divinam
721 4265 881 4337 justitiam,
893 4283 945 4323 nec
1071 4263 1187 4335 Erpalsl
1200 4270 1265 4319 sarit
1279 4278 1329 4317 acc
1341 4266 1490 4333 potuerant
1504 4269 1587 4318 stare.

133 4355 215 4405 neate
228 4349 392 4422 complecti,
410 4368 463 4407 nec
482 4352 593 4409 ratione
615 4352 715 4426 aliqua
729 4354 858 4411 distinire
878 4372 945 4427 pos·
1035 4356 1055 4407 C
1070 4351 1123 4420 lbi,
1136 4351 1185 4407 ubi
1205 4350 1341 4424 superius
1366 4349 1447 4419 dixit,
1461 4351 1489 4406 ia
1506 4350 1578 4423 pede
1604 4349 1715 4406 scilicet
1729 4366 1829 4422 super·

133 4452 232 4496 samus.
1000 4442 1054 4498 bia
1067 4447 1095 4497 et
1111 4441 1242 4512 nequitia
1266 4456 1359 4512 prava
1385 4439 1534 4496 suasionis
1558 4440 1740 4508 ceciderunl;
1757 4456 1790 4495 ac
1805 4438 1831 4494 si

146 4525 159 4577 l
191 4528 314 4584 Homines
328 4533 355 4584 el
363 4529 491 4602 jaculata
503 4531 632 4599 salvabis,
647 4533 760 4589 Domine
774 4550 784 4587 :
960 4553 984 4618 D
1000 4532 1117 4597 diceret,
1129 4530 1158 4585 in
1174 4529 1351 4602 profundam
1364 4529 1475 4585 sovcam
1490 4533 1663 4585 corruerunt
1674 4529 1829 4594 demones,

190 4616 418 4684 Ducumdmotlum
431 4620 625 4691 multiplicasti
633 4620 854 4678 mucricordiam
869 4626 946 4679 taam
1000 4622 1049 4694 qui
1066 4619 1162 4676 adhuc
1172 4621 1331 4692 operantur
1346 4618 1543 4691 iniquitatem,
1554 4618 1630 4675 male
1640 4619 1790 4674 suadendo
1800 4617 1831 4672 in

222 4707 302 4761 ΒΜ·
1000 4709 1170 4767 hominibus
1185 4713 1214 4764 ot
1228 4709 1263 4764 ad
1280 4708 1449 4782 superbiam
1472 4725 1588 4781 semper
1609 4707 1790 4762 inducentes.
1808 4705 1831 4761 H
1919 4759 1920 4762 ,

161 4789 328 4851 llDomines
343 4799 373 4850 et
382 4795 520 4866 jumenta
536 4794 661 4852 salvabit
676 4797 829 4866 Dominus,
845 4799 948 4871 idest,
1001 4798 1119 4871 Expulsi
1134 4803 1212 4866 sunt,
1229 4798 1258 4853 id
1281 4803 1327 4854 cst
1343 4815 1359 4852 a
1374 4814 1464 4870 ragno
1480 4797 1541 4853 Dei.
1557 4795 1578 4849 C
1593 4796 1651 4850 Nec
1674 4796 1833 4866 potuerunt

132 4878 271 4940 mtouales
285 4888 314 4939 ει
328 4883 513 4941 irrationales
536 4901 679 4958 personas
701 4887 823 4959 rogitet
842 4887 944 4945 salvat.
1000 4892 1087 4955 stare,
1106 4888 1247 4960 quianon
1264 4887 1306 4942 eis
1322 4886 1427 4942 licebat
1452 4883 1568 4940 Domini
1592 4884 1679 4954 jussa
1703 4882 1830 4951 differre,

132 4965 241 5027 Cllalos
260 4977 289 5030 et
312 4972 540 5043 irrationabiles,
553 4973 680 5031 salutem
703 4976 894 5049 temporalem
910 4977 947 5035 si·
1001 4977 1051 5034 sed
1068 4976 1167 5032 statim
1193 4975 1252 5031 illic
1282 4973 1510 5047 praecipitantur,
1528 4971 1576 5027 ubi
1593 4975 1695 5044 parata
1720 4971 1762 5028 eis
1787 4976 1832 5028 cst

133 5059 173 5110 cut
180 5059 339 5131 jumentis;
356 5063 487 5119 bonoset
502 5063 702 5133 rationabiles,
714 5066 906 5139 temporalem
920 5072 948 5123 et
1002 5065 1127 5121 flamma*
1136 5061 1272 5137 pmnalisl
1286 5066 1309 5118 A
1325 5063 1366 5118 lbi
1383 5078 1500 5134 quoque
1514 5062 1607 5116 Adam
1623 5061 1727 5118 cecidit
1741 5064 1769 5118 et
1783 5079 1830 5117 cx·

133 5148 255 5207 &emam
281 5150 438 5208 tribuendo
461 5151 554 5209 salvat
576 5158 663 5209 Deus.
689 5154 739 5210 Vel
763 5155 855 5212 bonos
885 5174 945 5212 ma·
1002 5154 1106 5229 pulsus
1121 5158 1166 5209 est
1180 5170 1198 5208 a
1212 5151 1363 5224 perudiso;
1379 5149 1427 5223 qui
1441 5149 1832 5224 dicituretiamadhucope-

132 5230 220 5309 lesque
250 5239 438 5307 salvas‚cnm
468 5258 520 5312 pro
548 5241 686 5298 omnibns
710 5243 857 5300 Christum
887 5245 947 5318 pati
1002 5242 1058 5300 rari
1074 5241 1270 5315 iniquitatem,
1286 5241 1356 5296 dam
1382 5240 1412 5295 iu
1433 5245 1551 5312 peccato
1574 5258 1627 5297 aaa
1652 5258 1755 5297 omnes
1780 5257 1831 5295 aa·

130 5322 254 5384 volueris.
271 5329 294 5384 Η
310 5329 392 5385 Tunc
408 5329 603 5402 multiplicata
617 5335 662 5387 est
678 5331 878 5389 misericordia
894 5335 946 5390 Da·
1002 5334 1121 5390 scimur.
1138 5332 1194 5388 Nee
1220 5328 1366 5396 diabolus,
1385 5345 1436 5385 neo
1452 5330 1545 5386 Adam
1571 5334 1730 5403 potuerunt
1753 5333 1832 5385 stare

130 5413 279 5483 miricam
305 5435 360 5474 aas
384 5418 501 5492 proprio
525 5436 628 5477 eruore
653 5421 785 5490 redemit,
802 5423 839 5477 ab
863 5423 947 5479 initio
1002 5423 1027 5478 vi
1046 5440 1109 5479 sua.

127 5504 224 5578 quippe
238 5507 353 5579 proflua
363 5507 417 5564 luit
433 5508 635 5566 misericordia
648 5514 708 5580 tua,
723 5511 773 5566 sed
790 5515 859 5567 tunc
875 5512 949 5568 mul·
1246 5528 1348 5567 ouitrro
1363 5527 1398 5567 rx
1413 5526 1492 5567 rsac.
1508 5526 1590 5566 xxxv.

128 5590 262 5664 llplicata·
551 5608 554 5613 ’
1039 5599 1174 5657 clarifica
1189 5617 1242 5657 nos
1267 5599 1375 5658 caelesti
1400 5598 1611 5668 misericordie,
1627 5598 1693 5655 lons
1707 5603 1736 5653 at
1750 5595 1830 5668 origo
