3884 6084
125 247 185 312 635
617 247 786 314 sanctii
810 241 1152 312 calumniosiores
1176 251 1356 316 CLUNIAG.
1770 250 1833 317 636

124 387 298 454 summarct,
323 382 448 443 nimium
475 381 623 441 evidenter
647 382 809 458 prestitum
839 386 885 441 est
905 381 948 439 illi
961 378 990 448 Α
1005 384 1168 442 evidentius
1181 390 1278 444 tamen
1295 385 1324 443 in
1341 384 1505 446 israelitica
1518 385 1613 463 plebis
1627 382 1725 446 levitis
1736 391 1766 446 et
1786 403 1833 447 ss·

123 476 267 533 divinitus
276 474 560 548 juvamenticntigit
573 472 663 548 igitur
677 474 804 546 quadam
816 470 947 540 diadum
1005 476 1183 533 cerdotibus.
1193 475 1246 543 Qui
1259 475 1371 534 scilicet
1385 481 1495 550 quanto
1509 478 1624 535 dudum
1639 476 1753 535 ceteris
1762 495 1835 551 opu·

123 563 312 633 cementarii,
327 565 518 621 fundamenta
532 560 659 619 basilice
674 562 797 619 locaturi
822 561 949 619 solidita·
1002 566 1153 630 lentiores,
1169 581 1203 621 ec
1218 563 1347 638 amplius
1362 562 1494 638 plerique
1504 564 1623 623 illorum
1639 564 1770 639 superba
1784 582 1832 622 cu·

124 659 182 711 tem
211 656 463 727 perscrutarentur
486 651 579 725 ipsius
599 651 724 715 telluris,
741 656 773 707 ul
788 651 949 724 reperirent
1003 655 1122 728 piditate
1146 652 1365 722 insolentiores;
1381 652 1489 710 idcirco
1512 653 1601 712 etism
1626 655 1663 711 nd
1688 653 1832 711 ultimum

123 742 240 816 copiosa
254 741 317 799 auri
333 743 472 814 pondere,
484 757 547 813 que
564 739 676 798 scilicet
690 740 726 796 ad
742 739 948 812 totius‚quam·
1001 743 1139 801 omnibus
1150 743 1243 800 eflecti
1254 742 1484 800 deteriores.Scd
1496 743 1624 801 muitum
1634 743 1750 800 distant
1759 743 1835 819 legis

121 832 164 889 vis
180 846 302 903 magne,
316 829 442 886 basilice
460 829 599 885 fabricam
615 829 831 885 reformandam
848 828 947 884 certis·
1001 833 1105 890 veteris
1120 831 1485 905 instituta.multiplieibus
1496 832 1658 906 figurarum
1670 831 1835 905 aenigmati.

120 920 194 976 sime
216 920 404 976 crederentur
428 919 572 975 srrificere.
586 918 787 990 suscipientes
802 935 871 991 ergo
895 917 944 991 qui
1000 925 1057 980 bns
1073 923 1211 985 vestitae
1222 938 1300 977 nove
1311 920 1411 994 gratie
1421 920 1585 995 perspicuis
1596 937 1630 978 ac
1645 918 1834 995 spiritalibus

119 1010 238 1066 fortuito
253 1026 324 1065 casu
334 1009 504 1066 invenerant
519 1007 800 1081 aurum,exintegro
810 1008 945 1081 episeopo
1001 1013 1251 1069 sacramentorum
1267 1009 1363 1065 donis.
1379 1008 1422 1066 Ibi
1437 1025 1566 1082 namque
1581 1024 1710 1066 munera
1718 1007 1833 1067 solum·

119 1098 296 1155 detulerunt.
314 1098 378 1172 lpse
392 1115 469 1164 vero,
485 1096 679 1168 omnipotenti
696 1097 753 1153 Deo
771 1114 822 1169 pro
841 1097 945 1152 collato
1001 1101 1087 1156 modo
1100 1098 1324 1155 conterebantur
1337 1101 1520 1155 terrenarum
1538 1097 1705 1155 bestiarum
1719 1096 1770 1153 :in
1785 1095 1832 1154 bis

118 1187 174 1245 sibi
190 1205 311 1245 munere
321 1187 431 1261 gratias
447 1204 546 1260 ageos,
564 1203 597 1243 nc
612 1185 777 1259 suscipiens
793 1185 945 1253 illudens·
1000 1190 1062 1263 ipse
1072 1186 1337 1260 Deusaccipituriu
1349 1186 1512 1260 premium.
1523 1185 1625 1261 ibique
1635 1184 1831 1244 nihilominus

117 1276 236 1334 todibus
251 1276 348 1350 operis
363 1276 494 1344 tradidit,
510 1279 665 1348 totumque
688 1274 811 1331 fideliter
825 1274 854 1330 in
870 1292 945 1348 opus
999 1282 1093 1335 toturn
1107 1275 1329 1350 promerebatur
1343 1274 1468 1349 quisque
1482 1293 1517 1333 cx
1531 1274 1685 1332 servitutis
1698 1273 1830 1341 seticum

117 1367 249 1439 ejusdem
280 1365 408 1423 ecclesie
433 1364 556 1438 expendi
577 1364 680 1436 jussit.
698 1364 799 1420 Fertur
818 1380 946 1437 namque
1000 1361 1831 1438 bicreroquisquedignusbabeturduntexstcxsiucers

118 1449 944 1528 quodetiamilludaurumsolertiabeatiilvurtii,antiqui
999 1454 1115 1528 optime
1139 1452 1323 1510 conscientie
1345 1441 1505 1509 voluntate.
1520 1453 1616 1526 litque
1639 1452 1754 1509 idcireo
1775 1451 1833 1509 ista

117 1545 250 1616 ejusdem
262 1543 340 1600 sedis
356 1541 613 1615 presulis‚ibidem
623 1540 713 1612 hujus
722 1541 944 1597 restaurationis
1000 1543 1206 1618 premisimus,
1223 1541 1361 1615 quoniam
1373 1541 1755 1615 iamdudum,munsribus
1770 1539 1831 1598 ine·

116 1633 213 1706 gretie
227 1632 332 1689 inisset
347 1631 541 1688 reconditum.
555 1630 665 1686 idcireo
678 1629 943 1703 permaximequo-
999 1633 1057 1706 ptis
1072 1630 1220 1688 excaecatis
1236 1646 1309 1703 pene
1322 1630 1469 1688 universis
1497 1630 1693 1705 principibus,
1709 1630 1829 1689 cesam

117 1722 208 1790 niam,
224 1722 296 1778 dum
312 1720 406 1777 isdem
423 1720 467 1776 vir
480 1723 601 1776 sanctus
623 1719 784 1792 quondam,
800 1719 941 1790 potiorem
958 1753 981 1818 B
999 1722 1060 1778 hec
1076 1721 1167 1795 pestis
1181 1720 1268 1793 longe
1281 1719 1438 1793 latequcin
1448 1719 1645 1777 Ecclesiamm
1659 1719 1826 1794 quibusque

117 1825 206 1883 quam
229 1810 325 1866 luerat
349 1807 497 1881 primitus,
509 1808 642 1863 eamdem
662 1804 834 1863 informaret
854 1805 943 1863 eccle·
997 1811 1123 1886 prelatis
1137 1813 1198 1867 toto
1212 1814 1356 1866 terrarum
1372 1809 1442 1867 orbe
1467 1808 1594 1867 dittirsis.
1607 1808 1745 1883 Denique
1765 1826 1823 1867 cm·

116 1896 378 1970 siam,ccntigitilli
391 1895 889 1953 buicsimilemunusdivinitussibi
901 1912 943 1952 re-
996 1899 1155 1974 nipctentis
1169 1897 1277 1955 Christi
1293 1898 1409 1955 Domini
1425 1897 1587 1972 gratuitum
1609 1913 1645 1955 sc
1660 1896 1823 1956 eouerwile

115 1982 851 2059 servatuminibireperiressicquepreterealaetum
860 1989 943 2041 estut
996 1989 1155 2054 depriment
1166 1987 1287 2061 proprie
1298 1987 1497 2044 damnationis
1506 1986 1822 2053 cumulum,eonrerte

114 2081 142 2134 et
158 2078 264 2134 domus
277 2074 405 2134 ecclesie
420 2073 553 2131 videlicet
563 2073 641 2133 sedis
652 2073 941 2147 pontificalis,pricre
995 2083 1065 2137 runt
1078 2078 1109 2134 in
1124 2076 1250 2134 avaritie
1264 2076 1390 2133 lucrum.
1407 2076 1533 2150 ideoque
1547 2076 1724 2148 hrqiusmodi
1747 2075 1822 2133 vidi.

114 2165 275 2240 elegantior
283 2165 630 2236 reformareturlpscqus
641 2163 783 2219 suadente
791 2163 938 2235 pontifice,
994 2169 1061 2225 licet
1076 2165 1185 2242 prelati
1201 2169 1283 2223 tants
1297 2166 1396 2223 minus
1412 2166 1448 2222 sd
1464 2165 1597 2222 divinum
1617 2165 1819 2240 peragendum

115 2260 297 2321 ceterarum,
314 2270 378 2326 que
393 2253 423 2309 in
441 2252 542 2309 eadem
554 2251 667 2308 civitate
682 2251 874 2325 deperierant,
888 2253 934 2310 ba·
994 2276 1068 2332 opus
1084 2254 1274 2313 inveniuntur
1287 2254 1395 2322 idonei,
1411 2259 1521 2329 quanto
1536 2258 1654 2313 constat
1668 2254 1744 2328 quia
1765 2271 1819 2312 non

114 2344 264 2403 silicarnm
279 2346 447 2400 sanctorum
460 2357 704 2413 quorumcunque
727 2341 841 2398 meritis
859 2340 939 2397 dice·
994 2348 1029 2404 ad
1046 2346 1118 2403 illud
1132 2348 1319 2401 accesserunt
1332 2361 1384 2418 per
1399 2344 1513 2401 aditum
1522 2342 1696 2418 principalis
1704 2343 1819 2401 ostii&

114 2439 211 2493 tarum
226 2433 304 2490 edes
317 2430 514 2489 anterioribus
530 2430 657 2503 potiores
681 2429 938 2498 constituerentur,
993 2436 1062 2493 lieet
1088 2435 1229 2492 adversus
1254 2432 1359 2490 talium
1388 2448 1578 2508 personarum
1608 2432 1818 2507 procacitatem

115 2527 203 2596 atque
218 2518 938 2592 divinorumoperumcultusinaisdamexoelian·
993 2523 1195 2598 multipliciter
1205 2521 1312 2579 clamet
1322 2538 1472 2580 sacrarum
1483 2521 1705 2596 Scripturarum
1716 2538 1819 2589 cenom

17 2639 25 2651 ·
114 2613 171 2670 tior
184 2612 342 2668 haberetur
365 2626 423 2683 pre
446 2607 735 2680 omnibus.1psaque
759 2607 830 2664 urbs
851 2609 938 2680 paulo
994 2630 1072 2670 nunc
1086 2617 1183 2668 tamen
1200 2609 1284 2667 sclito
1300 2609 1493 2684 multiplicius
1508 2610 1691 2685 comperitur
1714 2609 1778 2668 iicri
1792 2610 1822 2668 in

114 2705 181 2776 post
195 2701 300 2757 referta
315 2699 470 2755 domorum
485 2695 625 2763 edificiis,
636 2697 720 2771 plebs
729 2697 848 2753 tandem
859 2697 938 2754 illius
993 2701 1116 2759 dirersis
1144 2699 1340 2759 Ecclesiarum
1368 2699 1533 2758 ordinibus.
1547 2699 1622 2757 Nsm
1647 2698 1707 2773 ipsi
1729 2715 1824 2775 reges,

115 2790 249 2863 mitigata
263 2805 281 2845 s
295 2786 415 2861 flagitiis
429 2785 546 2843 Domini
562 2785 669 2858 pietate
681 2787 833 2852 subventa,
845 2790 940 2843 tantc·
993 2790 1043 2866 qui
1060 2807 1149 2847 sacre
1165 2787 1314 2862 religionis
1324 2788 1496 2847 idonearum
1508 2789 1674 2846 decretores
1688 2804 1826 2863 permus-

23 2881 25 2885 '
114 2896 172 2953 que
185 2876 274 2934 citius
288 2875 444 2943 convaluit,
456 2879 567 2948 quanto
582 2874 716 2948 sagacius
731 2874 880 2949 propriam
894 2892 940 2933 ca·
994 2897 1059 2937 rurn
1074 2894 1139 2936 esse
1154 2878 1325 2945 debuerant,
1342 2894 1500 2935 munerum
1514 2876 1671 2949 irreptione
1680 2877 1824 2952 corrupti,

112 2968 274 3026 lumitatem
297 2963 411 3039 excepit
432 2965 468 3021 cb
491 2963 682 3036 correptionis
704 2962 856 3021 ultionem.
873 2965 939 3021 Fuit
993 2967 1134 3044 potiorem
1147 2965 1319 3041 quempiam
1343 2967 1380 3023 ad
1406 2966 1537 3040 emmau
1562 2964 1766 3023 Ecclesiarmn
1779 2964 1823 3024 vei

113 3074 242 3133 namque
257 3056 395 3132 predicta
408 3054 511 3112 civitas
524 3052 699 3126 antiquitus,
715 3057 749 3109 ut
763 3058 807 3109 est
822 3052 938 3126 impre·
993 3057 1158 3114 animarum
1169 3052 1823 3130 dijudicant,illumvidelicet‚aqucsmplicrs

113 3119 975 3219 sentiarum,regumFranccrumprincipalissedesrcgia,G
994 3163 1116 3203 munera
1126 3143 1509 3217 susciperesperaut.lltquc
1520 3143 1822 3218 idcircopermaximc

113 3239 224 3297 scilicet
233 3235 340 3311 prcsui
351 3231 610 3308 pulchritudineae
618 3231 752 3304 populari
763 3232 936 3306 frequentia,
992 3235 1103 3309 quique
1118 3249 1256 3308 procaces
1271 3248 1304 3290 ac
1326 3235 1446 3306 turgore
1469 3231 1613 3306 superbie
1635 3232 1743 3303 iniisti,
1759 3249 1822 3292 sese

113 3344 166 3385 nec
174 3344 233 3384 non
243 3330 274 3383 et
281 3323 397 3382 telluris
407 3320 760 3394 ubertate‚perspicuiquc
769 3320 938 3395 irrigatione
992 3324 1069 3382 ultro
1084 3323 1191 3396 cuique
1206 3320 1368 3395 prelationi
1381 3320 1530 3395 ingerant,
1546 3321 1647 3380 minus
1658 3321 1820 3380 formidan-

112 3415 254 3474 fluminis.
274 3415 316 3472 Ex
331 3411 432 3487 Ligere
445 3412 553 3485 quippe
568 3409 626 3467 sibi
640 3425 769 3483 congruo
783 3410 871 3467 etism
883 3411 937 3466 llu-
992 3419 1036 3472 tes
1051 3411 1327 3485 incurrereiapsum
1338 3409 1476 3484 neglecte
1488 3409 1646 3484 pastoralis
1656 3427 1820 3486 aureque·

112 3505 192 3563 mine
202 3518 346 3578 agnomen
357 3501 446 3558 habet
456 3498 764 3572 inditum,diciturque
775 3501 936 3569 Aureliano,
992 3503 1072 3560 niam
1083 3505 1148 3558 tota
1162 3499 1347 3557 solummodo
1362 3498 1479 3556 iliorum
1491 3500 1599 3573 pendet
1613 3499 1819 3560 fiduciasxlc·

113 3593 199 3670 quasi
212 3608 261 3650 cre
274 3593 421 3663 Liparicoa
436 3607 447 3645 .·
461 3605 495 3646 eo
510 3587 646 3644 videlicet
659 3589 737 3661 quod
753 3588 783 3644 in
799 3605 848 3646 cre
862 3591 938 3660 ejus·
992 3592 1067 3649 culis
1082 3589 1208 3648 collecte
1224 3587 1365 3663 pecunie,
1378 3605 1437 3646 non
1452 3605 1487 3646 ex
1502 3593 1644 3664 perceptas
1668 3589 1757 3648 donis
1774 3607 1820 3648 sa·

112 3686 179 3742 dem
195 3680 327 3741 fluminis
341 3680 406 3753 ripa
421 3679 460 3735 sit
481 3677 650 3735 constituta.
671 3676 745 3744 Non,
761 3681 794 3733 ut
817 3677 937 3749 quidam
992 3680 1273 3755 pientissimoque
1282 3677 1411 3752 amplius
1426 3678 1533 3753 adepto
1543 3677 1689 3753 regimine
1703 3679 1821 3737 student

112 3774 211 3831 minus
226 3771 304 3829 cauti
315 3767 534 3836 existimant,ab
545 3765 697 3822 Aureliano
707 3767 936 3840 Augustequasi
992 3769 1129 3836 avaritie,
1146 3772 1255 3840 quanto
1267 3769 1384 3824 constat
1396 3766 1544 3840 propriam
1560 3783 1595 3825 ex
1609 3766 1663 3826 illa
1684 3767 1819 3828 ambitio·

112 3862 252 3934 cumipse
267 3856 459 3926 edificaverit,
477 3855 517 3912 sit
529 3856 676 3923 vocatam3
691 3854 762 3927 quin
784 3855 881 3926 potius
900 3856 938 3912 ab
992 3876 1059 3915 nem
1073 3856 1223 3930 implesse.
1239 3857 1289 3924 Ac,
1305 3854 1386 3912 velut
1400 3855 1479 3913 idclc
1494 3855 1550 3913 sibi
1566 3873 1618 3930 pro
1632 3855 1695 3914 Deo
1711 3854 1819 3915 ensu-

112 3968 208 4019 amne‚
224 3953 256 4007 ut
270 3947 410 4016 diximus,
425 3946 504 4019 qnod
519 3943 627 4001 rectius
641 3943 797 4017 veriusque
812 3943 854 4001 illi
869 3961 937 4002 eon·
992 3952 1066 4017 tuto,
1079 3945 1128 4002 illi·
1144 3945 1286 4013 serviunt,
1299 3951 1349 4017 per
1362 3960 1450 4018 quem
1470 3943 1581 4002 scilicet
1605 3944 1768 4014 informati,
1780 3945 1816 4004 sd

112 4041 202 4116 gruit.

433 4123 549 4181 CAPUT
568 4122 615 4179 v1.

230 4219 267 4277 lie
278 4215 490 4290 pretaticoidru
504 4214 594 4286 turpis
608 4214 681 4270 lucri
693 4214 821 4285 arreptis.

146 4310 233 4367 Sacro
257 4306 349 4380 igitur
372 4304 570 4379 praemonente
593 4301 722 4374 eloquio,
738 4300 802 4358 luce
829 4301 938 4359 clarius

111 4401 294 4471 compertum
309 4395 435 4452 babetur
446 4390 586 4464 quoniam
601 4390 632 4447 iu
647 4407 786 4464 processu
810 4389 937 4448 novissi-

992 4036 1049 4094 tale
1064 4051 1171 4092 nomen
1187 4032 1299 4106 absque
1313 4032 1418 4091 merito
1437 4032 1482 4091 rel
1498 4048 1584 4108 opere
1610 4037 1816 4109 proruperunt.

993 4126 1097 4198 Fitque
1111 4123 1211 4181 minus
1225 4121 1321 4180 cautis
1336 4120 1500 4203 deceptiora
1514 4112 1650 4180 imitandi
1665 4124 1772 4192 torma,
1786 4138 1818 4183 sc

992 4214 1113 4289 perinde
1127 4210 1257 4269 vicissim
1273 4211 1614 4271 contumuinvidentis.
1624 4213 1742 4288 Quippe
1752 4230 1820 4288 quo·
1860 4248 1864 4255 ·

993 4303 1073 4361 niam
1088 4299 1233 4375 quidquid
1247 4299 1278 4356 in
1293 4298 1404 4358 talibus
1418 4299 1504 4357 aliter
1513 4300 1682 4361 emittendo
1695 4301 1818 4379 colligit,
1856 4346 1864 4363 .

991 4392 1107 4449 videtur
1120 4388 1204 4446 alteri
1218 4387 1374 4447 invidendo
1385 4389 1443 4446 sibi
1452 4390 1582 4464 subripi3
1598 4393 1736 4464 atqueut
1749 4390 1864 4451 tari·-

111 4502 228 4544 mcrum
243 4481 549 4555 dicrum,irigescents
562 4479 592 4534 in
609 4479 780 4537 hominibus
796 4478 936 4536 charitate
952 4495 977 4562 ῃ
992 4482 1097 4538 dcrum
1112 4494 1229 4551 semper
1243 4493 1307 4536 mos
1320 4481 1375 4547 est,
1391 4476 1496 4537 alienis
1510 4477 1701 4539 felicitatibus
1715 4479 1864 4539 inded—

110 4592 145 4632 ac
159 4572 418 4648 superabundante
432 4568 597 4642 iniquitate,
613 4568 763 4625 instabant
773 4567 938 4641 periculosa

111 4664 278 4723 animarum
292 4665 435 4734 tempore.
452 4658 525 4715 Nam
538 4659 567 4712 ct
581 4655 794 4730 multiplicibus
807 4655 939 4730 antiquo·

110 4771 178 4812 rum
201 4753 322 4811 Petrum
344 4747 500 4805 intimatur
522 4744 735 4803 assertionibus
755 4746 939 4820 quod„gras·

111 4847 195 4902 sante
209 4840 340 4908 avaritia,
356 4835 570 4911 preteritarum
580 4833 651 4906 jura
671 4832 715 4891 vel
737 4834 856 4891 ordines
869 4834 938 4892 reli-

111 4933 232 5008 gionum
247 4948 282 4989 ex
295 4946 329 4987 ec
344 4928 423 4985 unde
436 4939 613 4997 consurgere
634 4924 762 4983 debuere
786 4924 822 4982 ad
846 4924 939 4981 incre-

112 5021 202 5078 menti
217 5004 502 5092 prefectumexindc
517 5028 670 5086 sumpsere
682 5011 880 5085 corruptionis
890 5012 939 5068 ds·

112 5109 230 5167 iccium.
240 5107 374 5179 illudque
384 5104 533 5177 aliquibus
543 5118 660 5158 versum
671 5105 716 5158 est
730 5100 759 5155 in
770 5100 937 5158 animarum

112 5196 334 5263 detrimentum,
347 5193 425 5268 quod
439 5191 618 5266 quibusdam
632 5206 667 5247 eo
682 5188 811 5263 legitime
827 5189 936 5247 utenti-

113 5288 169 5344 bus
184 5283 240 5341 ruit
253 5281 498 5341 emolumentum.
514 5279 938 5352 Siquidemptdiximmetur-

113 5375 159 5450 pis
173 5373 247 5430 lucri
271 5371 393 5431 arantis
406 5369 576 5442 imperante,
593 5368 755 5425 suffocatur
778 5367 939 5441 sepissime

112 5461 377 5537 censurajustitie.
389 5462 460 5517 dum
477 5456 554 5515 enim
570 5457 600 5514 in
615 5456 795 5515 diversarum
806 5457 938 5531 gentium

113 5572 146 5616 sc
161 5552 378 5631 provinciarum
393 5547 521 5607 cultibus
536 5547 612 5607 istus
626 5547 770 5605 habeatur
779 5544 939 5621 probabile,

994 4573 1097 4628 neuter
1112 4570 1256 4642 appetant
1267 4564 1408 4640 torqueri.
1421 4566 1594 4627 iiiuceiiam
1608 4567 1776 4640 procedunt
1787 4567 1864 4627 lt-

992 4658 1132 4732 tigicrum
1146 4654 1294 4714 tumultus
1309 4655 1432 4724 assidui,
1448 4655 1644 4730 oriunturque
1655 4656 1864 4732 traconti-

992 4745 1142 4815 scaudala,
1158 4761 1192 4801 ac
1206 4744 1389 4803 diversorum
1403 4745 1627 4820 trangrediendc
1649 4745 1864 4807 convellitu-

992 4840 1078 4893 teucr
1091 4833 1240 4891 ordinum.
1250 4832 1298 4890 Sic
1312 4833 1402 4892 etiam
1413 4832 1535 4909 contigit
1549 4834 1669 4903 nt,dum
1679 4834 1864 4913 irreligio-

993 4921 1864 4998 sitasgrassaturisalereprccacinusatmccatiaanrta

993 5013 1141 5088 appetitus
1156 5015 1322 5069 succrescat
1337 5010 1693 5085 inpopulo.1tcludersrc
1704 5014 1864 5075 naama

992 5103 1104 5161 ciorum
1120 5099 1395 5171 circumuenientie,
1411 5100 1531 5160 iraudes
1547 5104 1638 5175 atquc
1662 5101 1864 5163 homicidi-

992 5190 1226 5263 universospene
1236 5187 1267 5244 in
1277 5187 1428 5245 interitum
1438 5188 1864 5266 subripiendcpsrtrahuuii

992 5282 1028 5338 ut
1042 5278 1183 5353 quoniam
1209 5275 1358 5334 catholice
1382 5277 1451 5335 ildei
1475 5278 1606 5348 oculum,
1620 5278 1761 5341 videlicet
1773 5282 1864 5343 lad

994 5369 1093 5429 clesie
1108 5366 1254 5440 prelatos,
1270 5365 1404 5440 pessime
1419 5366 1559 5426 cecitatis
1572 5367 1668 5444 caligo
1681 5362 1864 5447 obrepat!

996 5458 1105 5516 idcirco
1119 5453 1202 5530 plebs
1214 5454 1305 5524 illius,
1317 5455 1440 5529 proprie
1455 5455 1560 5514 salutis
1573 5455 1652 5516 viam
1672 5458 1864 5534 ignom

996 5548 1026 5606 iu
1035 5563 1095 5606 sue
1103 5544 1276 5622 perditionis
1286 5544 1404 5611 ruinam
1412 5544 1608 5606 deciditlure
1617 5547 1709 5608 etiam
1736 5534 1864 5609 cccl?
