<?xml version="1.0" encoding="UTF-8"?>
<!DOCTYPE html PUBLIC "-//W3C//DTD XHTML 1.0 Transitional//EN"
    "http://www.w3.org/TR/xhtml1/DTD/xhtml1-transitional.dtd">
<html xmlns="http://www.w3.org/1999/xhtml" xml:lang="en" lang="en">
 <head>
  <title>
</title>
<meta http-equiv="Content-Type" content="text/html;charset=utf-8" />
  <meta name='ocr-system' content='tesseract 3.04.00' />
  <meta name='ocr-capabilities' content='ocr_page ocr_carea ocr_par ocr_line ocrx_word'/>
</head>
<body>
  <div class='ocr_page' id='page_1' title='image "./patrologiaecurs64unkngoog/patrologiaecurs64unkngoog_0559.png"; bbox 0 0 3884 6084; ppageno 0'>
   <div class='ocr_carea' id='block_1_1' title="bbox 126 246 1835 319">
    <p class='ocr_par' dir='ltr' id='par_1_1' title="bbox 126 246 1835 319">
     <span class='ocr_line' id='line_1_1' title="bbox 126 246 1835 319; baseline 0.003 -6"><span class='ocrx_word' id='word_1_1' title='bbox 126 250 159 319; x_wconf 82' lang='lat' dir='ltr'>ll</span> <span class='ocrx_word' id='word_1_2' title='bbox 171 248 206 313; x_wconf 78' lang='lat'>13</span> <span class='ocrx_word' id='word_1_3' title='bbox 726 247 935 313; x_wconf 78' lang='lat' dir='ltr'>PROLOGUS</span> <span class='ocrx_word' id='word_1_4' title='bbox 959 246 999 307; x_wconf 85' lang='grc' dir='ltr'>ΙΝ</span> <span class='ocrx_word' id='word_1_5' title='bbox 1020 246 1239 316; x_wconf 74' lang='grc' dir='ltr'><strong>ΤΟΝΑΗΙΠΜ.</strong></span> <span class='ocrx_word' id='word_1_6' title='bbox 1745 256 1835 319; x_wconf 69' lang='lat' dir='ltr'>:llll</span> 
     </span>
    </p>
   </div>
   <div class='ocr_carea' id='block_1_2' title="bbox 84 381 1917 4911">
    <p class='ocr_par' dir='ltr' id='par_1_2' title="bbox 124 381 1835 552">
     <span class='ocr_line' id='line_1_2' title="bbox 124 381 1834 460; baseline 0.002 -15"><span class='ocrx_word' id='word_1_7' title='bbox 124 381 320 449; x_wconf 68' lang='lat' dir='ltr'><strong>ordinabilem</strong></span> <span class='ocrx_word' id='word_1_8' title='bbox 335 383 572 458; x_wconf 74' lang='lat' dir='ltr'>progressionem</span> <span class='ocrx_word' id='word_1_9' title='bbox 587 385 695 444; x_wconf 87' lang='lat' dir='ltr'>senties</span> <span class='ocrx_word' id='word_1_10' title='bbox 719 386 755 444; x_wconf 89' lang='lat' dir='ltr'>nd</span> <span class='ocrx_word' id='word_1_11' title='bbox 771 383 888 443; x_wconf 84' lang='lat' dir='ltr'>socialis</span> <span class='ocrx_word' id='word_1_12' title='bbox 904 382 950 443; x_wconf 89' lang='lat' dir='ltr'>sui</span> <span class='ocrx_word' id='word_1_13' title='bbox 965 381 994 454; x_wconf 69' lang='grc' dir='ltr'><strong>Α</strong></span> <span class='ocrx_word' id='word_1_14' title='bbox 1008 383 1085 456; x_wconf 90' lang='lat' dir='ltr'>quod</span> <span class='ocrx_word' id='word_1_15' title='bbox 1101 384 1204 443; x_wconf 81' lang='lat' dir='ltr'>delinit</span> <span class='ocrx_word' id='word_1_16' title='bbox 1217 384 1344 460; x_wconf 81' lang='lat' dir='ltr'>explicat</span> <span class='ocrx_word' id='word_1_17' title='bbox 1358 385 1429 460; x_wconf 87' lang='lat' dir='ltr'>quid</span> <span class='ocrx_word' id='word_1_18' title='bbox 1439 386 1488 444; x_wconf 90' lang='lat' dir='ltr'>sit.</span> <span class='ocrx_word' id='word_1_19' title='bbox 1499 387 1556 447; x_wconf 81' lang='lat' dir='ltr'>Sed</span> <span class='ocrx_word' id='word_1_20' title='bbox 1564 386 1618 447; x_wconf 90' lang='lat' dir='ltr'>hid</span> <span class='ocrx_word' id='word_1_21' title='bbox 1629 386 1834 448; x_wconf 49' lang='lat' dir='ltr'>&gt;definitionem</span> 
     </span>
     <span class='ocr_line' id='line_1_3' title="bbox 128 473 1835 552; baseline 0.006 -25"><span class='ocrx_word' id='word_1_22' title='bbox 128 474 276 547; x_wconf 81' lang='lat' dir='ltr'>pertinere</span> <span class='ocrx_word' id='word_1_23' title='bbox 292 473 392 536; x_wconf 84' lang='lat' dir='ltr'>finem.</span> <span class='ocrx_word' id='word_1_24' title='bbox 1011 473 1083 530; x_wconf 81' lang='lat' dir='ltr'>nihil</span> <span class='ocrx_word' id='word_1_25' title='bbox 1100 474 1180 533; x_wconf 90' lang='lat' dir='ltr'>aliud</span> <span class='ocrx_word' id='word_1_26' title='bbox 1196 493 1284 548; x_wconf 87' lang='lat' dir='ltr'>quem</span> <span class='ocrx_word' id='word_1_27' title='bbox 1300 477 1495 534; x_wconf 79' lang='lat' dir='ltr'>differentiam</span> <span class='ocrx_word' id='word_1_28' title='bbox 1505 477 1735 552; x_wconf 69' lang='lat' dir='ltr'>intelligatque</span> <span class='ocrx_word' id='word_1_29' title='bbox 1750 479 1835 538; x_wconf 87' lang='lat' dir='ltr'>initia</span> 
     </span>
    </p>

    <p class='ocr_par' dir='ltr' id='par_1_3' title="bbox 125 562 1835 1085">
     <span class='ocr_line' id='line_1_4' title="bbox 163 562 1834 641; baseline 0.002 -21"><span class='ocrx_word' id='word_1_30' title='bbox 163 562 296 636; x_wconf 85' lang='lat' dir='ltr'>idipsum</span> <span class='ocrx_word' id='word_1_31' title='bbox 308 562 659 635; x_wconf 86' lang='lat' dir='ltr'>inquintislocisevenire</span> <span class='ocrx_word' id='word_1_32' title='bbox 670 564 836 632; x_wconf 89' lang='lat' dir='ltr'>solet,verbi</span> <span class='ocrx_word' id='word_1_33' title='bbox 850 564 954 637; x_wconf 87' lang='lat' dir='ltr'>grstia,</span> <span class='ocrx_word' id='word_1_34' title='bbox 1010 568 1115 621; x_wconf 89' lang='lat' dir='ltr'>cantus</span> <span class='ocrx_word' id='word_1_35' title='bbox 1127 564 1172 621; x_wconf 89' lang='lat' dir='ltr'>vel</span> <span class='ocrx_word' id='word_1_36' title='bbox 1188 567 1363 623; x_wconf 66' lang='lat' dir='ltr'>saeculorum.</span> <span class='ocrx_word' id='word_1_37' title='bbox 1378 567 1463 623; x_wconf 78' lang='lat' dir='ltr'>Amen</span> <span class='ocrx_word' id='word_1_38' title='bbox 1478 585 1495 623; x_wconf 86' lang='lat' dir='ltr'>a</span> <span class='ocrx_word' id='word_1_39' title='bbox 1509 584 1581 624; x_wconf 90' lang='lat' dir='ltr'>scnc</span> <span class='ocrx_word' id='word_1_40' title='bbox 1591 567 1763 641; x_wconf 85' lang='lat' dir='ltr'>principalis</span> <span class='ocrx_word' id='word_1_41' title='bbox 1773 569 1834 624; x_wconf 88' lang='lat' dir='ltr'>toni</span> 
     </span>
     <span class='ocr_line' id='line_1_5' title="bbox 127 651 1833 725; baseline 0.003 -18"><span class='ocrx_word' id='word_1_42' title='bbox 127 651 186 713; x_wconf 89' lang='lat' dir='ltr'>nisi</span> <span class='ocrx_word' id='word_1_43' title='bbox 202 651 281 709; x_wconf 89' lang='lat' dir='ltr'>euim</span> <span class='ocrx_word' id='word_1_44' title='bbox 295 651 340 709; x_wconf 74' lang='lat' dir='ltr'>han</span> <span class='ocrx_word' id='word_1_45' title='bbox 355 651 532 725; x_wconf 76' lang='lat' dir='ltr'>antiphonae,</span> <span class='ocrx_word' id='word_1_46' title='bbox 545 654 620 710; x_wconf 78' lang='lat' dir='ltr'>Alica</span> <span class='ocrx_word' id='word_1_47' title='bbox 635 671 694 711; x_wconf 84' lang='lat' dir='ltr'>oues</span> <span class='ocrx_word' id='word_1_48' title='bbox 709 654 813 719; x_wconf 63' lang='lat' dir='ltr'>hurbem</span> <span class='ocrx_word' id='word_1_49' title='bbox 830 655 953 720; x_wconf 83' lang='lat' dir='ltr'>Domine,</span> <span class='ocrx_word' id='word_1_50' title='bbox 1009 652 1069 710; x_wconf 89' lang='lat' dir='ltr'>sive</span> <span class='ocrx_word' id='word_1_51' title='bbox 1085 654 1114 710; x_wconf 92' lang='lat' dir='ltr'>in</span> <span class='ocrx_word' id='word_1_52' title='bbox 1130 654 1309 722; x_wconf 79' lang='lat' dir='ltr'>extensione,</span> <span class='ocrx_word' id='word_1_53' title='bbox 1326 656 1387 713; x_wconf 87' lang='lat' dir='ltr'>sive</span> <span class='ocrx_word' id='word_1_54' title='bbox 1402 657 1432 713; x_wconf 92' lang='lat' dir='ltr'>in</span> <span class='ocrx_word' id='word_1_55' title='bbox 1459 656 1643 723; x_wconf 79' lang='lat' dir='ltr'>remissione,</span> <span class='ocrx_word' id='word_1_56' title='bbox 1659 655 1719 712; x_wconf 86' lang='lat' dir='ltr'>sive</span> <span class='ocrx_word' id='word_1_57' title='bbox 1738 656 1833 713; x_wconf 85' lang='lat' dir='ltr'>etiam</span> 
     </span>
     <span class='ocr_line' id='line_1_6' title="bbox 126 741 1835 818; baseline 0.003 -22"><span class='ocrx_word' id='word_1_58' title='bbox 126 741 178 813; x_wconf 79' lang='lat' dir='ltr'>pai</span> <span class='ocrx_word' id='word_1_59' title='bbox 191 741 297 812; x_wconf 85' lang='lat' dir='ltr'>operati</span> <span class='ocrx_word' id='word_1_60' title='bbox 311 745 388 810; x_wconf 83' lang='lat' dir='ltr'>sunt,</span> <span class='ocrx_word' id='word_1_61' title='bbox 404 756 467 814; x_wconf 81' lang='lat' dir='ltr'>que</span> <span class='ocrx_word' id='word_1_62' title='bbox 483 742 557 799; x_wconf 82' lang='lat' dir='ltr'>sexti</span> <span class='ocrx_word' id='word_1_63' title='bbox 586 743 743 813; x_wconf 89' lang='lat' dir='ltr'>suuttcni,</span> <span class='ocrx_word' id='word_1_64' title='bbox 760 742 789 798; x_wconf 89' lang='lat' dir='ltr'>in</span> <span class='ocrx_word' id='word_1_65' title='bbox 818 743 954 815; x_wconf 89' lang='lat' dir='ltr'>quintum</span> <span class='ocrx_word' id='word_1_66' title='bbox 1009 743 1373 818; x_wconf 88' lang='lat' dir='ltr'>codemlocoiucipiendo,</span> <span class='ocrx_word' id='word_1_67' title='bbox 1390 747 1473 802; x_wconf 86' lang='lat' dir='ltr'>suavi</span> <span class='ocrx_word' id='word_1_68' title='bbox 1490 762 1524 802; x_wconf 91' lang='lat' dir='ltr'>nc</span> <span class='ocrx_word' id='word_1_69' title='bbox 1546 744 1745 802; x_wconf 65' lang='lat' dir='ltr'>concordabili</span> <span class='ocrx_word' id='word_1_70' title='bbox 1762 762 1835 817; x_wconf 89' lang='lat' dir='ltr'>qus-</span> 
     </span>
     <span class='ocr_line' id='line_1_7' title="bbox 126 828 1833 907; baseline 0.003 -21"><span class='ocrx_word' id='word_1_71' title='bbox 126 833 361 902; x_wconf 86' lang='lat' dir='ltr'>trensponantur</span> <span class='ocrx_word' id='word_1_72' title='bbox 374 828 482 897; x_wconf 89' lang='lat' dir='ltr'>locum,</span> <span class='ocrx_word' id='word_1_73' title='bbox 499 830 553 886; x_wconf 88' lang='lat' dir='ltr'>hcc</span> <span class='ocrx_word' id='word_1_74' title='bbox 570 836 646 888; x_wconf 89' lang='lat' dir='ltr'>esta</span> <span class='ocrx_word' id='word_1_75' title='bbox 666 831 826 907; x_wconf 74' lang='lat' dir='ltr'>parhypate</span> <span class='ocrx_word' id='word_1_76' title='bbox 853 847 953 886; x_wconf 87' lang='lat' dir='ltr'>meson</span> <span class='ocrx_word' id='word_1_77' title='bbox 1008 832 1075 888; x_wconf 85' lang='lat' dir='ltr'>darn</span> <span class='ocrx_word' id='word_1_78' title='bbox 1089 833 1228 890; x_wconf 86' lang='lat' dir='ltr'>diderunt</span> <span class='ocrx_word' id='word_1_79' title='bbox 1239 834 1593 906; x_wconf 82' lang='lat' dir='ltr'>diversitateouenqaam</span> <span class='ocrx_word' id='word_1_80' title='bbox 1604 833 1833 893; x_wconf 79' lang='lat' dir='ltr'>nosreetiusdil&#39;·</span> 
     </span>
     <span class='ocr_line' id='line_1_8' title="bbox 125 915 1832 1001; baseline 0.004 -28"><span class='ocrx_word' id='word_1_81' title='bbox 125 916 158 973; x_wconf 92' lang='lat' dir='ltr'>in</span> <span class='ocrx_word' id='word_1_82' title='bbox 173 915 494 991; x_wconf 85' lang='lat' dir='ltr'>tritediezeugmenon,</span> <span class='ocrx_word' id='word_1_83' title='bbox 510 936 698 994; x_wconf 86' lang='lat' dir='ltr'>nequaquam</span> <span class='ocrx_word' id='word_1_84' title='bbox 710 921 739 976; x_wconf 91' lang='lat' dir='ltr'>in</span> <span class='ocrx_word' id='word_1_85' title='bbox 756 919 882 993; x_wconf 79' lang='lat' dir='ltr'>regulari</span> <span class='ocrx_word' id='word_1_86' title='bbox 896 937 955 1001; x_wconf 87' lang='lat' dir='ltr'>mo·</span> <span class='ocrx_word' id='word_1_87' title='bbox 1008 921 1146 979; x_wconf 85' lang='lat' dir='ltr'>icrentias</span> <span class='ocrx_word' id='word_1_88' title='bbox 1157 939 1247 995; x_wconf 85' lang='lat' dir='ltr'>quam</span> <span class='ocrx_word' id='word_1_89' title='bbox 1259 924 1444 980; x_wconf 81' lang='lat' dir='ltr'>definitiones</span> <span class='ocrx_word' id='word_1_90' title='bbox 1460 922 1518 979; x_wconf 93' lang='lat' dir='ltr'>dici</span> <span class='ocrx_word' id='word_1_91' title='bbox 1530 924 1635 980; x_wconf 89' lang='lat' dir='ltr'>debere</span> <span class='ocrx_word' id='word_1_92' title='bbox 1644 922 1832 992; x_wconf 70' lang='lat' dir='ltr'>arbitremur,</span> 
     </span>
     <span class='ocr_line' id='line_1_9' title="bbox 126 1005 1835 1085; baseline 0.002 -22"><span class='ocrx_word' id='word_1_93' title='bbox 126 1005 277 1063; x_wconf 79' lang='lat' dir='ltr'>uoobordo</span> <span class='ocrx_word' id='word_1_94' title='bbox 291 1023 406 1064; x_wconf 88' lang='lat' dir='ltr'>servare</span> <span class='ocrx_word' id='word_1_95' title='bbox 422 1013 560 1079; x_wconf 88' lang='lat' dir='ltr'>poterunt</span> <span class='ocrx_word' id='word_1_96' title='bbox 575 1010 708 1067; x_wconf 90' lang='lat' dir='ltr'>ordinem</span> <span class='ocrx_word' id='word_1_97' title='bbox 724 1026 822 1067; x_wconf 91' lang='lat' dir='ltr'>suum.</span> <span class='ocrx_word' id='word_1_98' title='bbox 1009 1011 1135 1067; x_wconf 81' lang='lat' dir='ltr'>maxime</span> <span class='ocrx_word' id='word_1_99' title='bbox 1146 1029 1212 1068; x_wconf 89' lang='lat' dir='ltr'>cum</span> <span class='ocrx_word' id='word_1_100' title='bbox 1225 1029 1282 1068; x_wconf 91' lang='lat' dir='ltr'>non</span> <span class='ocrx_word' id='word_1_101' title='bbox 1294 1006 1404 1084; x_wconf 86' lang='lat' dir='ltr'>aliquid</span> <span class='ocrx_word' id='word_1_102' title='bbox 1416 1009 1760 1085; x_wconf 87' lang='lat' dir='ltr'>ibiquidsitdeiiaismus</span> <span class='ocrx_word' id='word_1_103' title='bbox 1772 1028 1835 1084; x_wconf 86' lang='lat' dir='ltr'>pcr-</span> 
     </span>
    </p>

    <p class='ocr_par' dir='ltr' id='par_1_4' title="bbox 84 1094 1917 2066">
     <span class='ocr_line' id='line_1_10' title="bbox 162 1094 1835 1172; baseline 0.004 -22"><span class='ocrx_word' id='word_1_104' title='bbox 162 1094 230 1151; x_wconf 79' lang='lat' dir='ltr'>lisse</span> <span class='ocrx_word' id='word_1_105' title='bbox 244 1111 336 1167; x_wconf 88' lang='lat' dir='ltr'>pauca</span> <span class='ocrx_word' id='word_1_106' title='bbox 350 1112 402 1168; x_wconf 91' lang='lat' dir='ltr'>pro</span> <span class='ocrx_word' id='word_1_107' title='bbox 415 1097 556 1170; x_wconf 86' lang='lat' dir='ltr'>exemplis</span> <span class='ocrx_word' id='word_1_108' title='bbox 568 1099 628 1155; x_wconf 92' lang='lat' dir='ltr'>sint</span> <span class='ocrx_word' id='word_1_109' title='bbox 645 1098 747 1172; x_wconf 86' lang='lat' dir='ltr'>posita.</span> <span class='ocrx_word' id='word_1_110' title='bbox 764 1101 905 1155; x_wconf 82' lang='lat' dir='ltr'>Ceterum</span> <span class='ocrx_word' id='word_1_111' title='bbox 922 1101 955 1153; x_wconf 94' lang='lat' dir='ltr'>ut</span> <span class='ocrx_word' id='word_1_112' title='bbox 1009 1101 1183 1168; x_wconf 86' lang='lat' dir='ltr'>orando,sed</span> <span class='ocrx_word' id='word_1_113' title='bbox 1197 1102 1276 1158; x_wconf 88' lang='lat' dir='ltr'>varie</span> <span class='ocrx_word' id='word_1_114' title='bbox 1289 1103 1464 1160; x_wconf 77' lang='lat' dir='ltr'>saecctomm.</span> <span class='ocrx_word' id='word_1_115' title='bbox 1480 1103 1565 1158; x_wconf 78' lang='lat' dir='ltr'>Amen</span> <span class='ocrx_word' id='word_1_116' title='bbox 1580 1101 1723 1168; x_wconf 86' lang='lat' dir='ltr'>cenando,</span> <span class='ocrx_word' id='word_1_117' title='bbox 1739 1099 1835 1157; x_wconf 81' lang='lat' dir='ltr'>aliter-</span> 
     </span>
     <span class='ocr_line' id='line_1_11' title="bbox 124 1183 1833 1262; baseline 0.004 -22"><span class='ocrx_word' id='word_1_118' title='bbox 124 1183 157 1240; x_wconf 92' lang='lat' dir='ltr'>ia</span> <span class='ocrx_word' id='word_1_119' title='bbox 173 1183 344 1255; x_wconf 84' lang='lat' dir='ltr'>hujusmodi</span> <span class='ocrx_word' id='word_1_120' title='bbox 351 1185 565 1244; x_wconf 85' lang='lat' dir='ltr'>deiectionibus</span> <span class='ocrx_word' id='word_1_121' title='bbox 579 1187 652 1244; x_wconf 89' lang='lat' dir='ltr'>solet</span> <span class='ocrx_word' id='word_1_122' title='bbox 663 1188 827 1245; x_wconf 87' lang='lat' dir='ltr'>necessario</span> <span class='ocrx_word' id='word_1_123' title='bbox 839 1204 952 1262; x_wconf 88' lang='lat' dir='ltr'>synem-</span> <span class='ocrx_word' id='word_1_124' title='bbox 1008 1189 1327 1261; x_wconf 87' lang='lat' dir='ltr'>quemeluruordiendc</span> <span class='ocrx_word' id='word_1_125' title='bbox 1337 1208 1444 1247; x_wconf 88' lang='lat' dir='ltr'>sonum</span> <span class='ocrx_word' id='word_1_126' title='bbox 1455 1192 1681 1247; x_wconf 85' lang='lat' dir='ltr'>discernemusa</span> <span class='ocrx_word' id='word_1_127' title='bbox 1690 1189 1833 1261; x_wconf 66' lang='lat' dir='ltr'>sanoitd.)</span> 
     </span>
     <span class='ocr_line' id='line_1_12' title="bbox 127 1272 1833 1352; baseline 0.002 -24"><span class='ocrx_word' id='word_1_128' title='bbox 127 1288 235 1329; x_wconf 89' lang='lat' dir='ltr'>menon</span> <span class='ocrx_word' id='word_1_129' title='bbox 251 1272 281 1329; x_wconf 91' lang='lat' dir='ltr'>in</span> <span class='ocrx_word' id='word_1_130' title='bbox 310 1275 513 1347; x_wconf 88' lang='lat' dir='ltr'>superioribus</span> <span class='ocrx_word' id='word_1_131' title='bbox 541 1277 698 1351; x_wconf 88' lang='lat' dir='ltr'>aliquando</span> <span class='ocrx_word' id='word_1_132' title='bbox 727 1279 893 1352; x_wconf 72' lang='lat' dir='ltr'>suflragari,</span> <span class='ocrx_word' id='word_1_133' title='bbox 913 1277 955 1333; x_wconf 92' lang='lat' dir='ltr'>ita</span> <span class='ocrx_word' id='word_1_134' title='bbox 1044 1279 1088 1334; x_wconf 85' lang='lat'>13.</span> <span class='ocrx_word' id='word_1_135' title='bbox 1106 1279 1296 1335; x_wconf 88' lang='lat' dir='ltr'>Inveniuntur</span> <span class='ocrx_word' id='word_1_136' title='bbox 1310 1282 1339 1336; x_wconf 87' lang='lat' dir='ltr'>et</span> <span class='ocrx_word' id='word_1_137' title='bbox 1358 1279 1470 1336; x_wconf 90' lang='lat' dir='ltr'>moduli</span> <span class='ocrx_word' id='word_1_138' title='bbox 1489 1280 1526 1334; x_wconf 89' lang='lat' dir='ltr'>ad</span> <span class='ocrx_word' id='word_1_139' title='bbox 1542 1278 1599 1334; x_wconf 91' lang='lat' dir='ltr'>vim</span> <span class='ocrx_word' id='word_1_140' title='bbox 1616 1278 1761 1349; x_wconf 79' lang='lat' dir='ltr'>cujusque</span> <span class='ocrx_word' id='word_1_141' title='bbox 1771 1275 1833 1334; x_wconf 93' lang='lat' dir='ltr'>toni</span> 
     </span>
     <span class='ocr_line' id='line_1_13' title="bbox 125 1362 1834 1441; baseline 0.002 -24"><span class='ocrx_word' id='word_1_142' title='bbox 125 1376 341 1435; x_wconf 88' lang='lat' dir='ltr'>nonnunquam</span> <span class='ocrx_word' id='word_1_143' title='bbox 370 1362 485 1420; x_wconf 86' lang='lat' dir='ltr'>videtur</span> <span class='ocrx_word' id='word_1_144' title='bbox 508 1366 659 1440; x_wconf 77' lang='lat' dir='ltr'>refragari,</span> <span class='ocrx_word' id='word_1_145' title='bbox 689 1368 718 1423; x_wconf 95' lang='lat' dir='ltr'>in</span> <span class='ocrx_word' id='word_1_146' title='bbox 736 1367 783 1424; x_wconf 91' lang='lat' dir='ltr'>his</span> <span class='ocrx_word' id='word_1_147' title='bbox 812 1369 954 1424; x_wconf 75' lang='lat' dir='ltr'>duntaxat</span> <span class='ocrx_word' id='word_1_148' title='bbox 1008 1366 1240 1441; x_wconf 87' lang='lat' dir='ltr'>investigandam</span> <span class='ocrx_word' id='word_1_149' title='bbox 1254 1368 1419 1441; x_wconf 87' lang='lat' dir='ltr'>antiquitus</span> <span class='ocrx_word' id='word_1_150' title='bbox 1434 1367 1599 1436; x_wconf 86' lang='lat' dir='ltr'>constituti,</span> <span class='ocrx_word' id='word_1_151' title='bbox 1615 1370 1649 1422; x_wconf 90' lang='lat' dir='ltr'>ut</span> <span class='ocrx_word' id='word_1_152' title='bbox 1671 1369 1742 1440; x_wconf 83' lang='lat' dir='ltr'>puta</span> <span class='ocrx_word' id='word_1_153' title='bbox 1756 1364 1834 1422; x_wconf 78' lang='lat' dir='ltr'>Nocet</span> 
     </span>
     <span class='ocr_line' id='line_1_14' title="bbox 125 1451 1831 1530; baseline 0 -21"><span class='ocrx_word' id='word_1_154' title='bbox 125 1451 276 1520; x_wconf 83' lang='lat' dir='ltr'>centibus,</span> <span class='ocrx_word' id='word_1_155' title='bbox 305 1452 355 1524; x_wconf 92' lang='lat' dir='ltr'>qui</span> <span class='ocrx_word' id='word_1_156' title='bbox 385 1452 414 1513; x_wconf 91' lang='lat' dir='ltr'>in</span> <span class='ocrx_word' id='word_1_157' title='bbox 446 1454 634 1512; x_wconf 83' lang='lat' dir='ltr'>interioribus</span> <span class='ocrx_word' id='word_1_158' title='bbox 663 1473 715 1530; x_wconf 89' lang='lat' dir='ltr'>per</span> <span class='ocrx_word' id='word_1_159' title='bbox 742 1473 953 1530; x_wconf 81' lang='lat' dir='ltr'>synemmenon</span> <span class='ocrx_word' id='word_1_160' title='bbox 1008 1461 1127 1515; x_wconf 78' lang='lat' dir='ltr'>doacus.</span> <span class='ocrx_word' id='word_1_161' title='bbox 1143 1459 1225 1515; x_wconf 78' lang='lat' dir='ltr'>uocis</span> <span class='ocrx_word' id='word_1_162' title='bbox 1239 1460 1349 1514; x_wconf 80' lang='lat' dir='ltr'>Nascere</span> <span class='ocrx_word' id='word_1_163' title='bbox 1365 1457 1434 1528; x_wconf 87' lang='grc'>(37.)</span> <span class='ocrx_word' id='word_1_164' title='bbox 1451 1458 1483 1513; x_wconf 93' lang='lat' dir='ltr'>ln</span> <span class='ocrx_word' id='word_1_165' title='bbox 1503 1455 1618 1529; x_wconf 72' lang='lat' dir='ltr'>ouibus</span> <span class='ocrx_word' id='word_1_166' title='bbox 1631 1453 1730 1527; x_wconf 79' lang='lat' dir='ltr'>magis</span> <span class='ocrx_word' id='word_1_167' title='bbox 1743 1452 1831 1510; x_wconf 88' lang='lat' dir='ltr'>intet-</span> 
     </span>
     <span class='ocr_line' id='line_1_15' title="bbox 125 1539 1917 1620; baseline 0 -23"><span class='ocrx_word' id='word_1_168' title='bbox 125 1539 307 1608; x_wconf 82' lang='lat' dir='ltr'>decurrunt;</span> <span class='ocrx_word' id='word_1_169' title='bbox 322 1543 409 1613; x_wconf 77' lang='lat' dir='ltr'>cujus</span> <span class='ocrx_word' id='word_1_170' title='bbox 422 1544 514 1601; x_wconf 88' lang='lat' dir='ltr'>vicem</span> <span class='ocrx_word' id='word_1_171' title='bbox 535 1544 565 1600; x_wconf 92' lang='lat' dir='ltr'>in</span> <span class='ocrx_word' id='word_1_172' title='bbox 590 1546 790 1618; x_wconf 86' lang='lat' dir='ltr'>superioribus</span> <span class='ocrx_word' id='word_1_173' title='bbox 816 1545 953 1620; x_wconf 89' lang='lat' dir='ltr'>supplere</span> <span class='ocrx_word' id='word_1_174' title='bbox 1007 1544 1261 1618; x_wconf 84' lang='lat' dir='ltr'>ligimussyllabss</span> <span class='ocrx_word' id='word_1_175' title='bbox 1273 1543 1652 1618; x_wconf 87' lang='lat' dir='ltr'>modulationiaptasquam</span> <span class='ocrx_word' id='word_1_176' title='bbox 1663 1539 1833 1616; x_wconf 78' lang='lat' dir='ltr'>significati·</span> <span class='ocrx_word' id='word_1_177' title='bbox 1913 1606 1917 1611; x_wconf 44' lang='lat'>‚</span> 
     </span>
     <span class='ocr_line' id='line_1_16' title="bbox 84 1630 1834 1709; baseline -0.001 -22"><span class='ocrx_word' id='word_1_178' title='bbox 84 1673 87 1677; x_wconf 83' lang='lat'>.</span> <span class='ocrx_word' id='word_1_179' title='bbox 114 1632 289 1702; x_wconf 75' lang='lat' dir='ltr'>¹nequeunt,</span> <span class='ocrx_word' id='word_1_180' title='bbox 305 1631 354 1688; x_wconf 90' lang='lat' dir='ltr'>sed</span> <span class='ocrx_word' id='word_1_181' title='bbox 371 1635 400 1687; x_wconf 92' lang='lat' dir='ltr'>et</span> <span class='ocrx_word' id='word_1_182' title='bbox 415 1632 470 1689; x_wconf 91' lang='lat' dir='ltr'>hoc</span> <span class='ocrx_word' id='word_1_183' title='bbox 484 1632 653 1706; x_wconf 86' lang='lat' dir='ltr'>aliquando,</span> <span class='ocrx_word' id='word_1_184' title='bbox 670 1653 727 1692; x_wconf 92' lang='lat' dir='ltr'>non</span> <span class='ocrx_word' id='word_1_185' title='bbox 752 1636 953 1709; x_wconf 88' lang='lat' dir='ltr'>semper.an</span> <span class='ocrx_word' id='word_1_186' title='bbox 1007 1652 1058 1690; x_wconf 90' lang='lat' dir='ltr'>vas</span> <span class='ocrx_word' id='word_1_187' title='bbox 1077 1650 1175 1691; x_wconf 90' lang='lat' dir='ltr'>rerum</span> <span class='ocrx_word' id='word_1_188' title='bbox 1189 1641 1286 1701; x_wconf 87' lang='lat' dir='ltr'>notas,</span> <span class='ocrx_word' id='word_1_189' title='bbox 1302 1651 1377 1707; x_wconf 84' lang='lat' dir='ltr'>quaa</span> <span class='ocrx_word' id='word_1_190' title='bbox 1392 1651 1452 1691; x_wconf 91' lang='lat' dir='ltr'>una</span> <span class='ocrx_word' id='word_1_191' title='bbox 1464 1651 1533 1690; x_wconf 92' lang='lat' dir='ltr'>cum</span> <span class='ocrx_word' id='word_1_192' title='bbox 1555 1632 1623 1691; x_wconf 87' lang='lat' dir='ltr'>aliie</span> <span class='ocrx_word' id='word_1_193' title='bbox 1644 1630 1801 1689; x_wconf 72' lang='lat' dir='ltr'>vversiculis</span> <span class='ocrx_word' id='word_1_194' title='bbox 1812 1645 1834 1686; x_wconf 85' lang='lat' dir='ltr'>a</span> 
     </span>
     <span class='ocr_line' id='line_1_17' title="bbox 124 1716 1834 1819; baseline -0.002 -44"><span class='ocrx_word' id='word_1_195' title='bbox 124 1734 194 1775; x_wconf 77' lang='lat' dir='ltr'>sero</span> <span class='ocrx_word' id='word_1_196' title='bbox 207 1717 238 1774; x_wconf 93' lang='lat' dir='ltr'>in</span> <span class='ocrx_word' id='word_1_197' title='bbox 270 1718 380 1778; x_wconf 88' lang='lat' dir='ltr'>talibus</span> <span class='ocrx_word' id='word_1_198' title='bbox 401 1727 446 1777; x_wconf 89' lang='lat' dir='ltr'>est</span> <span class='ocrx_word' id='word_1_199' title='bbox 470 1723 697 1793; x_wconf 87' lang='lat' dir='ltr'>observandum,</span> <span class='ocrx_word' id='word_1_200' title='bbox 726 1725 797 1782; x_wconf 87' lang='lat' dir='ltr'>utsi</span> <span class='ocrx_word' id='word_1_201' title='bbox 819 1730 953 1782; x_wconf 76' lang='lat' dir='ltr'>cantaras</span> <span class='ocrx_word' id='word_1_202' title='bbox 968 1722 1578 1819; x_wconf 74' lang='lat' dir='ltr'>Bmcdnraistemadantiphonasquam</span> <span class='ocrx_word' id='word_1_203' title='bbox 1600 1716 1834 1777; x_wconf 83' lang='lat' dir='ltr'>adiutrcituset</span> 
     </span>
     <span class='ocr_line' id='line_1_18' title="bbox 128 1806 1834 1887; baseline 0.001 -24"><span class='ocrx_word' id='word_1_204' title='bbox 128 1806 211 1865; x_wconf 84' lang='lat' dir='ltr'>duali</span> <span class='ocrx_word' id='word_1_205' title='bbox 227 1806 357 1880; x_wconf 88' lang='lat' dir='ltr'>incipiat,</span> <span class='ocrx_word' id='word_1_206' title='bbox 387 1816 491 1882; x_wconf 85' lang='lat' dir='ltr'>quarto</span> <span class='ocrx_word' id='word_1_207' title='bbox 519 1811 581 1869; x_wconf 89' lang='lat' dir='ltr'>loeo</span> <span class='ocrx_word' id='word_1_208' title='bbox 606 1814 799 1872; x_wconf 89' lang='lat' dir='ltr'>nihilominus</span> <span class='ocrx_word' id='word_1_209' title='bbox 826 1815 954 1887; x_wconf 88' lang='lat' dir='ltr'>incipere</span> <span class='ocrx_word' id='word_1_210' title='bbox 1007 1811 1231 1870; x_wconf 80' lang='lat' dir='ltr'>communiones</span> <span class='ocrx_word' id='word_1_211' title='bbox 1246 1809 1538 1885; x_wconf 89' lang='lat' dir='ltr'>repertae,incapite</span> <span class='ocrx_word' id='word_1_212' title='bbox 1552 1807 1737 1883; x_wconf 90' lang='lat' dir='ltr'>singulorum</span> <span class='ocrx_word' id='word_1_213' title='bbox 1753 1810 1834 1865; x_wconf 88' lang='lat' dir='ltr'>tona·</span> 
     </span>
     <span class='ocr_line' id='line_1_19' title="bbox 134 1890 1833 1979; baseline -0.001 -28"><span class='ocrx_word' id='word_1_214' title='bbox 134 1890 242 1966; x_wconf 85' lang='lat' dir='ltr'>valeat,</span> <span class='ocrx_word' id='word_1_215' title='bbox 256 1896 302 1953; x_wconf 91' lang='lat' dir='ltr'>sin</span> <span class='ocrx_word' id='word_1_216' title='bbox 316 1902 415 1955; x_wconf 91' lang='lat' dir='ltr'>autem</span> <span class='ocrx_word' id='word_1_217' title='bbox 428 1901 549 1959; x_wconf 90' lang='lat' dir='ltr'>inierius</span> <span class='ocrx_word' id='word_1_218' title='bbox 564 1902 607 1959; x_wconf 92' lang='lat' dir='ltr'>vel</span> <span class='ocrx_word' id='word_1_219' title='bbox 623 1905 769 1978; x_wconf 88' lang='lat' dir='ltr'>superius,</span> <span class='ocrx_word' id='word_1_220' title='bbox 787 1910 875 1979; x_wconf 88' lang='lat' dir='ltr'>quoto</span> <span class='ocrx_word' id='word_1_221' title='bbox 892 1904 954 1961; x_wconf 91' lang='lat' dir='ltr'>loco</span> <span class='ocrx_word' id='word_1_222' title='bbox 1007 1918 1074 1957; x_wconf 89' lang='lat' dir='ltr'>rum</span> <span class='ocrx_word' id='word_1_223' title='bbox 1091 1900 1292 1975; x_wconf 85' lang='lat' dir='ltr'>apposuimus,</span> <span class='ocrx_word' id='word_1_224' title='bbox 1310 1905 1457 1975; x_wconf 85' lang='lat' dir='ltr'>quatenus</span> <span class='ocrx_word' id='word_1_225' title='bbox 1472 1916 1525 1972; x_wconf 87' lang='lat' dir='ltr'>per</span> <span class='ocrx_word' id='word_1_226' title='bbox 1540 1898 1600 1955; x_wconf 83' lang='lat' dir='ltr'>hec</span> <span class='ocrx_word' id='word_1_227' title='bbox 1629 1896 1695 1953; x_wconf 91' lang='lat' dir='ltr'>rudi</span> <span class='ocrx_word' id='word_1_228' title='bbox 1720 1893 1833 1953; x_wconf 87' lang='lat' dir='ltr'>cantori</span> 
     </span>
     <span class='ocr_line' id='line_1_20' title="bbox 127 1981 1509 2066; baseline 0.004 -28"><span class='ocrx_word' id='word_1_229' title='bbox 127 1981 169 2039; x_wconf 91' lang='lat' dir='ltr'>ibi</span> <span class='ocrx_word' id='word_1_230' title='bbox 189 1982 298 2046; x_wconf 81' lang='lat' dir='ltr'>adnati</span> <span class='ocrx_word' id='word_1_231' title='bbox 314 1989 394 2057; x_wconf 91' lang='lat' dir='ltr'>tono,</span> <span class='ocrx_word' id='word_1_232' title='bbox 409 1988 456 2045; x_wconf 92' lang='lat' dir='ltr'>hic</span> <span class='ocrx_word' id='word_1_233' title='bbox 471 1990 623 2048; x_wconf 88' lang='lat' dir='ltr'>ordinatur</span> <span class='ocrx_word' id='word_1_234' title='bbox 637 2010 655 2048; x_wconf 89' lang='lat' dir='ltr'>a</span> <span class='ocrx_word' id='word_1_235' title='bbox 667 1999 770 2066; x_wconf 87' lang='lat' dir='ltr'>quarto</span> <span class='ocrx_word' id='word_1_236' title='bbox 786 1994 897 2050; x_wconf 89' lang='lat' dir='ltr'>sociali.</span> <span class='ocrx_word' id='word_1_237' title='bbox 1007 1990 1121 2048; x_wconf 76' lang='lat' dir='ltr'>facilior</span> <span class='ocrx_word' id='word_1_238' title='bbox 1132 1994 1244 2063; x_wconf 87' lang='lat' dir='ltr'>pateret</span> <span class='ocrx_word' id='word_1_239' title='bbox 1257 1990 1304 2047; x_wconf 88' lang='lat' dir='ltr'>via</span> <span class='ocrx_word' id='word_1_240' title='bbox 1316 1988 1509 2062; x_wconf 87' lang='lat' dir='ltr'>intelligendi.</span> 
     </span>
    </p>

    <p class='ocr_par' dir='ltr' id='par_1_5' title="bbox 109 2072 1833 3844">
     <span class='ocr_line' id='line_1_21' title="bbox 164 2072 1830 2153; baseline 0.001 -25"><span class='ocrx_word' id='word_1_241' title='bbox 164 2072 283 2146; x_wconf 84' lang='lat' dir='ltr'>Oportet</span> <span class='ocrx_word' id='word_1_242' title='bbox 298 2075 385 2133; x_wconf 89' lang='lat' dir='ltr'>etiam</span> <span class='ocrx_word' id='word_1_243' title='bbox 402 2082 428 2133; x_wconf 90' lang='lat' dir='ltr'>et</span> <span class='ocrx_word' id='word_1_244' title='bbox 455 2078 527 2136; x_wconf 90' lang='lat' dir='ltr'>illud</span> <span class='ocrx_word' id='word_1_245' title='bbox 557 2083 741 2139; x_wconf 89' lang='lat' dir='ltr'>considerare</span> <span class='ocrx_word' id='word_1_246' title='bbox 769 2090 801 2139; x_wconf 92' lang='lat' dir='ltr'>ut</span> <span class='ocrx_word' id='word_1_247' title='bbox 827 2101 894 2140; x_wconf 91' lang='lat' dir='ltr'>cum</span> <span class='ocrx_word' id='word_1_248' title='bbox 922 2083 952 2139; x_wconf 93' lang='lat' dir='ltr'>ia</span> <span class='ocrx_word' id='word_1_249' title='bbox 1043 2081 1087 2137; x_wconf 79' lang='lat'>14.</span> <span class='ocrx_word' id='word_1_250' title='bbox 1104 2079 1247 2138; x_wconf 80' lang='lat' dir='ltr'>Ceterum</span> <span class='ocrx_word' id='word_1_251' title='bbox 1262 2080 1370 2153; x_wconf 90' lang='lat' dir='ltr'>siquis</span> <span class='ocrx_word' id='word_1_252' title='bbox 1385 2081 1489 2136; x_wconf 89' lang='lat' dir='ltr'>cantus</span> <span class='ocrx_word' id='word_1_253' title='bbox 1512 2080 1615 2134; x_wconf 86' lang='lat' dir='ltr'>contra</span> <span class='ocrx_word' id='word_1_254' title='bbox 1632 2075 1728 2147; x_wconf 87' lang='lat' dir='ltr'>legem</span> <span class='ocrx_word' id='word_1_255' title='bbox 1756 2074 1830 2130; x_wconf 88' lang='lat' dir='ltr'>ilua·</span> 
     </span>
     <span class='ocr_line' id='line_1_22' title="bbox 109 2160 1832 2246; baseline 0.002 -33"><span class='ocrx_word' id='word_1_256' title='bbox 109 2160 267 2225; x_wconf 80' lang='lat' dir='ltr'>omuibus</span> <span class='ocrx_word' id='word_1_257' title='bbox 293 2165 499 2238; x_wconf 84' lang='lat' dir='ltr'>subjugalibus</span> <span class='ocrx_word' id='word_1_258' title='bbox 526 2170 603 2226; x_wconf 90' lang='lat' dir='ltr'>tonis</span> <span class='ocrx_word' id='word_1_259' title='bbox 629 2188 769 2229; x_wconf 88' lang='lat' dir='ltr'>ascensus</span> <span class='ocrx_word' id='word_1_260' title='bbox 799 2190 893 2246; x_wconf 91' lang='lat' dir='ltr'>usque</span> <span class='ocrx_word' id='word_1_261' title='bbox 923 2173 952 2227; x_wconf 92' lang='lat' dir='ltr'>in</span> <span class='ocrx_word' id='word_1_262' title='bbox 1007 2169 1179 2226; x_wconf 87' lang='lat' dir='ltr'>liumortus</span> <span class='ocrx_word' id='word_1_263' title='bbox 1195 2168 1355 2242; x_wconf 73' lang='lat' dir='ltr'>incoeperit,</span> <span class='ocrx_word' id='word_1_264' title='bbox 1372 2166 1631 2224; x_wconf 86' lang='lat' dir='ltr'>velalitcrconira</span> <span class='ocrx_word' id='word_1_265' title='bbox 1654 2161 1786 2237; x_wconf 83' lang='lat' dir='ltr'>regulam</span> <span class='ocrx_word' id='word_1_266' title='bbox 1801 2162 1832 2217; x_wconf 93' lang='lat' dir='ltr'>in</span> 
     </span>
     <span class='ocr_line' id='line_1_23' title="bbox 110 2248 1833 2333; baseline -0.003 -22"><span class='ocrx_word' id='word_1_267' title='bbox 110 2249 263 2322; x_wconf 31' lang='lat' dir='ltr'>&#39;diapente</span> <span class='ocrx_word' id='word_1_268' title='bbox 276 2255 306 2309; x_wconf 90' lang='lat' dir='ltr'>st</span> <span class='ocrx_word' id='word_1_269' title='bbox 321 2253 400 2310; x_wconf 90' lang='lat' dir='ltr'>ultra</span> <span class='ocrx_word' id='word_1_270' title='bbox 415 2262 561 2328; x_wconf 88' lang='lat' dir='ltr'>suppetat,</span> <span class='ocrx_word' id='word_1_271' title='bbox 585 2265 686 2331; x_wconf 90' lang='lat' dir='ltr'>protus</span> <span class='ocrx_word' id='word_1_272' title='bbox 716 2277 832 2333; x_wconf 89' lang='lat' dir='ltr'>quoque</span> <span class='ocrx_word' id='word_1_273' title='bbox 860 2278 953 2333; x_wconf 89' lang='lat' dir='ltr'>usque</span> <span class='ocrx_word' id='word_1_274' title='bbox 1008 2276 1145 2331; x_wconf 87' lang='lat' dir='ltr'>processu</span> <span class='ocrx_word' id='word_1_275' title='bbox 1162 2256 1324 2325; x_wconf 76' lang='lat' dir='ltr'>variaverit,</span> <span class='ocrx_word' id='word_1_276' title='bbox 1341 2272 1394 2312; x_wconf 88' lang='lat' dir='ltr'>nac</span> <span class='ocrx_word' id='word_1_277' title='bbox 1408 2254 1506 2311; x_wconf 90' lang='lat' dir='ltr'>debito</span> <span class='ocrx_word' id='word_1_278' title='bbox 1525 2251 1576 2310; x_wconf 87' lang='lat' dir='ltr'>tini</span> <span class='ocrx_word' id='word_1_279' title='bbox 1604 2249 1772 2317; x_wconf 86' lang='lat' dir='ltr'>occurrerit,</span> <span class='ocrx_word' id='word_1_280' title='bbox 1790 2248 1833 2306; x_wconf 87' lang='lat' dir='ltr'>ita</span> 
     </span>
     <span class='ocr_line' id='line_1_24' title="bbox 126 2336 1832 2422; baseline 0 -29"><span class='ocrx_word' id='word_1_281' title='bbox 126 2337 160 2395; x_wconf 89' lang='lat' dir='ltr'>in</span> <span class='ocrx_word' id='word_1_282' title='bbox 176 2355 286 2397; x_wconf 88' lang='lat' dir='ltr'>nonum</span> <span class='ocrx_word' id='word_1_283' title='bbox 299 2357 405 2399; x_wconf 87' lang='lat' dir='ltr'>sonum</span> <span class='ocrx_word' id='word_1_284' title='bbox 420 2344 450 2399; x_wconf 91' lang='lat' dir='ltr'>in</span> <span class='ocrx_word' id='word_1_285' title='bbox 466 2345 577 2404; x_wconf 86' lang='lat' dir='ltr'>tatibus</span> <span class='ocrx_word' id='word_1_286' title='bbox 601 2349 758 2406; x_wconf 88' lang='lat' dir='ltr'>ascendere</span> <span class='ocrx_word' id='word_1_287' title='bbox 773 2350 868 2407; x_wconf 89' lang='lat' dir='ltr'>valeat</span> <span class='ocrx_word' id='word_1_288' title='bbox 882 2350 952 2422; x_wconf 87' lang='grc'>(35,)</span> <span class='ocrx_word' id='word_1_289' title='bbox 1008 2354 1042 2405; x_wconf 92' lang='lat' dir='ltr'>ut</span> <span class='ocrx_word' id='word_1_290' title='bbox 1055 2349 1092 2406; x_wconf 87' lang='lat' dir='ltr'>ab</span> <span class='ocrx_word' id='word_1_291' title='bbox 1107 2365 1167 2405; x_wconf 92' lang='lat' dir='ltr'>uno</span> <span class='ocrx_word' id='word_1_292' title='bbox 1181 2354 1251 2404; x_wconf 90' lang='lat' dir='ltr'>tono</span> <span class='ocrx_word' id='word_1_293' title='bbox 1265 2347 1397 2404; x_wconf 85' lang='lat' dir='ltr'>ordietur</span> <span class='ocrx_word' id='word_1_294' title='bbox 1410 2350 1439 2403; x_wconf 89' lang='lat' dir='ltr'>et</span> <span class='ocrx_word' id='word_1_295' title='bbox 1461 2344 1492 2401; x_wconf 91' lang='lat' dir='ltr'>in</span> <span class='ocrx_word' id='word_1_296' title='bbox 1508 2341 1566 2400; x_wconf 89' lang='lat' dir='ltr'>aiio</span> <span class='ocrx_word' id='word_1_297' title='bbox 1582 2339 1765 2406; x_wconf 85' lang='lat' dir='ltr'>terminetur,</span> <span class='ocrx_word' id='word_1_298' title='bbox 1783 2336 1832 2395; x_wconf 83' lang='lat' dir='ltr'>bic</span> 
     </span>
     <span class='ocr_line' id='line_1_25' title="bbox 127 2427 1832 2510; baseline -0.001 -25"><span class='ocrx_word' id='word_1_299' title='bbox 127 2429 160 2485; x_wconf 84' lang='lat' dir='ltr'>et</span> <span class='ocrx_word' id='word_1_300' title='bbox 174 2430 234 2484; x_wconf 89' lang='lat' dir='ltr'>tres</span> <span class='ocrx_word' id='word_1_301' title='bbox 244 2427 293 2484; x_wconf 87' lang='lat' dir='ltr'>ulii</span> <span class='ocrx_word' id='word_1_302' title='bbox 302 2430 473 2499; x_wconf 84' lang='lat' dir='ltr'>authentici,</span> <span class='ocrx_word' id='word_1_303' title='bbox 486 2433 618 2492; x_wconf 89' lang='lat' dir='ltr'>videlicet</span> <span class='ocrx_word' id='word_1_304' title='bbox 627 2438 750 2509; x_wconf 88' lang='lat' dir='ltr'>quintus</span> <span class='ocrx_word' id='word_1_305' title='bbox 760 2441 788 2494; x_wconf 93' lang='lat' dir='ltr'>et</span> <span class='ocrx_word' id='word_1_306' title='bbox 798 2438 952 2510; x_wconf 89' lang='lat' dir='ltr'>septimus,</span> <span class='ocrx_word' id='word_1_307' title='bbox 1008 2436 1075 2493; x_wconf 85' lang='lat' dir='ltr'>talis</span> <span class='ocrx_word' id='word_1_308' title='bbox 1091 2436 1186 2509; x_wconf 89' lang='lat' dir='ltr'>magis</span> <span class='ocrx_word' id='word_1_309' title='bbox 1202 2436 1311 2493; x_wconf 90' lang='lat' dir='ltr'>nothus</span> <span class='ocrx_word' id='word_1_310' title='bbox 1324 2451 1412 2507; x_wconf 88' lang='lat' dir='ltr'>quam</span> <span class='ocrx_word' id='word_1_311' title='bbox 1425 2432 1574 2508; x_wconf 88' lang='lat' dir='ltr'>legitimus</span> <span class='ocrx_word' id='word_1_312' title='bbox 1585 2434 1630 2487; x_wconf 90' lang='lat' dir='ltr'>est</span> <span class='ocrx_word' id='word_1_313' title='bbox 1640 2427 1832 2500; x_wconf 86' lang='lat' dir='ltr'>judicandus.</span> 
     </span>
     <span class='ocr_line' id='line_1_26' title="bbox 109 2513 1832 2600; baseline 0 -29"><span class='ocrx_word' id='word_1_314' title='bbox 109 2515 273 2575; x_wconf 81' lang='lat' dir='ltr'>,inlocum</span> <span class='ocrx_word' id='word_1_315' title='bbox 288 2519 461 2593; x_wconf 85' lang='lat' dir='ltr'>regulariter</span> <span class='ocrx_word' id='word_1_316' title='bbox 485 2523 724 2583; x_wconf 90' lang='lat' dir='ltr'>sibiordinatum</span> <span class='ocrx_word' id='word_1_317' title='bbox 750 2528 953 2584; x_wconf 83' lang='lat' dir='ltr'>deficientibus</span> <span class='ocrx_word' id='word_1_318' title='bbox 1008 2529 1191 2600; x_wconf 78' lang='lat' dir='ltr'>Quapropter</span> <span class='ocrx_word' id='word_1_319' title='bbox 1205 2542 1264 2582; x_wconf 90' lang='lat' dir='ltr'>ncn</span> <span class='ocrx_word' id='word_1_320' title='bbox 1293 2525 1389 2582; x_wconf 86' lang='lat' dir='ltr'>solum</span> <span class='ocrx_word' id='word_1_321' title='bbox 1406 2523 1468 2580; x_wconf 78' lang='lat' dir='ltr'>hec</span> <span class='ocrx_word' id='word_1_322' title='bbox 1482 2528 1569 2595; x_wconf 91' lang='lat' dir='ltr'>atque</span> <span class='ocrx_word' id='word_1_323' title='bbox 1589 2518 1647 2577; x_wconf 86' lang='lat' dir='ltr'>alia</span> <span class='ocrx_word' id='word_1_324' title='bbox 1660 2513 1832 2589; x_wconf 81' lang='lat' dir='ltr'>huiusmodi</span> 
     </span>
     <span class='ocr_line' id='line_1_27' title="bbox 126 2603 1832 2688; baseline -0.001 -23"><span class='ocrx_word' id='word_1_325' title='bbox 126 2604 599 2686; x_wconf 80' lang='lat' dir='ltr'>uersismiausproveniant,qucd</span> <span class='ocrx_word' id='word_1_326' title='bbox 613 2615 953 2688; x_wconf 88' lang='lat' dir='ltr'>doctuscantcr,qucties</span> <span class='ocrx_word' id='word_1_327' title='bbox 1006 2617 1077 2673; x_wconf 77' lang='lat' dir='ltr'>‚vitia</span> <span class='ocrx_word' id='word_1_328' title='bbox 1095 2617 1125 2672; x_wconf 92' lang='lat' dir='ltr'>in</span> <span class='ocrx_word' id='word_1_329' title='bbox 1141 2615 1327 2672; x_wconf 86' lang='lat' dir='ltr'>cantionibus</span> <span class='ocrx_word' id='word_1_330' title='bbox 1337 2618 1407 2670; x_wconf 91' lang='lat' dir='ltr'>sunt</span> <span class='ocrx_word' id='word_1_331' title='bbox 1421 2611 1727 2686; x_wconf 84' lang='lat' dir='ltr'>praecavends,verum</span> <span class='ocrx_word' id='word_1_332' title='bbox 1741 2603 1832 2663; x_wconf 81' lang='lat' dir='ltr'>etiam</span> 
     </span>
     <span class='ocr_line' id='line_1_28' title="bbox 123 2691 1833 2778; baseline 0.001 -27"><span class='ocrx_word' id='word_1_333' title='bbox 123 2691 158 2751; x_wconf 82' lang='lat' dir='ltr'>td</span> <span class='ocrx_word' id='word_1_334' title='bbox 173 2693 247 2761; x_wconf 81' lang='lat' dir='ltr'>ratio</span> <span class='ocrx_word' id='word_1_335' title='bbox 260 2696 398 2769; x_wconf 79' lang='lat' dir='ltr'>exposuit,</span> <span class='ocrx_word' id='word_1_336' title='bbox 411 2698 533 2756; x_wconf 83' lang='lat' dir='ltr'>interius</span> <span class='ocrx_word' id='word_1_337' title='bbox 549 2703 658 2772; x_wconf 91' lang='lat' dir='ltr'>redeat,</span> <span class='ocrx_word' id='word_1_338' title='bbox 675 2709 707 2760; x_wconf 88' lang='lat' dir='ltr'>ut</span> <span class='ocrx_word' id='word_1_339' title='bbox 717 2721 769 2777; x_wconf 92' lang='lat' dir='ltr'>pcr</span> <span class='ocrx_word' id='word_1_340' title='bbox 781 2705 955 2762; x_wconf 88' lang='lat' dir='ltr'>cctavslooa</span> <span class='ocrx_word' id='word_1_341' title='bbox 1008 2703 1139 2778; x_wconf 88' lang='lat' dir='ltr'>pervigili</span> <span class='ocrx_word' id='word_1_342' title='bbox 1155 2703 1370 2760; x_wconf 89' lang='lat' dir='ltr'>observandum</span> <span class='ocrx_word' id='word_1_343' title='bbox 1381 2705 1426 2759; x_wconf 91' lang='lat' dir='ltr'>est</span> <span class='ocrx_word' id='word_1_344' title='bbox 1436 2717 1506 2757; x_wconf 89' lang='lat' dir='ltr'>cara</span> <span class='ocrx_word' id='word_1_345' title='bbox 1522 2699 1563 2754; x_wconf 90' lang='lat' dir='ltr'>nti</span> <span class='ocrx_word' id='word_1_346' title='bbox 1573 2692 1833 2754; x_wconf 81' lang='lat' dir='ltr'>attendasinneu-</span> 
     </span>
     <span class='ocr_line' id='line_1_29' title="bbox 124 2780 1831 2864; baseline -0.001 -25"><span class='ocrx_word' id='word_1_347' title='bbox 124 2796 212 2841; x_wconf 72' lang='lat' dir='ltr'>uoces</span> <span class='ocrx_word' id='word_1_348' title='bbox 223 2789 365 2852; x_wconf 81' lang='lat' dir='ltr'>resumat,</span> <span class='ocrx_word' id='word_1_349' title='bbox 375 2803 448 2859; x_wconf 89' lang='lat' dir='ltr'>ques</span> <span class='ocrx_word' id='word_1_350' title='bbox 465 2789 493 2844; x_wconf 92' lang='lat' dir='ltr'>ia</span> <span class='ocrx_word' id='word_1_351' title='bbox 503 2791 704 2862; x_wconf 89' lang='lat' dir='ltr'>superioribus</span> <span class='ocrx_word' id='word_1_352' title='bbox 717 2810 775 2850; x_wconf 90' lang='lat' dir='ltr'>non</span> <span class='ocrx_word' id='word_1_353' title='bbox 791 2794 952 2851; x_wconf 89' lang='lat' dir='ltr'>invenerat.</span> <span class='ocrx_word' id='word_1_354' title='bbox 1008 2793 1076 2858; x_wconf 89' lang='lat' dir='ltr'>mis,</span> <span class='ocrx_word' id='word_1_355' title='bbox 1092 2793 1143 2848; x_wconf 94' lang='lat' dir='ltr'>ubi</span> <span class='ocrx_word' id='word_1_356' title='bbox 1158 2809 1229 2849; x_wconf 78' lang='lat' dir='ltr'>rare</span> <span class='ocrx_word' id='word_1_357' title='bbox 1250 2792 1305 2864; x_wconf 85' lang='grc'>(38)</span> <span class='ocrx_word' id='word_1_358' title='bbox 1321 2807 1460 2848; x_wconf 86' lang='lat' dir='ltr'>sonorum</span> <span class='ocrx_word' id='word_1_359' title='bbox 1475 2786 1596 2845; x_wconf 75' lang='lat' dir='ltr'>morule</span> <span class='ocrx_word' id='word_1_360' title='bbox 1611 2782 1766 2848; x_wconf 83' lang='lat' dir='ltr'>breviores,</span> <span class='ocrx_word' id='word_1_361' title='bbox 1779 2780 1831 2837; x_wconf 93' lang='lat' dir='ltr'>ubi</span> 
     </span>
     <span class='ocr_line' id='line_1_30' title="bbox 123 2869 1830 2954; baseline -0.004 -21"><span class='ocrx_word' id='word_1_362' title='bbox 123 2870 183 2933; x_wconf 74' lang='lat' dir='ltr'>Sed</span> <span class='ocrx_word' id='word_1_363' title='bbox 199 2873 316 2945; x_wconf 85' lang='lat' dir='ltr'>quando</span> <span class='ocrx_word' id='word_1_364' title='bbox 332 2892 436 2932; x_wconf 91' lang='lat' dir='ltr'>vocum</span> <span class='ocrx_word' id='word_1_365' title='bbox 452 2877 603 2936; x_wconf 89' lang='lat' dir='ltr'>intervallo</span> <span class='ocrx_word' id='word_1_366' title='bbox 615 2881 724 2954; x_wconf 86' lang='lat' dir='ltr'>singuli</span> <span class='ocrx_word' id='word_1_367' title='bbox 737 2883 898 2942; x_wconf 88' lang='lat' dir='ltr'>authentici</span> <span class='ocrx_word' id='word_1_368' title='bbox 909 2884 954 2941; x_wconf 87' lang='lat' dir='ltr'>vcl</span> <span class='ocrx_word' id='word_1_369' title='bbox 995 2899 1076 2940; x_wconf 85' lang='lat' dir='ltr'>vcro</span> <span class='ocrx_word' id='word_1_370' title='bbox 1090 2882 1151 2939; x_wconf 91' lang='lat' dir='ltr'>sint</span> <span class='ocrx_word' id='word_1_371' title='bbox 1166 2880 1317 2937; x_wconf 82' lang='lat' dir='ltr'>metienda</span> <span class='ocrx_word' id='word_1_372' title='bbox 1333 2879 1545 2954; x_wconf 84' lang='lat' dir='ltr'>productiores,</span> <span class='ocrx_word' id='word_1_373' title='bbox 1561 2891 1598 2931; x_wconf 90' lang='lat' dir='ltr'>ne</span> <span class='ocrx_word' id='word_1_374' title='bbox 1614 2871 1720 2945; x_wconf 86' lang='lat' dir='ltr'>ruptim</span> <span class='ocrx_word' id='word_1_375' title='bbox 1736 2869 1830 2928; x_wconf 89' lang='lat' dir='ltr'>etmi-</span> 
     </span>
     <span class='ocr_line' id='line_1_31' title="bbox 123 2957 1832 3044; baseline 0 -29"><span class='ocrx_word' id='word_1_376' title='bbox 123 2957 262 3019; x_wconf 81' lang='lat' dir='ltr'>lnterales</span> <span class='ocrx_word' id='word_1_377' title='bbox 269 2979 372 3021; x_wconf 88' lang='lat' dir='ltr'>eorum</span> <span class='ocrx_word' id='word_1_378' title='bbox 382 2966 794 3039; x_wconf 85' lang='lat' dir='ltr'>supravelinlrainfinalihus</span> <span class='ocrx_word' id='word_1_379' title='bbox 804 2971 952 3028; x_wconf 88' lang='lat' dir='ltr'>distentia</span> <span class='ocrx_word' id='word_1_380' title='bbox 1008 2972 1088 3028; x_wconf 89' lang='lat' dir='ltr'>nime</span> <span class='ocrx_word' id='word_1_381' title='bbox 1103 2972 1152 3027; x_wconf 92' lang='lat' dir='ltr'>diu</span> <span class='ocrx_word' id='word_1_382' title='bbox 1170 2969 1298 3044; x_wconf 81' lang='lat' dir='ltr'>proteres</span> <span class='ocrx_word' id='word_1_383' title='bbox 1314 2968 1393 3042; x_wconf 89' lang='lat' dir='ltr'>quod</span> <span class='ocrx_word' id='word_1_384' title='bbox 1407 2968 1520 3023; x_wconf 88' lang='lat' dir='ltr'>diutius</span> <span class='ocrx_word' id='word_1_385' title='bbox 1535 2968 1564 3020; x_wconf 91' lang='lat' dir='ltr'>ct</span> <span class='ocrx_word' id='word_1_386' title='bbox 1579 2960 1751 3035; x_wconf 84' lang='lat' dir='ltr'>productius</span> <span class='ocrx_word' id='word_1_387' title='bbox 1761 2974 1832 3031; x_wconf 82' lang='lat' dir='ltr'>prs·</span> 
     </span>
     <span class='ocr_line' id='line_1_32' title="bbox 110 3045 1827 3129; baseline -0.001 -25"><span class='ocrx_word' id='word_1_388' title='bbox 110 3045 301 3121; x_wconf 70' lang='lat' dir='ltr'>differentiis</span> <span class='ocrx_word' id='word_1_389' title='bbox 316 3052 389 3120; x_wconf 86' lang='lat' dir='ltr'>suis,</span> <span class='ocrx_word' id='word_1_390' title='bbox 406 3054 451 3111; x_wconf 88' lang='lat' dir='ltr'>vol</span> <span class='ocrx_word' id='word_1_391' title='bbox 466 3072 554 3127; x_wconf 88' lang='lat' dir='ltr'>quam</span> <span class='ocrx_word' id='word_1_392' title='bbox 570 3057 607 3113; x_wconf 88' lang='lat' dir='ltr'>ad</span> <span class='ocrx_word' id='word_1_393' title='bbox 624 3057 758 3114; x_wconf 86' lang='lat' dir='ltr'>ultimam</span> <span class='ocrx_word' id='word_1_394' title='bbox 773 3060 950 3118; x_wconf 67' lang='lat' dir='ltr'>seculorum.</span> <span class='ocrx_word' id='word_1_395' title='bbox 1008 3061 1104 3116; x_wconf 91' lang='lat' dir='ltr'>cinere</span> <span class='ocrx_word' id='word_1_396' title='bbox 1117 3058 1221 3116; x_wconf 85' lang='lat' dir='ltr'>statuit</span> <span class='ocrx_word' id='word_1_397' title='bbox 1240 3054 1446 3129; x_wconf 84' lang='lat' dir='ltr'>magisterialis</span> <span class='ocrx_word' id='word_1_398' title='bbox 1470 3052 1640 3111; x_wconf 87' lang='lat' dir='ltr'>auctoritas.</span> <span class='ocrx_word' id='word_1_399' title='bbox 1656 3048 1756 3120; x_wconf 84' lang='lat' dir='ltr'>Neque</span> <span class='ocrx_word' id='word_1_400' title='bbox 1774 3063 1827 3105; x_wconf 87' lang='lat' dir='ltr'>nu·</span> 
     </span>
     <span class='ocr_line' id='line_1_33' title="bbox 114 3115 1830 3221; baseline 0 -29"><span class='ocrx_word' id='word_1_401' title='bbox 114 3135 212 3194; x_wconf 73' lang='lat' dir='ltr'>..terren</span> <span class='ocrx_word' id='word_1_402' title='bbox 226 3138 366 3212; x_wconf 76' lang='lat' dir='ltr'>syllabam</span> <span class='ocrx_word' id='word_1_403' title='bbox 384 3142 584 3201; x_wconf 89' lang='lat' dir='ltr'>habitudinem</span> <span class='ocrx_word' id='word_1_404' title='bbox 596 3162 647 3202; x_wconf 90' lang='lat' dir='ltr'>seu</span> <span class='ocrx_word' id='word_1_405' title='bbox 663 3147 824 3219; x_wconf 89' lang='lat' dir='ltr'>spatiorum</span> <span class='ocrx_word' id='word_1_406' title='bbox 841 3115 989 3206; x_wconf 81' lang='lat' dir='ltr'>dimcn·C</span> <span class='ocrx_word' id='word_1_407' title='bbox 1008 3148 1185 3206; x_wconf 91' lang='lat' dir='ltr'>diendisunt</span> <span class='ocrx_word' id='word_1_408' title='bbox 1193 3147 1242 3221; x_wconf 90' lang='lat' dir='ltr'>qui</span> <span class='ocrx_word' id='word_1_409' title='bbox 1251 3146 1421 3203; x_wconf 90' lang='lat' dir='ltr'>dicuntsine</span> <span class='ocrx_word' id='word_1_410' title='bbox 1428 3139 1664 3201; x_wconf 89' lang='lat' dir='ltr'>ratioueomnino</span> <span class='ocrx_word' id='word_1_411' title='bbox 1671 3134 1830 3194; x_wconf 80' lang='lat' dir='ltr'>consistere</span> 
     </span>
     <span class='ocr_line' id='line_1_34' title="bbox 124 3225 1830 3312; baseline -0.001 -30"><span class='ocrx_word' id='word_1_412' title='bbox 124 3225 240 3283; x_wconf 87' lang='lat' dir='ltr'>sienem</span> <span class='ocrx_word' id='word_1_413' title='bbox 256 3226 394 3301; x_wconf 81' lang='lat' dir='ltr'>habeant,</span> <span class='ocrx_word' id='word_1_414' title='bbox 410 3232 516 3289; x_wconf 87' lang='lat' dir='ltr'>metius</span> <span class='ocrx_word' id='word_1_415' title='bbox 531 3235 730 3304; x_wconf 88' lang='lat' dir='ltr'>ostendemus,</span> <span class='ocrx_word' id='word_1_416' title='bbox 755 3238 865 3292; x_wconf 89' lang='lat' dir='ltr'>cumin</span> <span class='ocrx_word' id='word_1_417' title='bbox 888 3237 951 3310; x_wconf 89' lang='lat' dir='ltr'>ipso</span> <span class='ocrx_word' id='word_1_418' title='bbox 1006 3238 1130 3312; x_wconf 89' lang='lat' dir='ltr'>quodin</span> <span class='ocrx_word' id='word_1_419' title='bbox 1160 3239 1337 3309; x_wconf 83' lang='lat' dir='ltr'>cantuapte</span> <span class='ocrx_word' id='word_1_420' title='bbox 1363 3230 1584 3291; x_wconf 89' lang='lat' dir='ltr'>numerositatis</span> <span class='ocrx_word' id='word_1_421' title='bbox 1608 3243 1722 3285; x_wconf 86' lang='lat' dir='ltr'>moram</span> <span class='ocrx_word' id='word_1_422' title='bbox 1749 3241 1830 3283; x_wconf 88' lang='lat' dir='ltr'>nuno</span> 
     </span>
     <span class='ocr_line' id='line_1_35' title="bbox 124 3310 1829 3399; baseline 0.001 -29"><span class='ocrx_word' id='word_1_423' title='bbox 124 3315 373 3377; x_wconf 77' lang='lat' dir='ltr'>tonorum&#39;libello</span> <span class='ocrx_word' id='word_1_424' title='bbox 382 3321 445 3376; x_wconf 86' lang='lat' dir='ltr'>suis</span> <span class='ocrx_word' id='word_1_425' title='bbox 456 3321 484 3375; x_wconf 90' lang='lat' dir='ltr'>in</span> <span class='ocrx_word' id='word_1_426' title='bbox 496 3319 568 3377; x_wconf 90' lang='lat' dir='ltr'>iocis</span> <span class='ocrx_word' id='word_1_427' title='bbox 580 3322 609 3377; x_wconf 92' lang='lat' dir='ltr'>id</span> <span class='ocrx_word' id='word_1_428' title='bbox 620 3323 950 3399; x_wconf 86' lang='lat' dir='ltr'>explicarecurabimus‚</span> <span class='ocrx_word' id='word_1_429' title='bbox 1005 3327 1187 3392; x_wconf 85' lang='lat' dir='ltr'>velociorem,</span> <span class='ocrx_word' id='word_1_430' title='bbox 1208 3341 1287 3380; x_wconf 93' lang='lat' dir='ltr'>nunc</span> <span class='ocrx_word' id='word_1_431' title='bbox 1314 3340 1381 3380; x_wconf 88' lang='lat' dir='ltr'>vcro</span> <span class='ocrx_word' id='word_1_432' title='bbox 1409 3321 1534 3378; x_wconf 84' lang='lat' dir='ltr'>iacimus</span> <span class='ocrx_word' id='word_1_433' title='bbox 1559 3315 1788 3391; x_wconf 69' lang='lat' dir='ltr'>productim,</span> <span class='ocrx_word' id='word_1_434' title='bbox 1803 3310 1829 3372; x_wconf 82' lang='lat' dir='ltr'>ei</span> 
     </span>
     <span class='ocr_line' id='line_1_36' title="bbox 124 3402 1829 3491; baseline -0.004 -30"><span class='ocrx_word' id='word_1_435' title='bbox 124 3402 198 3475; x_wconf 82' lang='lat' dir='ltr'>quis</span> <span class='ocrx_word' id='word_1_436' title='bbox 210 3405 322 3463; x_wconf 83' lang='lat' dir='ltr'>arctius</span> <span class='ocrx_word' id='word_1_437' title='bbox 337 3409 484 3464; x_wconf 80' lang='lat' dir='ltr'>memorie</span> <span class='ocrx_word' id='word_1_438' title='bbox 498 3413 722 3469; x_wconf 87' lang='lat' dir='ltr'>commendatur</span> <span class='ocrx_word' id='word_1_439' title='bbox 736 3414 880 3487; x_wconf 86' lang='lat' dir='ltr'>quidquid</span> <span class='ocrx_word' id='word_1_440' title='bbox 894 3434 951 3488; x_wconf 81' lang='lat' dir='ltr'>pren</span> <span class='ocrx_word' id='word_1_441' title='bbox 1007 3415 1218 3491; x_wconf 84' lang='lat' dir='ltr'>grammaticus</span> <span class='ocrx_word' id='word_1_442' title='bbox 1234 3412 1394 3486; x_wconf 85' lang='lat' dir='ltr'>quilibette</span> <span class='ocrx_word' id='word_1_443' title='bbox 1407 3407 1605 3482; x_wconf 88' lang='lat' dir='ltr'>reprehendit,</span> <span class='ocrx_word' id='word_1_444' title='bbox 1615 3421 1683 3461; x_wconf 92' lang='lat' dir='ltr'>cum</span> <span class='ocrx_word' id='word_1_445' title='bbox 1697 3402 1728 3462; x_wconf 88' lang='lat' dir='ltr'>iu</span> <span class='ocrx_word' id='word_1_446' title='bbox 1741 3414 1829 3459; x_wconf 77' lang='lat' dir='ltr'>versu</span> 
     </span>
     <span class='ocr_line' id='line_1_37' title="bbox 123 3489 1828 3579; baseline -0.001 -30"><span class='ocrx_word' id='word_1_447' title='bbox 123 3490 218 3549; x_wconf 87' lang='lat' dir='ltr'>oeulis</span> <span class='ocrx_word' id='word_1_448' title='bbox 233 3492 351 3555; x_wconf 86' lang='lat' dir='ltr'>habeta.</span> <span class='ocrx_word' id='word_1_449' title='bbox 370 3497 428 3554; x_wconf 88' lang='lat' dir='ltr'>Hoc</span> <span class='ocrx_word' id='word_1_450' title='bbox 443 3503 541 3555; x_wconf 90' lang='lat' dir='ltr'>tamen</span> <span class='ocrx_word' id='word_1_451' title='bbox 554 3499 672 3557; x_wconf 90' lang='lat' dir='ltr'>interim</span> <span class='ocrx_word' id='word_1_452' title='bbox 697 3502 824 3559; x_wconf 89' lang='lat' dir='ltr'>breviter</span> <span class='ocrx_word' id='word_1_453' title='bbox 847 3511 951 3562; x_wconf 83' lang='lat' dir='ltr'>notan·</span> <span class='ocrx_word' id='word_1_454' title='bbox 1005 3522 1040 3563; x_wconf 87' lang='lat' dir='ltr'>eo</span> <span class='ocrx_word' id='word_1_455' title='bbox 1058 3504 1112 3562; x_wconf 89' lang='lat' dir='ltr'>loci</span> <span class='ocrx_word' id='word_1_456' title='bbox 1128 3503 1272 3579; x_wconf 85' lang='lat' dir='ltr'>syllabam</span> <span class='ocrx_word' id='word_1_457' title='bbox 1287 3500 1428 3574; x_wconf 88' lang='lat' dir='ltr'>corripias</span> <span class='ocrx_word' id='word_1_458' title='bbox 1446 3499 1496 3554; x_wconf 91' lang='lat' dir='ltr'>ubi</span> <span class='ocrx_word' id='word_1_459' title='bbox 1523 3496 1682 3570; x_wconf 87' lang='lat' dir='ltr'>producere</span> <span class='ocrx_word' id='word_1_460' title='bbox 1710 3489 1828 3556; x_wconf 77' lang='lat' dir='ltr'>debeas,</span> 
     </span>
     <span class='ocr_line' id='line_1_38' title="bbox 122 3577 1829 3660; baseline -0.001 -23"><span class='ocrx_word' id='word_1_461' title='bbox 122 3578 198 3639; x_wconf 83' lang='lat' dir='ltr'>dum</span> <span class='ocrx_word' id='word_1_462' title='bbox 214 3582 291 3654; x_wconf 79' lang='lat' dir='ltr'>quod</span> <span class='ocrx_word' id='word_1_463' title='bbox 313 3586 410 3643; x_wconf 89' lang='lat' dir='ltr'>omnis</span> <span class='ocrx_word' id='word_1_464' title='bbox 433 3587 603 3660; x_wconf 88' lang='lat' dir='ltr'>principalis</span> <span class='ocrx_word' id='word_1_465' title='bbox 632 3607 733 3658; x_wconf 89' lang='lat' dir='ltr'>sonus,</span> <span class='ocrx_word' id='word_1_466' title='bbox 761 3593 884 3651; x_wconf 91' lang='lat' dir='ltr'>siveille</span> <span class='ocrx_word' id='word_1_467' title='bbox 913 3595 952 3651; x_wconf 89' lang='lat' dir='ltr'>sit</span> <span class='ocrx_word' id='word_1_468' title='bbox 1005 3577 1829 3654; x_wconf 82' lang='lat' dir='ltr'>nullaatiacausanaturaliterexistentecurmsgieesm</span> 
     </span>
     <span class='ocr_line' id='line_1_39' title="bbox 118 3664 1830 3758; baseline -0.006 -27"><span class='ocrx_word' id='word_1_469' title='bbox 118 3668 287 3731; x_wconf 73' lang='lat' dir='ltr'>eruenda</span> <span class='ocrx_word' id='word_1_470' title='bbox 301 3672 460 3745; x_wconf 86' lang='lat' dir='ltr'>cujuslibet</span> <span class='ocrx_word' id='word_1_471' title='bbox 479 3676 540 3733; x_wconf 88' lang='lat' dir='ltr'>aive</span> <span class='ocrx_word' id='word_1_472' title='bbox 555 3677 651 3753; x_wconf 86' lang='lat' dir='ltr'>plagis</span> <span class='ocrx_word' id='word_1_473' title='bbox 665 3679 741 3750; x_wconf 87' lang='lat' dir='ltr'>ejus,</span> <span class='ocrx_word' id='word_1_474' title='bbox 757 3698 874 3755; x_wconf 90' lang='lat' dir='ltr'>semper</span> <span class='ocrx_word' id='word_1_475' title='bbox 888 3700 905 3740; x_wconf 89' lang='lat' dir='ltr'>a</span> <span class='ocrx_word' id='word_1_476' title='bbox 919 3684 952 3740; x_wconf 79' lang='lat' dir='ltr'>si·</span> <span class='ocrx_word' id='word_1_477' title='bbox 998 3685 1164 3758; x_wconf 86' lang='lat' dir='ltr'>producere</span> <span class='ocrx_word' id='word_1_478' title='bbox 1173 3682 1297 3750; x_wconf 86' lang='lat' dir='ltr'>debeas,</span> <span class='ocrx_word' id='word_1_479' title='bbox 1312 3679 1369 3735; x_wconf 89' lang='lat' dir='ltr'>nisi</span> <span class='ocrx_word' id='word_1_480' title='bbox 1385 3678 1456 3752; x_wconf 90' lang='lat' dir='ltr'>qnia</span> <span class='ocrx_word' id='word_1_481' title='bbox 1470 3675 1660 3746; x_wconf 89' lang='lat' dir='ltr'>antiquorum</span> <span class='ocrx_word' id='word_1_482' title='bbox 1675 3670 1718 3727; x_wconf 80' lang='lat' dir='ltr'>ita</span> <span class='ocrx_word' id='word_1_483' title='bbox 1730 3664 1830 3726; x_wconf 84' lang='lat' dir='ltr'>sanxit</span> 
     </span>
     <span class='ocr_line' id='line_1_40' title="bbox 123 3754 1828 3844; baseline 0.008 -30"><span class='ocrx_word' id='word_1_484' title='bbox 123 3754 184 3827; x_wconf 80' lang='lat' dir='ltr'>usli</span> <span class='ocrx_word' id='word_1_485' title='bbox 201 3773 268 3826; x_wconf 83' lang='lat' dir='ltr'>suo,</span> <span class='ocrx_word' id='word_1_486' title='bbox 282 3759 312 3816; x_wconf 90' lang='lat' dir='ltr'>in</span> <span class='ocrx_word' id='word_1_487' title='bbox 327 3777 416 3833; x_wconf 89' lang='lat' dir='ltr'>quem</span> <span class='ocrx_word' id='word_1_488' title='bbox 429 3763 602 3836; x_wconf 84' lang='lat' dir='ltr'>regulariter</span> <span class='ocrx_word' id='word_1_489' title='bbox 616 3768 734 3838; x_wconf 90' lang='lat' dir='ltr'>desinit,</span> <span class='ocrx_word' id='word_1_490' title='bbox 750 3770 881 3844; x_wconf 89' lang='lat' dir='ltr'>incipiat.</span> <span class='ocrx_word' id='word_1_491' title='bbox 1004 3773 1165 3830; x_wconf 91' lang='lat' dir='ltr'>auctoritas</span> <span class='ocrx_word' id='word_1_492' title='bbox 1178 3790 1184 3840; x_wconf 95' lang='lat'>;</span> <span class='ocrx_word' id='word_1_493' title='bbox 1197 3787 1250 3827; x_wconf 92' lang='lat' dir='ltr'>cur</span> <span class='ocrx_word' id='word_1_494' title='bbox 1264 3786 1324 3826; x_wconf 89' lang='lat' dir='ltr'>nnn</span> <span class='ocrx_word' id='word_1_495' title='bbox 1339 3767 1434 3841; x_wconf 88' lang='lat' dir='ltr'>magis</span> <span class='ocrx_word' id='word_1_496' title='bbox 1449 3763 1568 3821; x_wconf 76' lang='lat' dir='ltr'>musice</span> <span class='ocrx_word' id='word_1_497' title='bbox 1584 3757 1722 3825; x_wconf 52' lang='lat' dir='ltr'>rationed</span> <span class='ocrx_word' id='word_1_498' title='bbox 1732 3770 1828 3828; x_wconf 74' lang='lat' dir='ltr'>ouem</span> 
     </span>
    </p>

    <p class='ocr_par' dir='ltr' id='par_1_6' title="bbox 103 3843 1829 4911">
     <span class='ocr_line' id='line_1_41' title="bbox 160 3843 1828 3936; baseline -0.002 -34"><span class='ocrx_word' id='word_1_499' title='bbox 160 3845 949 3931; x_wconf 66' lang='lat' dir='ltr'>wulteranusveraqueornatusoausaperitarum</span> <span class='ocrx_word' id='word_1_500' title='bbox 1003 3863 1070 3936; x_wconf 80' lang='lat' dir='ltr'>ipsa</span> <span class='ocrx_word' id='word_1_501' title='bbox 1081 3857 1264 3918; x_wconf 81' lang='lat' dir='ltr'>rationabilis</span> <span class='ocrx_word' id='word_1_502' title='bbox 1290 3873 1394 3913; x_wconf 89' lang='lat' dir='ltr'>vocum</span> <span class='ocrx_word' id='word_1_503' title='bbox 1420 3850 1566 3910; x_wconf 87' lang='lat' dir='ltr'>dimensio</span> <span class='ocrx_word' id='word_1_504' title='bbox 1580 3853 1610 3906; x_wconf 92' lang='lat' dir='ltr'>et</span> <span class='ocrx_word' id='word_1_505' title='bbox 1632 3843 1828 3907; x_wconf 83' lang='lat' dir='ltr'>numerositas</span> 
     </span>
     <span class='ocr_line' id='line_1_42' title="bbox 121 3937 1829 4024; baseline 0.001 -33"><span class='ocrx_word' id='word_1_506' title='bbox 121 3938 278 3997; x_wconf 63' lang='lat' dir='ltr'>mutorum</span> <span class='ocrx_word' id='word_1_507' title='bbox 292 3937 399 4011; x_wconf 86' lang='lat' dir='ltr'>placito</span> <span class='ocrx_word' id='word_1_508' title='bbox 415 3946 485 3998; x_wconf 89' lang='lat' dir='ltr'>sunt</span> <span class='ocrx_word' id='word_1_509' title='bbox 509 3943 674 4011; x_wconf 63' lang='lat' dir='ltr'>invenimus</span> <span class='ocrx_word' id='word_1_510' title='bbox 702 3946 786 4004; x_wconf 91' lang='lat' dir='ltr'>nobis</span> <span class='ocrx_word' id='word_1_511' title='bbox 811 3948 852 4005; x_wconf 90' lang='lat' dir='ltr'>its</span> <span class='ocrx_word' id='word_1_512' title='bbox 878 3955 950 4007; x_wconf 91' lang='lat' dir='ltr'>sunt</span> <span class='ocrx_word' id='word_1_513' title='bbox 1003 3950 1140 4024; x_wconf 89' lang='lat' dir='ltr'>pertinet,</span> <span class='ocrx_word' id='word_1_514' title='bbox 1157 3951 1329 4005; x_wconf 88' lang='lat' dir='ltr'>succenseat</span> <span class='ocrx_word' id='word_1_515' title='bbox 1338 3941 1569 4017; x_wconf 86' lang='lat' dir='ltr'>quodammodo,</span> <span class='ocrx_word' id='word_1_516' title='bbox 1586 3938 1612 3994; x_wconf 91' lang='lat' dir='ltr'>si</span> <span class='ocrx_word' id='word_1_517' title='bbox 1627 3953 1685 3995; x_wconf 87' lang='lat' dir='ltr'>uon</span> <span class='ocrx_word' id='word_1_518' title='bbox 1696 3946 1829 4007; x_wconf 72' lang='lat' dir='ltr'>proque·</span> 
     </span>
     <span class='ocr_line' id='line_1_43' title="bbox 103 4022 1827 4111; baseline -0.001 -29"><span class='ocrx_word' id='word_1_519' title='bbox 103 4022 275 4096; x_wconf 76' lang='lat' dir='ltr'>ordinate,</span> <span class='ocrx_word' id='word_1_520' title='bbox 289 4030 477 4102; x_wconf 83' lang='lat' dir='ltr'>uteujusque</span> <span class='ocrx_word' id='word_1_521' title='bbox 487 4033 733 4104; x_wconf 80' lang='lat' dir='ltr'>touiditl‘erentia,</span> <span class='ocrx_word' id='word_1_522' title='bbox 743 4036 836 4108; x_wconf 89' lang='lat' dir='ltr'>siqua</span> <span class='ocrx_word' id='word_1_523' title='bbox 847 4038 948 4111; x_wconf 87' lang='lat' dir='ltr'>inipso</span> <span class='ocrx_word' id='word_1_524' title='bbox 1003 4038 1085 4095; x_wconf 85' lang='lat' dir='ltr'>litate</span> <span class='ocrx_word' id='word_1_525' title='bbox 1099 4038 1230 4094; x_wconf 89' lang='lat' dir='ltr'>locorum</span> <span class='ocrx_word' id='word_1_526' title='bbox 1245 4035 1382 4091; x_wconf 90' lang='lat' dir='ltr'>observes</span> <span class='ocrx_word' id='word_1_527' title='bbox 1397 4030 1527 4088; x_wconf 85' lang='lat' dir='ltr'>debitam</span> <span class='ocrx_word' id='word_1_528' title='bbox 1552 4023 1827 4099; x_wconf 81' lang='lat' dir='ltr'>quantitatem-111⁰·</span> 
     </span>
     <span class='ocr_line' id='line_1_44' title="bbox 120 4107 1826 4196; baseline -0.005 -21"><span class='ocrx_word' id='word_1_529' title='bbox 120 4109 205 4175; x_wconf 55' lang='grc' dir='ltr'>ΜΗ</span> <span class='ocrx_word' id='word_1_530' title='bbox 220 4113 352 4189; x_wconf 86' lang='lat' dir='ltr'>incipiet,</span> <span class='ocrx_word' id='word_1_531' title='bbox 368 4116 499 4189; x_wconf 87' lang='lat' dir='ltr'>primum</span> <span class='ocrx_word' id='word_1_532' title='bbox 517 4119 618 4177; x_wconf 57' lang='lat' dir='ltr'>,locum</span> <span class='ocrx_word' id='word_1_533' title='bbox 647 4122 789 4191; x_wconf 88' lang='lat' dir='ltr'>obtineat,</span> <span class='ocrx_word' id='word_1_534' title='bbox 819 4127 950 4183; x_wconf 88' lang='lat' dir='ltr'>secunda</span> <span class='ocrx_word' id='word_1_535' title='bbox 1002 4126 1127 4183; x_wconf 77' lang='lat' dir='ltr'>rarum?</span> <span class='ocrx_word' id='word_1_536' title='bbox 1141 4123 1344 4196; x_wconf 83' lang='lat' dir='ltr'>Sialiqaanda</span> <span class='ocrx_word' id='word_1_537' title='bbox 1358 4120 1505 4177; x_wconf 79' lang='lat' dir='ltr'>offendere</span> <span class='ocrx_word' id='word_1_538' title='bbox 1520 4119 1550 4173; x_wconf 91' lang='lat' dir='ltr'>te</span> <span class='ocrx_word' id='word_1_539' title='bbox 1564 4107 1826 4187; x_wconf 81' lang='lat' dir='ltr'>potuitmeiepro·</span> 
     </span>
     <span class='ocr_line' id='line_1_45' title="bbox 122 4195 1828 4294; baseline 0.004 -29"><span class='ocrx_word' id='word_1_540' title='bbox 122 4203 385 4275; x_wconf 76' lang='lat' dir='ltr'>vereprcximum</span> <span class='ocrx_word' id='word_1_541' title='bbox 415 4205 538 4267; x_wconf 83' lang='lat' dir='ltr'>interius</span> <span class='ocrx_word' id='word_1_542' title='bbox 563 4209 671 4281; x_wconf 90' lang='lat' dir='ltr'>locum,</span> <span class='ocrx_word' id='word_1_543' title='bbox 698 4212 799 4286; x_wconf 89' lang='lat' dir='ltr'>sicque</span> <span class='ocrx_word' id='word_1_544' title='bbox 826 4214 948 4273; x_wconf 82' lang='lat' dir='ltr'>inferius</span> <span class='ocrx_word' id='word_1_545' title='bbox 1002 4215 1107 4282; x_wconf 87' lang='lat' dir='ltr'>latum,</span> <span class='ocrx_word' id='word_1_546' title='bbox 1124 4213 1202 4287; x_wconf 87' lang='lat' dir='ltr'>quod</span> <span class='ocrx_word' id='word_1_547' title='bbox 1218 4214 1357 4269; x_wconf 73' lang='lat' dir='ltr'>aeterua</span> <span class='ocrx_word' id='word_1_548' title='bbox 1369 4209 1535 4281; x_wconf 59' lang='lat' dir='ltr'>taquento</span> <span class='ocrx_word' id='word_1_549' title='bbox 1555 4199 1660 4274; x_wconf 64' lang='lat' dir='ltr'>magis,</span> <span class='ocrx_word' id='word_1_550' title='bbox 1689 4195 1769 4270; x_wconf 84' lang='lat' dir='ltr'>quod</span> <span class='ocrx_word' id='word_1_551' title='bbox 1782 4196 1828 4294; x_wconf 43' lang='lat' dir='ltr'>‚W</span> 
     </span>
     <span class='ocr_line' id='line_1_46' title="bbox 121 4287 1828 4382; baseline 0.007 -33"><span class='ocrx_word' id='word_1_552' title='bbox 121 4304 279 4364; x_wconf 76' lang='lat' dir='ltr'>queurgus</span> <span class='ocrx_word' id='word_1_553' title='bbox 297 4292 446 4352; x_wconf 87' lang='lat' dir='ltr'>invenitur</span> <span class='ocrx_word' id='word_1_554' title='bbox 468 4299 663 4370; x_wconf 88' lang='lat' dir='ltr'>progreditur.</span> <span class='ocrx_word' id='word_1_555' title='bbox 682 4301 799 4360; x_wconf 79' lang='lat' dir='ltr'>uetans</span> <span class='ocrx_word' id='word_1_556' title='bbox 812 4304 949 4377; x_wconf 87' lang='lat' dir='ltr'>superius</span> <span class='ocrx_word' id='word_1_557' title='bbox 1001 4303 1149 4376; x_wconf 73' lang='lat' dir='ltr'>introibit)</span> <span class='ocrx_word' id='word_1_558' title='bbox 1164 4301 1215 4358; x_wconf 78' lang='lat' dir='ltr'>tet</span> <span class='ocrx_word' id='word_1_559' title='bbox 1230 4318 1288 4357; x_wconf 90' lang='lat' dir='ltr'>uon</span> <span class='ocrx_word' id='word_1_560' title='bbox 1306 4300 1385 4359; x_wconf 87' lang='lat' dir='ltr'>euim</span> <span class='ocrx_word' id='word_1_561' title='bbox 1414 4292 1618 4371; x_wconf 61' lang='lat' dir='ltr'>grammatius»</span> <span class='ocrx_word' id='word_1_562' title='bbox 1646 4287 1699 4348; x_wconf 61' lang='lat'>⁸⁰⁶</span> <span class='ocrx_word' id='word_1_563' title='bbox 1714 4297 1828 4382; x_wconf 54' lang='grc' dir='ltr'>ΜΨ</span> 
     </span>
     <span class='ocr_line' id='line_1_47' title="bbox 114 4377 1827 4475; baseline 0.003 -34"><span class='ocrx_word' id='word_1_564' title='bbox 114 4378 341 4454; x_wconf 61' lang='lat' dir='ltr'>aproximaquo</span> <span class='ocrx_word' id='word_1_565' title='bbox 355 4383 476 4453; x_wconf 90' lang='lat' dir='ltr'>occurit,</span> <span class='ocrx_word' id='word_1_566' title='bbox 490 4383 556 4443; x_wconf 91' lang='lat' dir='ltr'>loco</span> <span class='ocrx_word' id='word_1_567' title='bbox 571 4387 678 4447; x_wconf 86' lang='lat' dir='ltr'>iterum</span> <span class='ocrx_word' id='word_1_568' title='bbox 695 4389 817 4464; x_wconf 85' lang='lat' dir='ltr'>incipiat</span> <span class='ocrx_word' id='word_1_569' title='bbox 832 4409 948 4450; x_wconf 86' lang='lat' dir='ltr'>currere</span> <span class='ocrx_word' id='word_1_570' title='bbox 1003 4392 1152 4450; x_wconf 87' lang='lat' dir='ltr'>hominem</span> <span class='ocrx_word' id='word_1_571' title='bbox 1180 4391 1341 4448; x_wconf 87' lang='lat' dir='ltr'>consistere</span> <span class='ocrx_word' id='word_1_572' title='bbox 1371 4384 1556 4460; x_wconf 86' lang='lat' dir='ltr'>percepimus</span> <span class='ocrx_word' id='word_1_573' title='bbox 1572 4399 1579 4437; x_wconf 92' lang='lat'>:</span> <span class='ocrx_word' id='word_1_574' title='bbox 1595 4377 1685 4452; x_wconf 84' lang='lat' dir='ltr'>quod,</span> <span class='ocrx_word' id='word_1_575' title='bbox 1707 4378 1746 4475; x_wconf 59' lang='lat'>¹1¹}</span> <span class='ocrx_word' id='word_1_576' title='bbox 1772 4388 1827 4431; x_wconf 80' lang='lat' dir='ltr'>utu</span> 
     </span>
     <span class='ocr_line' id='line_1_48' title="bbox 120 4464 1827 4554; baseline -0.001 -29"><span class='ocrx_word' id='word_1_577' title='bbox 120 4464 290 4527; x_wconf 77' lang='lat' dir='ltr'>urdinesuo</span> <span class='ocrx_word' id='word_1_578' title='bbox 300 4485 393 4544; x_wconf 83' lang='lat' dir='ltr'>usquo</span> <span class='ocrx_word' id='word_1_579' title='bbox 403 4472 474 4531; x_wconf 86' lang='lat' dir='ltr'>dum</span> <span class='ocrx_word' id='word_1_580' title='bbox 485 4475 521 4531; x_wconf 86' lang='lat' dir='ltr'>nd</span> <span class='ocrx_word' id='word_1_581' title='bbox 534 4475 671 4547; x_wconf 86' lang='lat' dir='ltr'>quintum</span> <span class='ocrx_word' id='word_1_582' title='bbox 682 4478 779 4537; x_wconf 89' lang='lat' dir='ltr'>locum</span> <span class='ocrx_word' id='word_1_583' title='bbox 788 4481 946 4554; x_wconf 82' lang='lat' dir='ltr'>perveniat,</span> <span class='ocrx_word' id='word_1_584' title='bbox 962 4483 988 4550; x_wconf 85' lang='grc' dir='ltr'>Ι)</span> <span class='ocrx_word' id='word_1_585' title='bbox 1003 4480 1195 4538; x_wconf 85' lang='lat' dir='ltr'>eruditissimi</span> <span class='ocrx_word' id='word_1_586' title='bbox 1210 4478 1306 4535; x_wconf 80' lang='lat' dir='ltr'>verbis</span> <span class='ocrx_word' id='word_1_587' title='bbox 1335 4481 1412 4546; x_wconf 88' lang='lat' dir='ltr'>utar,</span> <span class='ocrx_word' id='word_1_588' title='bbox 1436 4469 1575 4547; x_wconf 86' lang='lat' dir='ltr'>quinquie</span> <span class='ocrx_word' id='word_1_589' title='bbox 1588 4469 1619 4527; x_wconf 89' lang='lat' dir='ltr'>ia</span> <span class='ocrx_word' id='word_1_590' title='bbox 1640 4481 1713 4527; x_wconf 81' lang='lat' dir='ltr'>:ress</span> <span class='ocrx_word' id='word_1_591' title='bbox 1724 4475 1827 4536; x_wconf 26' lang='lat' dir='ltr'>,speum</span> 
     </span>
     <span class='ocr_line' id='line_1_49' title="bbox 124 4552 1327 4641; baseline 0.012 -32"><span class='ocrx_word' id='word_1_592' title='bbox 124 4552 177 4609; x_wconf 90' lang='lat' dir='ltr'>abi</span> <span class='ocrx_word' id='word_1_593' title='bbox 192 4558 398 4632; x_wconf 87' lang='lat' dir='ltr'>uuusquisque</span> <span class='ocrx_word' id='word_1_594' title='bbox 412 4560 510 4619; x_wconf 86' lang='lat' dir='ltr'>linaiis</span> <span class='ocrx_word' id='word_1_595' title='bbox 538 4565 675 4623; x_wconf 85' lang='lat' dir='ltr'>socialem</span> <span class='ocrx_word' id='word_1_596' title='bbox 691 4585 779 4625; x_wconf 88' lang='lat' dir='ltr'>suum</span> <span class='ocrx_word' id='word_1_597' title='bbox 809 4570 946 4640; x_wconf 86' lang='lat' dir='ltr'>inveniat,</span> <span class='ocrx_word' id='word_1_598' title='bbox 1000 4570 1165 4639; x_wconf 87' lang='lat' dir='ltr'>descendit,</span> <span class='ocrx_word' id='word_1_599' title='bbox 1181 4567 1327 4641; x_wconf 85' lang='lat' dir='ltr'>intelligit.</span> 
     </span>
     <span class='ocr_line' id='line_1_50' title="bbox 123 4644 1827 4740; baseline -0.002 -41"><span class='ocrx_word' id='word_1_600' title='bbox 123 4646 271 4714; x_wconf 83' lang='lat' dir='ltr'>quatenus</span> <span class='ocrx_word' id='word_1_601' title='bbox 284 4645 346 4720; x_wconf 87' lang='lat' dir='ltr'>ipse</span> <span class='ocrx_word' id='word_1_602' title='bbox 356 4649 454 4707; x_wconf 87' lang='lat' dir='ltr'>finalis</span> <span class='ocrx_word' id='word_1_603' title='bbox 464 4652 549 4724; x_wconf 80' lang='lat' dir='ltr'>quasi</span> <span class='ocrx_word' id='word_1_604' title='bbox 560 4653 680 4726; x_wconf 86' lang='lat' dir='ltr'>quidam</span> <span class='ocrx_word' id='word_1_605' title='bbox 691 4657 760 4724; x_wconf 79' lang='lat' dir='ltr'>dua,</span> <span class='ocrx_word' id='word_1_606' title='bbox 772 4674 805 4714; x_wconf 90' lang='lat' dir='ltr'>ac</span> <span class='ocrx_word' id='word_1_607' title='bbox 815 4659 951 4734; x_wconf 88' lang='lat' dir='ltr'>princeps</span> <span class='ocrx_word' id='word_1_608' title='bbox 1040 4659 1151 4717; x_wconf 89' lang='lat' dir='ltr'>Idcirco</span> <span class='ocrx_word' id='word_1_609' title='bbox 1163 4661 1194 4713; x_wconf 91' lang='lat' dir='ltr'>ut</span> <span class='ocrx_word' id='word_1_610' title='bbox 1208 4657 1238 4712; x_wconf 90' lang='lat' dir='ltr'>in</span> <span class='ocrx_word' id='word_1_611' title='bbox 1255 4659 1347 4712; x_wconf 87' lang='lat' dir='ltr'>metro</span> <span class='ocrx_word' id='word_1_612' title='bbox 1357 4656 1436 4710; x_wconf 89' lang='lat' dir='ltr'>certa</span> <span class='ocrx_word' id='word_1_613' title='bbox 1444 4651 1553 4725; x_wconf 89' lang='lat' dir='ltr'>pedum</span> <span class='ocrx_word' id='word_1_614' title='bbox 1565 4644 1750 4704; x_wconf 89' lang='lat' dir='ltr'>dimensione</span> <span class='ocrx_word' id='word_1_615' title='bbox 1760 4655 1827 4740; x_wconf 79' lang='lat' dir='ltr'>eou-</span> 
     </span>
     <span class='ocr_line' id='line_1_51' title="bbox 113 4732 1826 4821; baseline -0.005 -27"><span class='ocrx_word' id='word_1_616' title='bbox 113 4732 351 4809; x_wconf 61' lang='lat' dir='ltr'>medeaturque</span> <span class='ocrx_word' id='word_1_617' title='bbox 365 4738 395 4794; x_wconf 91' lang='lat' dir='ltr'>in</span> <span class='ocrx_word' id='word_1_618' title='bbox 411 4741 508 4797; x_wconf 89' lang='lat' dir='ltr'>medio</span> <span class='ocrx_word' id='word_1_619' title='bbox 518 4741 661 4810; x_wconf 86' lang='lat' dir='ltr'>residens,</span> <span class='ocrx_word' id='word_1_620' title='bbox 674 4762 710 4801; x_wconf 83' lang='lat' dir='ltr'>ex</span> <span class='ocrx_word' id='word_1_621' title='bbox 725 4749 851 4820; x_wconf 85' lang='lat' dir='ltr'>utraque</span> <span class='ocrx_word' id='word_1_622' title='bbox 865 4753 949 4821; x_wconf 88' lang='lat' dir='ltr'>parte</span> <span class='ocrx_word' id='word_1_623' title='bbox 1003 4749 1113 4806; x_wconf 88' lang='lat' dir='ltr'>texitur</span> <span class='ocrx_word' id='word_1_624' title='bbox 1126 4763 1239 4811; x_wconf 87' lang='lat' dir='ltr'>versus,</span> <span class='ocrx_word' id='word_1_625' title='bbox 1255 4745 1296 4801; x_wconf 94' lang='lat' dir='ltr'>lta</span> <span class='ocrx_word' id='word_1_626' title='bbox 1317 4746 1386 4816; x_wconf 90' lang='lat' dir='ltr'>apta</span> <span class='ocrx_word' id='word_1_627' title='bbox 1411 4745 1440 4797; x_wconf 89' lang='lat' dir='ltr'>st</span> <span class='ocrx_word' id='word_1_628' title='bbox 1468 4733 1666 4796; x_wconf 87' lang='lat' dir='ltr'>concordabili</span> <span class='ocrx_word' id='word_1_629' title='bbox 1685 4733 1826 4788; x_wconf 80' lang='lat' dir='ltr'>brevium</span> 
     </span>
     <span class='ocr_line' id='line_1_52' title="bbox 122 4819 1825 4911; baseline -0.003 -35"><span class='ocrx_word' id='word_1_630' title='bbox 122 4819 171 4877; x_wconf 85' lang='lat' dir='ltr'>nui</span> <span class='ocrx_word' id='word_1_631' title='bbox 187 4820 360 4883; x_wconf 77' lang='lat' dir='ltr'>differentiis</span> <span class='ocrx_word' id='word_1_632' title='bbox 370 4829 477 4885; x_wconf 91' lang='lat' dir='ltr'>condat</span> <span class='ocrx_word' id='word_1_633' title='bbox 488 4829 583 4903; x_wconf 88' lang='lat' dir='ltr'>legem</span> <span class='ocrx_word' id='word_1_634' title='bbox 598 4832 765 4891; x_wconf 86' lang='lat' dir='ltr'>inchoandi.</span> <span class='ocrx_word' id='word_1_635' title='bbox 783 4837 864 4909; x_wconf 83' lang='lat' dir='ltr'>{psas</span> <span class='ocrx_word' id='word_1_636' title='bbox 879 4854 948 4894; x_wconf 86' lang='lat' dir='ltr'>vero</span> <span class='ocrx_word' id='word_1_637' title='bbox 1004 4838 1158 4911; x_wconf 86' lang='lat' dir='ltr'>longorum</span> <span class='ocrx_word' id='word_1_638' title='bbox 1168 4850 1307 4894; x_wconf 88' lang='lat' dir='ltr'>sonorum</span> <span class='ocrx_word' id='word_1_639' title='bbox 1317 4830 1501 4905; x_wconf 88' lang='lat' dir='ltr'>copulatione</span> <span class='ocrx_word' id='word_1_640' title='bbox 1513 4823 1699 4897; x_wconf 89' lang='lat' dir='ltr'>componitur</span> <span class='ocrx_word' id='word_1_641' title='bbox 1709 4821 1825 4884; x_wconf 91' lang='lat' dir='ltr'>cautus,</span> 
     </span>
    </p>
   </div>
   <div class='ocr_carea' id='block_1_3' title="bbox 120 4905 1892 5267">
    <p class='ocr_par' dir='ltr' id='par_1_7' title="bbox 120 4905 1892 5267">
     <span class='ocr_line' id='line_1_53' title="bbox 121 4905 1892 5000; baseline 0.007 -36"><span class='ocrx_word' id='word_1_642' title='bbox 121 4906 303 4970; x_wconf 77' lang='lat' dir='ltr'>differentias</span> <span class='ocrx_word' id='word_1_643' title='bbox 329 4916 450 4987; x_wconf 91' lang='lat' dir='ltr'>quidam</span> <span class='ocrx_word' id='word_1_644' title='bbox 476 4918 660 4979; x_wconf 78' lang='lat' dir='ltr'>definitiones</span> <span class='ocrx_word' id='word_1_645' title='bbox 687 4928 802 4981; x_wconf 87' lang='lat' dir='ltr'>vocant.</span> <span class='ocrx_word' id='word_1_646' title='bbox 829 4924 860 4980; x_wconf 94' lang='lat' dir='ltr'>ln</span> <span class='ocrx_word' id='word_1_647' title='bbox 890 4943 949 5000; x_wconf 87' lang='lat' dir='ltr'>quo</span> <span class='ocrx_word' id='word_1_648' title='bbox 1001 4930 1032 4982; x_wconf 91' lang='lat' dir='ltr'>ct</span> <span class='ocrx_word' id='word_1_649' title='bbox 1047 4925 1124 4983; x_wconf 90' lang='lat' dir='ltr'>velut</span> <span class='ocrx_word' id='word_1_650' title='bbox 1138 4924 1352 4980; x_wconf 80' lang='lat' dir='ltr'>inhsaametro</span> <span class='ocrx_word' id='word_1_651' title='bbox 1361 4935 1457 4985; x_wconf 90' lang='lat' dir='ltr'>versu,</span> <span class='ocrx_word' id='word_1_652' title='bbox 1474 4915 1500 4972; x_wconf 91' lang='lat' dir='ltr'>si</span> <span class='ocrx_word' id='word_1_653' title='bbox 1510 4911 1639 4986; x_wconf 82' lang='lat' dir='ltr'>legitime</span> <span class='ocrx_word' id='word_1_654' title='bbox 1649 4907 1751 4973; x_wconf 62' lang='lat' dir='ltr'>currit,</span> <span class='ocrx_word' id='word_1_655' title='bbox 1761 4905 1826 4978; x_wconf 70' lang='lat' dir='ltr'>5P⁸⁰</span> <span class='ocrx_word' id='word_1_656' title='bbox 1889 4991 1892 4995; x_wconf 15' lang='grc' dir='ltr'>ι</span> 
     </span>
     <span class='ocr_line' id='line_1_54' title="bbox 120 4991 1825 5094; baseline -0.002 -40"><span class='ocrx_word' id='word_1_657' title='bbox 120 5000 346 5073; x_wconf 86' lang='lat' dir='ltr'>providendum,</span> <span class='ocrx_word' id='word_1_658' title='bbox 363 5021 399 5061; x_wconf 92' lang='lat' dir='ltr'>ne</span> <span class='ocrx_word' id='word_1_659' title='bbox 427 5005 498 5062; x_wconf 89' lang='lat' dir='ltr'>dum</span> <span class='ocrx_word' id='word_1_660' title='bbox 523 5009 590 5079; x_wconf 91' lang='lat' dir='ltr'>quis</span> <span class='ocrx_word' id='word_1_661' title='bbox 616 5011 738 5068; x_wconf 86' lang='lat' dir='ltr'>verbum</span> <span class='ocrx_word' id='word_1_662' title='bbox 769 5012 947 5071; x_wconf 86' lang='lat' dir='ltr'>delinitionis</span> <span class='ocrx_word' id='word_1_663' title='bbox 1002 5030 1074 5070; x_wconf 89' lang='lat' dir='ltr'>sono</span> <span class='ocrx_word' id='word_1_664' title='bbox 1085 5013 1203 5070; x_wconf 87' lang='lat' dir='ltr'>enimus</span> <span class='ocrx_word' id='word_1_665' title='bbox 1215 5005 1464 5067; x_wconf 80' lang='lat' dir='ltr'>delectatur.dtsi</span> <span class='ocrx_word' id='word_1_666' title='bbox 1475 5018 1557 5059; x_wconf 89' lang='lat' dir='ltr'>versa</span> <span class='ocrx_word' id='word_1_667' title='bbox 1569 4996 1709 5055; x_wconf 91' lang='lat' dir='ltr'>ordiaein</span> <span class='ocrx_word' id='word_1_668' title='bbox 1722 4991 1825 5094; x_wconf 83' lang='lat' dir='ltr'>penul·</span> 
     </span>
     <span class='ocr_line' id='line_1_55' title="bbox 120 5078 1826 5174; baseline 0.022 -32"><span class='ocrx_word' id='word_1_669' title='bbox 120 5085 258 5156; x_wconf 82' lang='lat' dir='ltr'>audierit,</span> <span class='ocrx_word' id='word_1_670' title='bbox 274 5105 308 5147; x_wconf 91' lang='lat' dir='ltr'>eo</span> <span class='ocrx_word' id='word_1_671' title='bbox 322 5107 411 5148; x_wconf 91' lang='lat' dir='ltr'>seusu</span> <span class='ocrx_word' id='word_1_672' title='bbox 427 5094 552 5167; x_wconf 88' lang='lat' dir='ltr'>accipiat</span> <span class='ocrx_word' id='word_1_673' title='bbox 573 5113 631 5171; x_wconf 91' lang='lat' dir='ltr'>quo</span> <span class='ocrx_word' id='word_1_674' title='bbox 655 5099 802 5172; x_wconf 88' lang='lat' dir='ltr'>sapientes</span> <span class='ocrx_word' id='word_1_675' title='bbox 826 5102 947 5159; x_wconf 84' lang='lat' dir='ltr'>definie-</span> <span class='ocrx_word' id='word_1_676' title='bbox 1002 5103 1072 5161; x_wconf 91' lang='lat' dir='ltr'>timo</span> <span class='ocrx_word' id='word_1_677' title='bbox 1088 5101 1270 5174; x_wconf 77' lang='lat' dir='ltr'>spondeum.</span> <span class='ocrx_word' id='word_1_678' title='bbox 1289 5098 1319 5155; x_wconf 72' lang='lat' dir='ltr'>in</span> <span class='ocrx_word' id='word_1_679' title='bbox 1333 5095 1437 5155; x_wconf 55' lang='lat' dir='ltr'>ullum</span> <span class='ocrx_word' id='word_1_680' title='bbox 1453 5088 1600 5163; x_wconf 78' lang='lat' dir='ltr'>dactylum</span> <span class='ocrx_word' id='word_1_681' title='bbox 1626 5083 1764 5150; x_wconf 49' lang='lat' dir='ltr'>“dmm‘’</span> <span class='ocrx_word' id='word_1_682' title='bbox 1780 5078 1826 5135; x_wconf 62' lang='lat' dir='ltr'>vel</span> 
     </span>
     <span class='ocr_line' id='line_1_56' title="bbox 120 5175 1826 5267; baseline 0.001 -38"><span class='ocrx_word' id='word_1_683' title='bbox 120 5179 204 5247; x_wconf 86' lang='lat' dir='ltr'>runt,</span> <span class='ocrx_word' id='word_1_684' title='bbox 220 5175 421 5236; x_wconf 86' lang='lat' dir='ltr'>definitionem</span> <span class='ocrx_word' id='word_1_685' title='bbox 434 5181 543 5239; x_wconf 86' lang='lat' dir='ltr'>dictam</span> <span class='ocrx_word' id='word_1_686' title='bbox 558 5200 622 5241; x_wconf 88' lang='lat' dir='ltr'>esse</span> <span class='ocrx_word' id='word_1_687' title='bbox 642 5186 804 5244; x_wconf 87' lang='lat' dir='ltr'>orationem</span> <span class='ocrx_word' id='word_1_688' title='bbox 828 5205 891 5261; x_wconf 79' lang='lat' dir='ltr'>que</span> <span class='ocrx_word' id='word_1_689' title='bbox 917 5191 946 5246; x_wconf 93' lang='lat' dir='ltr'>id</span> <span class='ocrx_word' id='word_1_690' title='bbox 1002 5191 1109 5265; x_wconf 88' lang='lat' dir='ltr'>siquis</span> <span class='ocrx_word' id='word_1_691' title='bbox 1124 5190 1154 5246; x_wconf 89' lang='lat' dir='ltr'>in</span> <span class='ocrx_word' id='word_1_692' title='bbox 1170 5188 1305 5245; x_wconf 75' lang='lat' dir='ltr'>secunde</span> <span class='ocrx_word' id='word_1_693' title='bbox 1321 5179 1536 5256; x_wconf 90' lang='lat' dir='ltr'>conjugationis</span> <span class='ocrx_word' id='word_1_694' title='bbox 1558 5177 1644 5233; x_wconf 86' lang='lat' dir='ltr'>verbo</span> <span class='ocrx_word' id='word_1_695' title='bbox 1668 5176 1752 5231; x_wconf 91' lang='lat' dir='ltr'>acuto</span> <span class='ocrx_word' id='word_1_696' title='bbox 1777 5186 1826 5267; x_wconf 79' lang='lat' dir='ltr'>ao·</span> 
     </span>
    </p>
   </div>
   <div class='ocr_carea' id='block_1_4' title="bbox 157 5317 1759 5480">
    <p class='ocr_par' dir='ltr' id='par_1_8' title="bbox 157 5317 1759 5480">
     <span class='ocr_line' id='line_1_57' title="bbox 158 5317 1759 5406; baseline 0.001 -32"><span class='ocrx_word' id='word_1_697' title='bbox 158 5317 217 5393; x_wconf 85' lang='grc'>(35)</span> <span class='ocrx_word' id='word_1_698' title='bbox 232 5318 281 5376; x_wconf 78' lang='lat' dir='ltr'>At.</span> <span class='ocrx_word' id='word_1_699' title='bbox 298 5325 326 5377; x_wconf 91' lang='lat' dir='ltr'>et</span> <span class='ocrx_word' id='word_1_700' title='bbox 340 5321 417 5380; x_wconf 87' lang='lat' dir='ltr'>ultra</span> <span class='ocrx_word' id='word_1_701' title='bbox 432 5323 590 5399; x_wconf 85' lang='lat' dir='ltr'>aliquando</span> <span class='ocrx_word' id='word_1_702' title='bbox 605 5331 760 5386; x_wconf 85' lang='lat' dir='ltr'>ascendere</span> <span class='ocrx_word' id='word_1_703' title='bbox 773 5330 880 5399; x_wconf 89' lang='lat' dir='ltr'>valcat,</span> <span class='ocrx_word' id='word_1_704' title='bbox 892 5337 946 5391; x_wconf 90' lang='lat' dir='ltr'>etc.</span> <span class='ocrx_word' id='word_1_705' title='bbox 1036 5333 1094 5406; x_wconf 85' lang='grc'>(37)</span> <span class='ocrx_word' id='word_1_706' title='bbox 1109 5334 1137 5390; x_wconf 89' lang='lat' dir='ltr'>S.</span> <span class='ocrx_word' id='word_1_707' title='bbox 1154 5335 1212 5388; x_wconf 84' lang='lat' dir='ltr'>dm.</span> <span class='ocrx_word' id='word_1_708' title='bbox 1226 5335 1252 5388; x_wconf 86' lang='lat' dir='ltr'>et</span> <span class='ocrx_word' id='word_1_709' title='bbox 1267 5331 1340 5401; x_wconf 83' lang='lat' dir='ltr'>lips.</span> <span class='ocrx_word' id='word_1_710' title='bbox 1357 5327 1472 5393; x_wconf 83' lang='lat' dir='ltr'>Nescis,</span> <span class='ocrx_word' id='word_1_711' title='bbox 1493 5324 1653 5380; x_wconf 84' lang='lat' dir='ltr'>Nocoesue.</span> <span class='ocrx_word' id='word_1_712' title='bbox 1756 5389 1759 5393; x_wconf 17' lang='lat'>⁸</span> 
     </span>
     <span class='ocr_line' id='line_1_58' title="bbox 157 5389 1280 5480; baseline 0.012 -36"><span class='ocrx_word' id='word_1_713' title='bbox 157 5391 216 5459; x_wconf 84' lang='grc'>(36)</span> <span class='ocrx_word' id='word_1_714' title='bbox 230 5389 281 5446; x_wconf 91' lang='lat' dir='ltr'>llio</span> <span class='ocrx_word' id='word_1_715' title='bbox 297 5393 406 5451; x_wconf 90' lang='lat' dir='ltr'>desinit</span> <span class='ocrx_word' id='word_1_716' title='bbox 421 5397 559 5480; x_wconf 76' lang='lat' dir='ltr'>prologus</span> <span class='ocrx_word' id='word_1_717' title='bbox 575 5399 603 5456; x_wconf 92' lang='lat' dir='ltr'>in</span> <span class='ocrx_word' id='word_1_718' title='bbox 620 5403 683 5458; x_wconf 94' lang='lat' dir='ltr'>cod.</span> <span class='ocrx_word' id='word_1_719' title='bbox 695 5403 885 5471; x_wconf 81' lang='lat' dir='ltr'>Admontenai,</span> <span class='ocrx_word' id='word_1_720' title='bbox 901 5422 946 5462; x_wconf 91' lang='lat' dir='ltr'>se·</span> <span class='ocrx_word' id='word_1_721' title='bbox 1040 5408 1095 5471; x_wconf 74' lang='grc'>(33)</span> <span class='ocrx_word' id='word_1_722' title='bbox 1113 5406 1183 5476; x_wconf 79' lang='lat' dir='ltr'>lips.</span> <span class='ocrx_word' id='word_1_723' title='bbox 1201 5408 1280 5458; x_wconf 81' lang='lat' dir='ltr'>rats.</span> 
     </span>
    </p>
   </div>
   <div class='ocr_carea' id='block_1_5' title="bbox 121 5460 1759 5598">
    <p class='ocr_par' dir='ltr' id='par_1_9' title="bbox 121 5460 1759 5598">
     <span class='ocr_line' id='line_1_59' title="bbox 121 5460 1759 5595; baseline -0.026 -39"><span class='ocrx_word' id='word_1_724' title='bbox 121 5460 422 5595; x_wconf 50' lang='grc' dir='ltr'>ἓὲῗμᾞοωᾞυθ</span> <span class='ocrx_word' id='word_1_725' title='bbox 432 5472 712 5543; x_wconf 63' lang='lat' dir='ltr'>n⁰m¹¹¹0G¹¹id0ssib</span> <span class='ocrx_word' id='word_1_726' title='bbox 725 5474 846 5546; x_wconf 69' lang='lat' dir='ltr'>Pssulum</span> <span class='ocrx_word' id='word_1_727' title='bbox 856 5492 873 5532; x_wconf 70' lang='lat' dir='ltr'>t</span> <span class='ocrx_word' id='word_1_728' title='bbox 883 5475 948 5534; x_wconf 70' lang='lat' dir='ltr'>Ber·</span> <span class='ocrx_word' id='word_1_729' title='bbox 1037 5478 1095 5549; x_wconf 70' lang='grc'>(33)</span> <span class='ocrx_word' id='word_1_730' title='bbox 1111 5477 1158 5533; x_wconf 84' lang='lat' dir='ltr'>Sic</span> <span class='ocrx_word' id='word_1_731' title='bbox 1174 5491 1287 5542; x_wconf 87' lang='lat' dir='ltr'>omncs,</span> <span class='ocrx_word' id='word_1_732' title='bbox 1301 5471 1351 5531; x_wconf 90' lang='lat' dir='ltr'>sed</span> <span class='ocrx_word' id='word_1_733' title='bbox 1367 5469 1487 5528; x_wconf 90' lang='lat' dir='ltr'>omnino</span> <span class='ocrx_word' id='word_1_734' title='bbox 1500 5463 1658 5540; x_wconf 87' lang='lat' dir='ltr'>legendum</span> <span class='ocrx_word' id='word_1_735' title='bbox 1673 5461 1759 5518; x_wconf 82' lang='lat' dir='ltr'>intro.</span> 
     </span>
     <span class='ocr_line' id='line_1_60' title="bbox 184 5550 495 5598; baseline 0 -2"><span class='ocrx_word' id='word_1_736' title='bbox 184 5550 211 5589; x_wconf 74' lang='lat'>1³</span> <span class='ocrx_word' id='word_1_737' title='bbox 256 5552 338 5592; x_wconf 80' lang='lat' dir='ltr'>narro</span> <span class='ocrx_word' id='word_1_738' title='bbox 383 5555 495 5598; x_wconf 86' lang='lat' dir='ltr'>versus.</span> 
     </span>
    </p>
   </div>
   <div class='ocr_carea' id='block_1_6' title="bbox 0 0 1946 6084">
    <p class='ocr_par' dir='ltr' id='par_1_10' title="bbox 0 0 1946 6084">
     <span class='ocr_line' id='line_1_61' title="bbox 0 0 1946 6084; baseline 0 2"><span class='ocrx_word' id='word_1_739' title='bbox 0 0 1946 6084; x_wconf 95' lang='lat' dir='ltr'> </span> 
     </span>
    </p>
   </div>
  </div>
 </body>
</html>
