3884 6084
64 321 107 382 69
691 310 900 378 bxrosl'rlo
922 307 1178 377 aestuabant.

140 450 200 507 Tr.
218 452 247 507 la
261 450 344 521 fircera
356 463 408 521 pro
421 447 534 504 occultis·
548 448 612 518 filii.
692 448 695 453 ’
911 453 938 518 Α
971 448 989 501 b
1026 446 1135 502 lairaici
1148 445 1430 518 biccartartsraracca
1445 450 1474 505 in
1489 449 1571 520 fincra
1585 468 1595 504 .·

140 541 270 596 Psuhnas
282 538 378 595 Dauid.
1025 537 1057 591 ct
1070 537 1233 602 civitatos÷
1254 552 1347 592 eoram
1369 542 1376 602 ζ
1398 537 1568 594 restaurati.

105 629 129 686 C
142 630 174 686 ln
188 628 288 695 finem,
301 625 486 701 praeceditis
497 627 553 700 filii
567 625 655 682 David
665 624 809 698 psalmus.
819 621 899 680 Finis
989 623 1010 678 C
1024 622 1137 679 Inimici
1153 623 1299 696 genitivus
1310 641 1397 680 casus
1407 631 1460 694 εει,
1473 627 1500 682 id
1517 633 1562 684 εει
1571 628 1779 701 diaboli,cajus

69 721 127 777 istc
141 717 241 793 signat
257 714 341 773 illum
354 734 361 772 :
374 732 432 772 non
452 715 482 770 in
500 732 558 789 quo
574 715 717 783 deficitur,
729 714 779 770 scd
796 713 825 768 iu
841 728 900 786 quo
954 713 1095 768 frameam
1111 713 1252 769 deiecisse
1274 718 1407 782 testatur,
1422 717 1540 787 quando
1555 717 1647 774 virtus
1669 718 1779 775 diaboli

71 806 225 875 crescitur,
234 806 285 879 qui
297 804 381 862 nobis
396 804 513 861 initium
529 809 574 860 εει
587 802 668 875 boni,
677 804 745 859 finis
759 807 804 859 est
819 800 898 858 mali.
954 802 984 857 in
996 802 1053 857 ttne
1063 800 1277 875 Omnipctcntis
1284 802 1395 874 judicio
1406 804 1583 862 destructur.
1598 807 1719 865 Framea
1730 809 1781 864 lle·
1895 867 1897 874 ,

71 898 128 955 Pro
141 894 266 953 occultis
291 892 342 950 filii
359 911 366 949 ε
384 909 539 967 personam
566 884 714 965 siguificat
731 889 901 958 Salvatoris,
956 890 1072 946 braicos
1094 907 1200 958 sermo,
1225 891 1326 948 Latine
1349 891 1468 963 gladius.
1485 893 1632 963 Civitates,
1657 896 1782 970 populos

72 987 160 1060 cujus
175 983 316 1059 mysteria
330 988 358 1040 ει
368 982 483 1056 judicia
497 981 582 1039 nobis
596 986 666 1038 suat
675 981 798 1039 occulta.
810 981 903 1037 ‘lotus
956 978 1100 1049 inlldcles,
1117 997 1242 1053 quorum
1267 985 1384 1054 pectora
1408 981 1544 1040 diabolus
1559 984 1589 1039 in
1606 984 1660 1042 boc
1676 984 1782 1041 aerulo

74 1075 121 1133 hia
145 1072 292 1148 psalmus,
308 1071 339 1129 ia
351 1088 475 1145 persona
499 1069 634 1127 Ecclesia
657 1086 708 1142 per
730 1068 902 1143 prophetam
957 1069 1139 1142 possidebat;
1157 1069 1187 1125 in
1213 1069 1318 1125 ultima
1332 1069 1439 1128 Christi
1454 1072 1689 1132 manifestatione
1711 1073 1783 1130 dicit

72 1164 201 1223 canitur.
957 1157 1114 1215 convictos.

92 1255 105 1309 1
145 1251 299 1325 masam
314 1249 625 1317 5-tib13120mtne,tn
639 1248 784 1306 totocorde
798 1265 871 1318 mro,·
975 1249 992 1303 7
1028 1249 1115 1303 Periit
1129 1251 1260 1305 raemoria
1275 1266 1369 1306 eoram
1383 1267 1444 1306 cum
1457 1254 1573 1308 sonita:

108 1343 236 1399 Narrabo
251 1342 345 1397 omnio
358 1339 506 1395 mirabilia
521 1345 578 1395 tua.
1029 1338 1062 1393 Et
1077 1340 1212 1394 Dominus
1227 1340 1258 1394 ia
1269 1348 1405 1397 aternam
1417 1350 1568 1412 permanet.

109 1432 143 1488 C.
161 1431 195 1487 lu
209 1434 270 1487 toto
284 1429 370 1486 cordo
380 1428 536 1486 confltetur
546 1427 710 1500 Deum‚qui
726 1426 815 1484 nullis
829 1426 905 1499 cogi·
994 1425 1015 1482 C
1030 1426 1102 1483 Cum
1115 1427 1212 1482 sonitu
1229 1427 1309 1499 dicit,
1320 1427 1348 1484 id
1365 1434 1409 1485 est
1421 1446 1489 1485 cum
1501 1429 1629 1488 clamore
1643 1433 1782 1499 maximo,

73 1519 240 1577 tutioribus
250 1517 410 1575 mundanis
422 1517 634 1590 fluctuatquod
644 1520 689 1573 est
698 1517 904 1589 perlectorum.
960 1516 1037 1588 quod
1052 1516 1114 1571 lieri
1139 1515 1222 1583 solet,
1239 1518 1356 1589 quando
1371 1536 1417 1575 res
1442 1536 1587 1593 prospera
1611 1521 1784 1594 gravissimo

74 1608 219 1675 Narrabo,
233 1611 288 1664 etc.
300 1607 323 1663 ll
333 1609 373 1663 Ac
389 1606 413 1663 si
424 1605 546 1662 dixisset
554 1610 696 1678 quantum
711 1622 757 1661 me
768 1603 906 1672 docuisti,
960 1607 1018 1661 line
1033 1603 1220 1672 clauduntur,
1231 1610 1263 1661 ut
1275 1622 1326 1662 neo
1342 1613 1471 1679 potestas
1485 1625 1584 1665 aarum
1599 1610 1730 1667 videatur
1745 1625 1787 1665 re·

75 1699 196 1754 tabtum
220 1695 423 1762 narrabaoui
448 1699 547 1750 narrat
571 1700 713 1766 quantum
743 1692 904 1767 intelligit:
961 1694 1417 1758 manere,necnomen.Etecce
1437 1697 1788 1772 decoranimisqueapta

75 1787 181 1844 omnia
195 1783 342 1842 mirabilia
366 1783 416 1841 Dei
431 1788 540 1852 narrat,
554 1783 688 1855 quamvis
712 1782 741 1838 in
766 1799 797 1839 se
822 1782 907 1855 plura
922 1821 945 1887 B
961 1781 1126 1844 diversitas.
1138 1782 1208 1855 quia
1223 1782 1306 1856 prius
1318 1783 1391 1839 dixit
1406 1785 1513 1857 impios
1534 1787 1637 1859 perire,
1654 1803 1732 1844 nunc
1755 1788 1785 1844 iu

75 1875 148 1934 sint
960 1876 1101 1926 aternum
1117 1870 1275 1927 Dominum
1291 1888 1461 1943 permanere
1478 1874 1557 1932 dicit.

94 1968 115 2020 2
149 1966 276 2023 Laetabor
289 1973 315 2021 et
327 1964 456 2021 exaltabo
471 1966 503 2020 ia
515 1972 557 2031 tc,·
978 1961 995 2014 8
1031 1961 1145 2015 Paravit
1159 1959 1305 2032 injudicio
1321 1961 1449 2017 thronum
1463 1978 1555 2030 saum,
1570 1971 1597 2020 ει
1610 1966 1667 2038 ipsc
1679 1966 1787 2037 judica-

148 2053 274 2110 Psaliam
287 2054 463 2120 nominituo,
481 2053 633 2111 ditissime.
1068 2048 1107 2104 bit
1121 2048 1213 2104 orbem
1227 2055 1310 2105 terrac
1324 2049 1353 2104 ia
1368 2052 1496 2121 aequitate
1511 2069 1520 2107 :

113 2143 134 2199 C
149 2142 220 2200 Plus
233 2147 278 2199 εει
291 2142 370 2199 enim
385 2140 514 2198 exultare
530 2157 620 2214 quam
641 2139 741 2196 letari.
756 2140 907 2197 Exsultare
1030 2137 1167 2193 iudicabit
1179 2137 1292 2209 populos
1306 2139 1336 2192 ia
1346 2139 1465 2210 justitia.

75 2237 122 2289 est
143 2231 236 2288 animi
252 2236 280 2288 ει
294 2230 426 2304 corporis
455 2235 537 2286 motu
563 2230 667 2303 majori
690 2230 908 2302 jocundissima
997 2225 1787 2301 CParavit,scilicetDeushomo,utquihicinhumi·

75 2321 214 2377 libertate
237 2321 376 2394 gaudere,
390 2319 482 2375 letari
507 2335 573 2374 varo
590 2335 597 2374 :
621 2318 856 2392 anlm01dilatari
877 2319 907 2374 in
962 2315 1042 2370 litate
1050 2314 1201 2386 judicatus
1212 2319 1266 2381 est,
1279 2314 1318 2370 ibi
1332 2316 1361 2371 in
1374 2316 1525 2386 maestus
1538 2318 1726 2389 judicaturus
1737 2322 1788 2378 ad-

75 2409 200 2484 gaudio,
216 2408 316 2464 latitia
330 2409 409 2464 enim
425 2406 510 2480 quasi
527 2405 632 2475 latitia,
647 2407 676 2462 id
692 2411 737 2463 εει
748 2408 855 2463 mentis
870 2407 909 2462 la·
962 2402 1067 2460 veniat.
1085 2405 1120 2459 Et
1134 2401 1197 2476 ipse
1211 2402 1310 2476 utiquc
1330 2403 1472 2461 Dominus
1487 2405 1621 2466 Christus
1631 2409 1787 2480 judicabit.

76 2499 185 2567 titudo,
202 2499 232 2553 in
253 2497 361 2571 gaudio
385 2497 503 2552 dicitur.
526 2495 663 2564 Psallam,
678 2496 701 2552 ll
717 2512 803 2569 opere
826 2512 909 2553 com·
963 2494 1069 2551 Orbem
1085 2497 1168 2548 terra
1194 2493 1400 2550 sanctosviros
1425 2493 1565 2552 debemus
1580 2499 1721 2571 accipere.
1739 2498 1791 2559 lati

78 2587 189 2661 picam.
202 2587 312 2644 Nomen
324 2585 418 2642 Patris
433 2585 525 2641 Pilius
539 2590 593 2641 est.
605 2583 775 2642 altissimus
790 2590 853 2658 lpse
865 2590 910 2642 est
959 2583 1111 2653 judicandi
1124 2587 1194 2638 sunt
1205 2583 1235 2636 in
1246 2583 1383 2655 aequitate
1395 2584 1445 2657 qui
1456 2586 1584 2641 audituri
1602 2591 1673 2644 scint
1685 2604 1691 2643 :
1703 2588 1791 2644 Veni·

78 2678 171 2734 Deus,
964 2680 1003 2740 te,
1015 2672 1159 2728 benedicti
1174 2670 1268 2728 Patris
1284 2672 1339 2727 mei
1352 2672 1462 2735 artata.
1476 2678 1557 2744 xxv);
1575 2678 1697 2748 aquitae
1712 2677 1790 2734 enim

97 2768 116 2821 3
152 2769 186 2821 ln
201 2763 378 2833 maturando
394 2764 539 2820 inimicam
552 2779 643 2819 ineam
657 2770 828 2820 retrorsum:
964 2778 1016 2835 pro
1032 2760 1197 2832 placiditate
1219 2765 1247 2816 ει
1273 2760 1331 2816 1εηί
1351 2762 1463 2833 judicio
1479 2764 1547 2836 poni
1558 2764 1641 2821 solet.
1654 2766 1790 2840 Populos,

115 2854 337 2926 lufirmabautar
349 2857 376 2908 et
389 2853 518 2924 peribunt
533 2870 550 2905 a
563 2852 634 2923 [acie
649 2860 706 2908 tua.
965 2855 1131 2925 peccatores
1150 2849 1230 2905 dicit.
1243 2849 1293 2906 lati
1308 2867 1375 2906 cum
1395 2852 1513 2923 justitia
1532 2854 1684 2925 iudicandi
1710 2861 1790 2925 sunt,

116 2943 154 2999 ll.
170 2941 326 2998 inimicum
341 2940 413 2997 dicit
426 2938 586 3010 diabolum,
598 2941 645 2996 cui
661 2941 802 2997 Dominus
815 2941 909 3008 dixit;
965 2940 1074 3013 quibus
1089 2939 1203 2995 dicetur
1218 2955 1225 2992 ε
1243 2939 1284 2994 1ιε
1300 2940 1329 2994 in
1345 2939 1443 3012 ignem
1459 2946 1599 2998 aternum
1616 2944 1711 3014 (ibid.)

80 3032 163 3088 Vade
186 3036 274 3096 retro,
287 3032 396 3087 Salona
415 3031 524 3100 (blattis.
536 3032 606 3099 xvi).
622 3030 729 3087 Putant
751 3032 828 3087 enim
845 3031 911 3103 qui·
982 3030 1000 3084 9
1037 3029 1069 3084 Et
1081 3032 1170 3100 suctus
1182 3036 1222 3084 est
1232 3030 1362 3084 Dominus
1378 3031 1516 3101 refugiam
1528 3034 1667 3102 pauperi:

80 3123 233 3189 dam,noa
247 3120 332 3177 Petro
356 3119 407 3176 sed
428 3118 555 3185 diabolo,
568 3119 651 3175 Petro
673 3119 839 3192 suggerenti
856 3125 913 3176 Do·
1039 3117 1157 3189 Adiutor
1171 3119 1200 3171 ia
1214 3119 1486 3188 opportunitatibus„
1503 3120 1534 3173 in
1549 3120 1736 3177 tribulatione.

80 3211 198 3266 minum
214 3207 420 3282 respondisse:
432 3207 523 3275 Vade,
534 3212 620 3275 retro,
632 3208 751 3274 Satana,
762 3206 792 3262 id
805 3212 849 3264 est
863 3209 911 3264 ad·
926 3191 947 3257 C
1002 3206 1022 3261 C
1033 3206 1140 3279 Magna
1150 3204 1286 3277 cogitatio
1297 3206 1483 3278 gaudiorum,
1492 3207 1500 3261 i
1505 3224 1590 3279 psum
1599 3208 1707 3266 habere
1718 3211 1764 3266 ret
1783 3241 1793 3252 ·

79 3299 281 3367 versarie,seu
303 3296 432 3354 inimice.
445 3296 686 3354 lufirmabuntur.
698 3296 750 3354 llio
760 3296 912 3369 pluraliter
965 3295 1047 3369 giam
1064 3310 1150 3367 qucm
1165 3299 1194 3350 et
1204 3295 1346 3366 judicem.
1358 3296 1470 3368 Pauper
1485 3298 1533 3353 Dei
1545 3301 1590 3352 est
1605 3297 1663 3366 ille,
1675 3299 1725 3370 qui
1739 3305 1794 3355 ter·

81 3404 186 3445 ornnes
210 3385 351 3444 satellites
374 3385 482 3442 diaboli
508 3385 740 3459 comprehendit,
755 3385 807 3459 qai
830 3387 912 3459 prius
967 3382 1793 3459 renadespiciens,coelestiadesiderat.llludadjutorium

84 3477 174 3533 sortes
188 3480 274 3533 erant
289 3479 408 3550 propter
422 3479 540 3547 peecata
560 3478 670 3542 nostra,
682 3475 769 3531 modo
784 3474 911 3545 intirmi;
967 3472 1174 3529 dulcissimum
1184 3472 1321 3544 estquod
1332 3473 1362 3528 in
1370 3474 1598 3546 opportunitate,
1606 3474 1634 3531 id
1645 3481 1689 3532 est
1697 3494 1794 3535 ncces·
1867 3492 1875 3501 ‘

84 3583 138 3622 nos
151 3570 252 3621 autem
267 3564 295 3621 in
308 3565 366 3621 Deo
378 3563 477 3621 tortas.
491 3563 631 3620 Peribunt
642 3567 708 3619 aute
719 3563 866 3620 laciomC
881 3564 912 3621 ld
968 3563 1054 3618 sitato
1070 3565 1233 3634 prestatur.
1247 3561 1279 3617 lu
1296 3560 1493 3629 tribulatione,
1508 3580 1574 3619 cum
1588 3564 1705 3622 animus
1720 3566 1794 3623 alili·

86 3660 129 3710 εει
143 3658 215 3711 anto
228 3653 353 3727 gratiam
369 3652 419 3727 [al.
434 3651 548 3726 taciem]
562 3651 680 3708 Christi.
968 3656 1081 3708 olorum
1097 3650 1133 3706 ad
1149 3650 1403 3723 compunctionem
1419 3652 1534 3708 avidius
1550 3652 1697 3711 incitatur.

103 3746 119 3799 l
156 3745 294 3815 Quoniam
305 3742 643 3814 [eatstijudiciummcura
654 3749 802 3797 etecusam
814 3758 912 3798 marm.
969 3741 1004 3794 10
1039 3741 1072 3795 Ει
1085 3747 1194 3811 spereat
1207 3741 1236 3795 ia
1253 3748 1277 3796 te
1291 3742 1340 3812 oui
1354 3749 1486 3797 normae
1500 3758 1597 3798 aarum
1612 3751 1713 3800 taum:

157 3832 261 3889 Sedbti
283 3847 366 3904 saper
390 3831 518 3887 thronum
539 3836 567 3896 ἢ
589 3831 639 3902 qui
667 3836 675 3896 ζ
698 3830 809 3903 judicas
829 3832 914 3904 jasti-
1042 3829 1177 3897 Quoniam
1205 3845 1259 3885 aaa
1293 3828 1466 3902 dereliquisti
1497 3841 1649 3904 camenas
1677 3840 1711 3902 te,
1740 3827 1796 3890 00.

194 3923 273 3976 tiam.
1074 3917 1159 3974 miae.

123 4013 156 4068 ll.
173 4009 280 4067 Fecisti
301 4008 449 4082 Judioium
475 4025 584 4078 meum,
600 4025 654 4065 vox
675 4007 819 4066 Ecclesia.
835 4011 874 4065 Ac
889 4008 914 4066 si
1005 4005 1025 4061 C
1041 4006 1164 4079 Sperent
1178 4004 1207 4060 in
1218 4009 1256 4074 te,
1270 4023 1327 4061 non
1341 4006 1479 4063 insaculi
1495 4007 1696 4066 blandimenta
1707 4011 1798 4084 respi-

87 4101 165 4156 dicat
180 4117 186 4155 :
205 4103 308 4173 gentes
322 4097 447 4172 elegisti,
462 4097 579 4155 Judaos
600 4097 773 4170 reprobasti.
790 4096 915 4155 Causam
970 4095 1058 4161 ciant,
1069 4096 1119 4151 sed
1131 4095 1162 4149 in
1177 4099 1258 4151 tuam
1275 4095 1499 4167 promissionem
1514 4096 1671 4164 confidant,
1684 4099 1734 4169 qui
1748 4115 1797 4155 no·

89 4206 197 4255 meam,
211 4186 240 4243 id
259 4192 314 4256 est,
325 4186 454 4243 causasti
468 4203 521 4259 pro
537 4202 583 4242 me
598 4190 699 4242 contra
722 4186 915 4255 adversarios,
969 4187 1074 4241 verunt
1087 4200 1204 4250 nomeu,
1216 4183 1245 4238 id
1257 4188 1303 4240 est
1315 4184 1366 4257 qui
1380 4185 1563 4256 majestatem
1580 4191 1660 4241 tuam
1676 4186 1798 4244 sanctis-

88 4285 114 4334 ει
128 4266 286 4333 νίῐιάἰεεειί
300 4292 358 4344 me,
376 4280 404 4332 et
423 4275 515 4332 iecisti
533 4292 652 4332 causam
676 4291 771 4332 meam
796 4276 915 4333 bonam.
971 4273 1047 4330 sima
1061 4271 1212 4329 dovotione
1222 4271 1560 4330 venerantur.ANomcn
1576 4274 1654 4329 enim
1666 4279 1710 4331 εει
1720 4274 1770 4331 Dei
1788 4293 1795 4332 :

88 4367 240 4422 'lbronum
251 4364 384 4421 Graecum
397 4367 453 4431 est,
464 4363 659 4431 Latinesodes,
672 4363 742 4437 quia
757 4364 917 4438 unusquis·
971 4362 1124 4430 Dominus,
1133 4360 1176 4416 vel
1193 4361 1253 4417 list.
1270 4361 1350 4425 Quod
1364 4361 1451 4429 novit,
1465 4361 1515 4435 qui
1531 4361 1654 4420 libenter
1669 4363 1695 4419 εἰ
1710 4362 1799 4421 servit

89 4472 145 4529 que
159 4455 246 4512 sedes
261 4453 312 4510 Dei
324 4457 379 4509 εει.
391 4453 412 4511 C
422 4451 475 4509 llic
486 4469 613 4526 presens
628 4457 745 4528 tempus
755 4470 808 4526 pro
819 4454 917 4512 laturo
972 4451 1022 4526 qui
1033 4466 1098 4507 vere
1110 4454 1164 4507 est.
1177 4449 1244 4506 ldeo
1254 4465 1340 4505 nemo
1351 4450 1484 4522 speretin
1496 4450 1684 4518 transitoriis,
1694 4458 1799 4526 prater

89 4543 172 4613 dixit,
182 4543 314 4616 judicas,
325 4542 395 4615 quia
404 4541 593 4614 judicaturus
609 4542 649 4598 sit
660 4541 837 4614 equitatem.
932 4561 955 4626 Ι)
972 4541 1027 4597 suit
1041 4545 1070 4596 et
1084 4539 1139 4596 erit
1153 4537 1226 4593 nihil
1247 4536 1434 4597 habentibus.
1448 4540 1522 4596 Nam
1538 4541 1617 4613 quod
1633 4541 1662 4597 in
1678 4539 1738 4597 illis
1753 4541 1798 4597 lu·

105 4635 125 4689 5
160 4632 309 4704 lacrepasti
322 4637 461 4701 asnaa-j-
481 4639 507 4688 ct
526 4636 533 4695 ζ
553 4633 640 4704 potiit
653 4633 765 4704 impius.
971 4636 1071 4687 turum
1086 4633 1140 4696 εει,
1159 4644 1226 4684 cum
1241 4628 1353 4685 venerit
1368 4629 1401 4684 ta
1419 4631 1518 4687 statim
1542 4630 1733 4703 preteritum,
1750 4647 1798 4686 ex-

160 4726 265 4781 Noraea
277 4737 370 4778 eoram
384 4719 478 4777 delesti
492 4722 521 4776 ia
540 4728 685 4789 alaram,
701 4728 728 4778 ot
741 4722 772 4776 ia
785 4723 917 4779 wcaiam
972 4723 1195 4793 spectaturaum
1208 4716 1799 4786 cupiditate,amittiturcumdolore,noa

205 4815 233 4874 ÷
247 4805 346 4865 saculi
367 4812 374 4874 ζ
971 4813 1087 4865 tenetur
1098 4825 1166 4864 cum
1181 4807 1364 4864 certitudine.
1378 4808 1399 4863 C
1414 4808 1553 4879 Sequitur
1567 4822 1657 4862 causa
1669 4821 1722 4861 cur
1736 4820 1800 4878 sps-

124 4899 158 4955 ll.
175 4896 335 4972 Increpasti
348 4900 450 4971 gentes
464 4912 517 4970 per
528 4893 686 4970 apostolos,
698 4895 768 4969 quia
782 4895 860 4954 idola
871 4898 919 4953 ad·
972 4902 1037 4954 rent
1051 4897 1080 4952 in
1103 4897 1206 4969 Deum,
1223 4897 1292 4970 quia
1307 4913 1363 4952 non
1381 4896 1491 4967 patitur
1503 4910 1553 4950 ens
1567 4894 1701 4951 deserere
1725 4911 1800 4968 quos

89 4989 224 5044 orabant.
238 4986 272 5042 llt
285 4985 371 5060 pariit
384 4984 504 5058 impius,
516 4985 586 5057 quia
596 4985 632 5042 ab
644 4984 735 5057 impio
750 5001 802 5059 per
817 4986 919 5058 pradi-
971 4988 1051 5043 iudet
1069 4986 1106 5043 ad
1122 4986 1323 5058 sscoul‘ugere.

88 5076 236 5133 rationem
251 5073 622 5148 lactusestpius.Nomeu
637 5088 739 5129 eorum
754 5072 872 5142 delevit,
888 5075 918 5130 id
973 5077 1003 5132 ll
1043 5071 1601 5144 PsuliitoDomiao÷qai1babitat÷
1626 5073 1799 5140 ta1Sioa:

87 5169 132 5222 est
147 5181 257 5221 nomeu
277 5161 481 5237 impietatisC
502 5163 535 5218 la
557 5160 698 5219 seculum
714 5161 822 5233 saculi,
840 5162 919 5221 luta·
1043 5163 1211 5219 Annuntiate
1227 5168 1299 5217 tuter
1313 5168 1404 5230 aenas
1418 5161 1509 5218 studia
1523 5161 1593 5234 ejus.

88 5270 156 5309 rum
170 5267 296 5332 Quam
310 5240 419 5324 signat,
435 5250 513 5323 quod
534 5248 616 5307 nulla
629 5254 713 5307 atate
737 5250 818 5307 nullo
842 5256 918 5309 tem-
1009 5251 1162 5309 llPsallite
1181 5250 1315 5316 Domino,
1333 5249 1360 5304 id
1382 5253 1427 5307 εει
1451 5251 1606 5323 praedicate
1630 5250 1800 5319 Dominum,

88 5357 158 5415 pora
168 5339 444 5409 finietur,astenim
455 5337 595 5395 saeculum
606 5341 826 5412 aternumpost
839 5340 918 5398 istud
973 5346 1001 5398 ει
1016 5357 1101 5414 opere
1122 5338 1241 5412 implete
1264 5339 1342 5411 quod
1366 5338 1541 5412 pradicatis.
1557 5339 1627 5396 Sion
1651 5339 1801 5412 speculatio

88 5427 233 5487 motabile
247 5426 405 5498 seculum
422 5427 500 5502 quod
524 5433 571 5484 εει
589 5426 742 5498 seculum,
755 5428 785 5486 id
807 5435 852 5486 εει
873 5447 919 5488 εε·
973 5430 1091 5497 dicitur,
1108 5428 1137 5484 id
1157 5432 1202 5484 εει
1224 5427 1361 5492 Ecclesia,
1379 5427 1409 5483 in
1434 5444 1492 5501 qua
1516 5428 1630 5484 habitat
1655 5426 1799 5485 Christus.

86 5534 184 5593 quens
195 5519 343 5581 saratas
353 5517 440 5576 istius
449 5516 600 5591 saeuitia
613 5520 668 5589 εει,
679 5516 735 5576 isto
747 5517 828 5576 linito
838 5519 919 5579 aliud
973 5518 1161 5576 Annuntiate.
1177 5517 1240 5573 Vox
1266 5517 1414 5590 Propheta
1437 5503 1576 5573 admonet
1596 5517 1801 5590 predicatores

88 5608 205 5687 incipit.
974 5608 1131 5690 predicare
1145 5606 1336 5682 studiosius,
1351 5606 1382 5666 id
1397 5611 1441 5667 est
1455 5608 1596 5667 mandata
1609 5604 1729 5666 Christi.
