<?xml version="1.0" encoding="UTF-8"?>
<!DOCTYPE html PUBLIC "-//W3C//DTD XHTML 1.0 Transitional//EN"
    "http://www.w3.org/TR/xhtml1/DTD/xhtml1-transitional.dtd">
<html xmlns="http://www.w3.org/1999/xhtml" xml:lang="en" lang="en">
 <head>
  <title>
</title>
<meta http-equiv="Content-Type" content="text/html;charset=utf-8" />
  <meta name='ocr-system' content='tesseract 3.04.00' />
  <meta name='ocr-capabilities' content='ocr_page ocr_carea ocr_par ocr_line ocrx_word'/>
</head>
<body>
  <div class='ocr_page' id='page_1' title='image "./patrologiaecurs64unkngoog_0326.png"; bbox 0 0 3884 6084; ppageno 0'>
   <div class='ocr_carea' id='block_1_1' title="bbox 121 236 1837 358">
    <p class='ocr_par' dir='ltr' id='par_1_1' title="bbox 121 236 1837 358">
     <span class='ocr_line' id='line_1_1' title="bbox 121 236 1837 358; baseline -0.006 -4"><span class='ocrx_word' id='word_1_1' title='bbox 121 290 179 358; x_wconf 76' lang='lat' dir='ltr'><strong>cer</strong></span> <span class='ocrx_word' id='word_1_2' title='bbox 496 236 511 247; x_wconf 52' lang='grc'><em>”</em></span> <span class='ocrx_word' id='word_1_3' title='bbox 610 286 779 352; x_wconf 80' lang='lat' dir='ltr'><strong>nonnum</strong></span> <span class='ocrx_word' id='word_1_4' title='bbox 804 283 947 348; x_wconf 76' lang='lat' dir='ltr'><strong>eninm</strong></span> <span class='ocrx_word' id='word_1_5' title='bbox 969 283 1147 348; x_wconf 76' lang='lat' dir='ltr'><strong>nearent</strong></span> <span class='ocrx_word' id='word_1_6' title='bbox 1169 283 1349 351; x_wconf 81' lang='lat' dir='ltr'><strong>cnuuinc.</strong></span> <span class='ocrx_word' id='word_1_7' title='bbox 1770 290 1837 354; x_wconf 72' lang='lat' dir='ltr'><strong>oso</strong></span> 
     </span>
    </p>
   </div>
   <div class='ocr_carea' id='block_1_2' title="bbox 75 417 1867 5584">
    <p class='ocr_par' dir='ltr' id='par_1_2' title="bbox 75 417 1867 5584">
     <span class='ocr_line' id='line_1_2' title="bbox 120 417 1836 506; baseline -0.001 -21"><span class='ocrx_word' id='word_1_8' title='bbox 120 429 311 485; x_wconf 82' lang='lat' dir='ltr'><strong>decreverunt</strong></span> <span class='ocrx_word' id='word_1_9' title='bbox 322 428 397 481; x_wconf 91' lang='lat' dir='ltr'><strong>utne</strong></span> <span class='ocrx_word' id='word_1_10' title='bbox 408 441 459 498; x_wconf 88' lang='lat' dir='ltr'><strong>per</strong></span> <span class='ocrx_word' id='word_1_11' title='bbox 468 423 625 496; x_wconf 85' lang='lat' dir='ltr'><strong>imperium</strong></span> <span class='ocrx_word' id='word_1_12' title='bbox 634 422 821 479; x_wconf 71' lang='lat' dir='ltr'>sacerdotum</span> <span class='ocrx_word' id='word_1_13' title='bbox 834 419 947 484; x_wconf 86' lang='lat' dir='ltr'><strong>fierent,</strong></span> <span class='ocrx_word' id='word_1_14' title='bbox 963 439 991 506; x_wconf 65' lang='grc' dir='ltr'><strong>Α</strong></span> <span class='ocrx_word' id='word_1_15' title='bbox 1005 417 1264 491; x_wconf 72' lang='lat' dir='ltr'><strong>incomparabilem</strong></span> <span class='ocrx_word' id='word_1_16' title='bbox 1279 420 1369 495; x_wconf 80' lang='lat' dir='ltr'><strong>hujus</strong></span> <span class='ocrx_word' id='word_1_17' title='bbox 1391 423 1532 496; x_wconf 88' lang='lat' dir='ltr'><strong>temporis</strong></span> <span class='ocrx_word' id='word_1_18' title='bbox 1556 424 1721 483; x_wconf 77' lang='lat' dir='ltr'><strong>ostenderet</strong></span> <span class='ocrx_word' id='word_1_19' title='bbox 1734 425 1836 484; x_wconf 85' lang='lat' dir='ltr'><strong>virum</strong></span> 
     </span>
     <span class='ocr_line' id='line_1_3' title="bbox 119 505 1837 593; baseline -0.003 -17"><span class='ocrx_word' id='word_1_20' title='bbox 119 521 237 593; x_wconf 83' lang='lat' dir='ltr'><strong>excepto</strong></span> <span class='ocrx_word' id='word_1_21' title='bbox 251 517 378 574; x_wconf 82' lang='lat' dir='ltr'><strong>Sabbata</strong></span> <span class='ocrx_word' id='word_1_22' title='bbox 393 514 593 582; x_wconf 85' lang='lat' dir='ltr'><strong>Pentecostes;</strong></span> <span class='ocrx_word' id='word_1_23' title='bbox 609 518 638 569; x_wconf 90' lang='lat' dir='ltr'><strong>ot</strong></span> <span class='ocrx_word' id='word_1_24' title='bbox 653 530 670 568; x_wconf 96' lang='lat' dir='ltr'><strong>a</strong></span> <span class='ocrx_word' id='word_1_25' title='bbox 685 511 795 585; x_wconf 88' lang='lat' dir='ltr'><strong>quibus</strong></span> <span class='ocrx_word' id='word_1_26' title='bbox 812 507 877 564; x_wconf 90' lang='lat' dir='ltr'><strong>fieri</strong></span> <span class='ocrx_word' id='word_1_27' title='bbox 890 507 948 564; x_wconf 90' lang='lat' dir='ltr'><strong>vel·</strong></span> <span class='ocrx_word' id='word_1_28' title='bbox 1004 505 1185 565; x_wconf 89' lang='lat' dir='ltr'><strong>hominibus.</strong></span> <span class='ocrx_word' id='word_1_29' title='bbox 1202 508 1289 565; x_wconf 82' lang='lat' dir='ltr'><strong>Duxit</strong></span> <span class='ocrx_word' id='word_1_30' title='bbox 1303 511 1382 567; x_wconf 90' lang='lat' dir='ltr'><strong>enim</strong></span> <span class='ocrx_word' id='word_1_31' title='bbox 1405 528 1440 568; x_wconf 81' lang='lat' dir='ltr'><strong>ex</strong></span> <span class='ocrx_word' id='word_1_32' title='bbox 1464 511 1614 571; x_wconf 89' lang='lat' dir='ltr'><strong>nobilibus</strong></span> <span class='ocrx_word' id='word_1_33' title='bbox 1641 513 1837 583; x_wconf 79' lang='lat' dir='ltr'><strong>Francorum,</strong></span> 
     </span>
     <span class='ocr_line' id='line_1_4' title="bbox 119 594 1837 680; baseline -0.003 -14"><span class='ocrx_word' id='word_1_34' title='bbox 119 607 230 679; x_wconf 88' lang='lat' dir='ltr'><strong>lent,ue</strong></span> <span class='ocrx_word' id='word_1_35' title='bbox 240 606 463 680; x_wconf 77' lang='lat' dir='ltr'><strong>prohiberentur</strong></span> <span class='ocrx_word' id='word_1_36' title='bbox 472 601 702 675; x_wconf 87' lang='lat' dir='ltr'><strong>lieri.Simulque</strong></span> <span class='ocrx_word' id='word_1_37' title='bbox 712 599 817 656; x_wconf 77' lang='lat' dir='ltr'><strong>incidit</strong></span> <span class='ocrx_word' id='word_1_38' title='bbox 828 595 950 671; x_wconf 73' lang='lat' dir='ltr'><strong>quaestio</strong></span> <span class='ocrx_word' id='word_1_39' title='bbox 1005 598 1102 652; x_wconf 86' lang='lat' dir='ltr'><strong>mente</strong></span> <span class='ocrx_word' id='word_1_40' title='bbox 1112 594 1238 653; x_wconf 89' lang='lat' dir='ltr'><strong>nobilior</strong></span> <span class='ocrx_word' id='word_1_41' title='bbox 1248 597 1320 670; x_wconf 86' lang='lat' dir='ltr'><strong>ipse,</strong></span> <span class='ocrx_word' id='word_1_42' title='bbox 1331 600 1510 674; x_wconf 77' lang='lat' dir='ltr'><strong>prosapiam,</strong></span> <span class='ocrx_word' id='word_1_43' title='bbox 1523 606 1553 658; x_wconf 88' lang='lat' dir='ltr'><strong>et</strong></span> <span class='ocrx_word' id='word_1_44' title='bbox 1560 605 1593 658; x_wconf 91' lang='lat' dir='ltr'><strong>ut</strong></span> <span class='ocrx_word' id='word_1_45' title='bbox 1604 601 1701 659; x_wconf 90' lang='lat' dir='ltr'><strong>lilium</strong></span> <span class='ocrx_word' id='word_1_46' title='bbox 1709 602 1756 660; x_wconf 89' lang='lat' dir='ltr'><strong>vel</strong></span> <span class='ocrx_word' id='word_1_47' title='bbox 1767 621 1837 662; x_wconf 73' lang='lat' dir='ltr'><strong>rosa</strong></span> 
     </span>
     <span class='ocr_line' id='line_1_5' title="bbox 121 683 1839 768; baseline -0.004 -12"><span class='ocrx_word' id='word_1_48' title='bbox 121 716 175 757; x_wconf 85' lang='lat' dir='ltr'><strong>our·</strong></span> <span class='ocrx_word' id='word_1_49' title='bbox 189 695 324 754; x_wconf 85' lang='lat' dir='ltr'><strong>monaehi</strong></span> <span class='ocrx_word' id='word_1_50' title='bbox 340 712 391 768; x_wconf 87' lang='lat' dir='ltr'><strong>per</strong></span> <span class='ocrx_word' id='word_1_51' title='bbox 413 699 472 751; x_wconf 87' lang='lat' dir='ltr'><strong>tres</strong></span> <span class='ocrx_word' id='word_1_52' title='bbox 493 692 537 751; x_wconf 89' lang='lat' dir='ltr'><strong>vel</strong></span> <span class='ocrx_word' id='word_1_53' title='bbox 560 697 686 766; x_wconf 88' lang='lat' dir='ltr'><strong>quotuor</strong></span> <span class='ocrx_word' id='word_1_54' title='bbox 702 688 873 746; x_wconf 87' lang='lat' dir='ltr'><strong>Dominieas</strong></span> <span class='ocrx_word' id='word_1_55' title='bbox 889 685 952 742; x_wconf 90' lang='lat' dir='ltr'><strong>dies</strong></span> <span class='ocrx_word' id='word_1_56' title='bbox 1005 684 1041 741; x_wconf 90' lang='lat' dir='ltr'><strong>de</strong></span> <span class='ocrx_word' id='word_1_57' title='bbox 1055 683 1159 758; x_wconf 85' lang='lat' dir='ltr'><strong>spinis,</strong></span> <span class='ocrx_word' id='word_1_58' title='bbox 1171 686 1207 743; x_wconf 91' lang='lat' dir='ltr'><strong>de</strong></span> <span class='ocrx_word' id='word_1_59' title='bbox 1219 687 1409 746; x_wconf 72' lang='lat' dir='ltr'><strong>ferocioribus</strong></span> <span class='ocrx_word' id='word_1_60' title='bbox 1421 690 1584 748; x_wconf 88' lang='lat' dir='ltr'><strong>secundum</strong></span> <span class='ocrx_word' id='word_1_61' title='bbox 1599 690 1777 766; x_wconf 80' lang='lat' dir='ltr'><strong>sanguinem</strong></span> <span class='ocrx_word' id='word_1_62' title='bbox 1786 709 1839 766; x_wconf 86' lang='lat' dir='ltr'><strong>pa·</strong></span> 
     </span>
     <span class='ocr_line' id='line_1_6' title="bbox 122 773 1839 853; baseline -0.003 -7"><span class='ocrx_word' id='word_1_63' title='bbox 122 786 274 846; x_wconf 88' lang='lat' dir='ltr'><strong>antediem</strong></span> <span class='ocrx_word' id='word_1_64' title='bbox 283 783 444 842; x_wconf 77' lang='lat' dir='ltr'><strong>nativitatis</strong></span> <span class='ocrx_word' id='word_1_65' title='bbox 452 781 673 849; x_wconf 69' lang='lat' dir='ltr'><strong>nominicaeseu</strong></span> <span class='ocrx_word' id='word_1_66' title='bbox 684 773 951 853; x_wconf 77' lang='lat' dir='ltr'><strong>quadragesimalis</strong></span> <span class='ocrx_word' id='word_1_67' title='bbox 1005 773 1066 828; x_wconf 83' lang='lat' dir='ltr'><strong>trie</strong></span> <span class='ocrx_word' id='word_1_68' title='bbox 1083 773 1145 830; x_wconf 88' lang='lat' dir='ltr'><strong>luit.</strong></span> <span class='ocrx_word' id='word_1_69' title='bbox 1168 775 1232 844; x_wconf 84' lang='lat' dir='ltr'><strong>Qui,</strong></span> <span class='ocrx_word' id='word_1_70' title='bbox 1250 782 1282 832; x_wconf 91' lang='lat' dir='ltr'><strong>ut</strong></span> <span class='ocrx_word' id='word_1_71' title='bbox 1297 779 1532 851; x_wconf 80' lang='lat' dir='ltr'><strong>generosioribus</strong></span> <span class='ocrx_word' id='word_1_72' title='bbox 1546 798 1611 838; x_wconf 91' lang='lat' dir='ltr'><strong>mos</strong></span> <span class='ocrx_word' id='word_1_73' title='bbox 1625 786 1680 850; x_wconf 88' lang='lat' dir='ltr'><strong>est,</strong></span> <span class='ocrx_word' id='word_1_74' title='bbox 1694 781 1839 842; x_wconf 85' lang='lat' dir='ltr'><strong>nobiliter</strong></span> 
     </span>
     <span class='ocr_line' id='line_1_7' title="bbox 122 862 1837 947; baseline -0.002 -14"><span class='ocrx_word' id='word_1_75' title='bbox 122 873 333 934; x_wconf 77' lang='lat' dir='ltr'><strong>observationis</strong></span> <span class='ocrx_word' id='word_1_76' title='bbox 348 877 488 946; x_wconf 85' lang='lat' dir='ltr'><strong>tempore,</strong></span> <span class='ocrx_word' id='word_1_77' title='bbox 505 872 659 944; x_wconf 81' lang='lat' dir='ltr'><strong>hymnum,</strong></span> <span class='ocrx_word' id='word_1_78' title='bbox 684 867 796 926; x_wconf 89' lang='lat' dir='ltr'><strong>scilicet</strong></span> <span class='ocrx_word' id='word_1_79' title='bbox 820 868 853 921; x_wconf 84' lang='lat' dir='ltr'><strong>Te</strong></span> <span class='ocrx_word' id='word_1_80' title='bbox 868 865 952 919; x_wconf 83' lang='lat' dir='ltr'><strong>Deum</strong></span> <span class='ocrx_word' id='word_1_81' title='bbox 1006 862 1148 920; x_wconf 86' lang='lat' dir='ltr'><strong>educatus</strong></span> <span class='ocrx_word' id='word_1_82' title='bbox 1160 882 1166 932; x_wconf 91' lang='lat'>;</span> <span class='ocrx_word' id='word_1_83' title='bbox 1176 865 1355 924; x_wconf 88' lang='lat' dir='ltr'><strong>dehincvero</strong></span> <span class='ocrx_word' id='word_1_84' title='bbox 1368 868 1475 926; x_wconf 92' lang='lat' dir='ltr'><strong>scholis</strong></span> <span class='ocrx_word' id='word_1_85' title='bbox 1483 871 1591 928; x_wconf 86' lang='lat' dir='ltr'><strong>ortium</strong></span> <span class='ocrx_word' id='word_1_86' title='bbox 1602 869 1771 929; x_wconf 87' lang='lat' dir='ltr'><strong>liberalium</strong></span> <span class='ocrx_word' id='word_1_87' title='bbox 1781 889 1837 947; x_wconf 86' lang='lat' dir='ltr'><strong>ap·</strong></span> 
     </span>
     <span class='ocr_line' id='line_1_8' title="bbox 123 950 1838 1035; baseline -0.002 -11"><span class='ocrx_word' id='word_1_88' title='bbox 123 965 279 1035; x_wconf 75' lang='lat' dir='ltr'><strong>laedemus,</strong></span> <span class='ocrx_word' id='word_1_89' title='bbox 294 965 482 1021; x_wconf 85' lang='lat' dir='ltr'><strong>decantarent</strong></span> <span class='ocrx_word' id='word_1_90' title='bbox 497 966 598 1018; x_wconf 86' lang='lat' dir='ltr'><strong>contro</strong></span> <span class='ocrx_word' id='word_1_91' title='bbox 613 976 724 1017; x_wconf 90' lang='lat' dir='ltr'><strong>morem</strong></span> <span class='ocrx_word' id='word_1_92' title='bbox 745 958 884 1014; x_wconf 73' lang='lat' dir='ltr'><strong>Romanae</strong></span> <span class='ocrx_word' id='word_1_93' title='bbox 899 953 952 1007; x_wconf 78' lang='lat' dir='ltr'><strong>Ec·</strong></span> <span class='ocrx_word' id='word_1_94' title='bbox 1005 950 1142 1024; x_wconf 83' lang='lat' dir='ltr'><strong>plicatus.</strong></span> <span class='ocrx_word' id='word_1_95' title='bbox 1158 953 1213 1010; x_wconf 89' lang='lat' dir='ltr'><strong>Sed</strong></span> <span class='ocrx_word' id='word_1_96' title='bbox 1229 956 1395 1031; x_wconf 88' lang='lat' dir='ltr'><strong>intelligens</strong></span> <span class='ocrx_word' id='word_1_97' title='bbox 1407 974 1442 1015; x_wconf 82' lang='lat' dir='ltr'><strong>ex</strong></span> <span class='ocrx_word' id='word_1_98' title='bbox 1457 958 1503 1016; x_wconf 90' lang='lat' dir='ltr'><strong>his</strong></span> <span class='ocrx_word' id='word_1_99' title='bbox 1516 958 1671 1034; x_wconf 87' lang='lat' dir='ltr'><strong>plerosque</strong></span> <span class='ocrx_word' id='word_1_100' title='bbox 1684 960 1755 1034; x_wconf 86' lang='lat' dir='ltr'><strong>plus</strong></span> <span class='ocrx_word' id='word_1_101' title='bbox 1773 962 1838 1020; x_wconf 82' lang='lat' dir='ltr'><strong>lore</strong></span> 
     </span>
     <span class='ocr_line' id='line_1_9' title="bbox 123 1042 1838 1124; baseline -0.003 -10"><span class='ocrx_word' id='word_1_102' title='bbox 123 1055 298 1122; x_wconf 81' lang='lat' dir='ltr'><strong>olesiae.0ua</strong></span> <span class='ocrx_word' id='word_1_103' title='bbox 306 1051 441 1110; x_wconf 90' lang='lat' dir='ltr'><strong>videlicet</strong></span> <span class='ocrx_word' id='word_1_104' title='bbox 451 1051 609 1124; x_wconf 78' lang='lat' dir='ltr'><strong>questione</strong></span> <span class='ocrx_word' id='word_1_105' title='bbox 618 1046 747 1122; x_wconf 86' lang='lat' dir='ltr'><strong>aggressi</strong></span> <span class='ocrx_word' id='word_1_106' title='bbox 758 1051 816 1101; x_wconf 89' lang='lat' dir='ltr'><strong>tam</strong></span> <span class='ocrx_word' id='word_1_107' title='bbox 831 1042 953 1100; x_wconf 90' lang='lat' dir='ltr'><strong>abbates</strong></span> <span class='ocrx_word' id='word_1_108' title='bbox 1007 1044 1192 1099; x_wconf 88' lang='lat' dir='ltr'><strong>contumaees</strong></span> <span class='ocrx_word' id='word_1_109' title='bbox 1208 1061 1297 1116; x_wconf 84' lang='lat' dir='ltr'><strong>quom</strong></span> <span class='ocrx_word' id='word_1_110' title='bbox 1313 1046 1416 1103; x_wconf 77' lang='lat' dir='ltr'><strong>divine</strong></span> <span class='ocrx_word' id='word_1_111' title='bbox 1431 1048 1600 1107; x_wconf 72' lang='lat' dir='ltr'><strong>obedientiae</strong></span> <span class='ocrx_word' id='word_1_112' title='bbox 1613 1051 1761 1120; x_wconf 86' lang='lat' dir='ltr'><strong>subditos,</strong></span> <span class='ocrx_word' id='word_1_113' title='bbox 1773 1051 1838 1109; x_wconf 81' lang='lat' dir='ltr'><strong>sus-</strong></span> 
     </span>
     <span class='ocr_line' id='line_1_10' title="bbox 123 1128 1837 1219; baseline -0.003 -17"><span class='ocrx_word' id='word_1_114' title='bbox 123 1161 213 1219; x_wconf 90' lang='lat' dir='ltr'><strong>quam</strong></span> <span class='ocrx_word' id='word_1_115' title='bbox 228 1141 364 1201; x_wconf 89' lang='lat' dir='ltr'><strong>monachi</strong></span> <span class='ocrx_word' id='word_1_116' title='bbox 380 1140 593 1215; x_wconf 89' lang='lat' dir='ltr'><strong>responderunt</strong></span> <span class='ocrx_word' id='word_1_117' title='bbox 608 1155 639 1194; x_wconf 90' lang='lat' dir='ltr'><strong>se</strong></span> <span class='ocrx_word' id='word_1_118' title='bbox 654 1153 706 1210; x_wconf 90' lang='lat' dir='ltr'><strong>pro</strong></span> <span class='ocrx_word' id='word_1_119' title='bbox 721 1134 804 1190; x_wconf 89' lang='lat' dir='ltr'><strong>nulla</strong></span> <span class='ocrx_word' id='word_1_120' title='bbox 827 1149 857 1188; x_wconf 92' lang='lat' dir='ltr'><strong>re</strong></span> <span class='ocrx_word' id='word_1_121' title='bbox 879 1128 952 1184; x_wconf 91' lang='lat' dir='ltr'><strong>illud</strong></span> <span class='ocrx_word' id='word_1_122' title='bbox 1007 1129 1092 1186; x_wconf 80' lang='lat' dir='ltr'><strong>licere</strong></span> <span class='ocrx_word' id='word_1_123' title='bbox 1105 1130 1160 1187; x_wconf 91' lang='lat' dir='ltr'><strong>sibi</strong></span> <span class='ocrx_word' id='word_1_124' title='bbox 1176 1134 1301 1190; x_wconf 88' lang='lat' dir='ltr'><strong>credidit</strong></span> <span class='ocrx_word' id='word_1_125' title='bbox 1313 1134 1338 1192; x_wconf 94' lang='lat' dir='ltr'><strong>si</strong></span> <span class='ocrx_word' id='word_1_126' title='bbox 1354 1137 1456 1194; x_wconf 81' lang='lat' dir='ltr'><strong>exinde</strong></span> <span class='ocrx_word' id='word_1_127' title='bbox 1471 1137 1596 1197; x_wconf 85' lang='lat' dir='ltr'><strong>salutem</strong></span> <span class='ocrx_word' id='word_1_128' title='bbox 1611 1140 1719 1198; x_wconf 75' lang='lat' dir='ltr'><strong>anime</strong></span> <span class='ocrx_word' id='word_1_129' title='bbox 1732 1156 1837 1214; x_wconf 82' lang='lat' dir='ltr'><strong>repor-</strong></span> 
     </span>
     <span class='ocr_line' id='line_1_11' title="bbox 123 1220 1833 1309; baseline -0.002 -19"><span class='ocrx_word' id='word_1_130' title='bbox 123 1251 219 1309; x_wconf 87' lang='lat' dir='ltr'><strong>agere,</strong></span> <span class='ocrx_word' id='word_1_131' title='bbox 235 1231 293 1288; x_wconf 92' lang='lat' dir='ltr'><strong>nisi</strong></span> <span class='ocrx_word' id='word_1_132' title='bbox 307 1249 342 1288; x_wconf 86' lang='lat' dir='ltr'><strong>ex</strong></span> <span class='ocrx_word' id='word_1_133' title='bbox 356 1230 433 1288; x_wconf 83' lang='lat' dir='ltr'><strong>hecti</strong></span> <span class='ocrx_word' id='word_1_134' title='bbox 449 1227 597 1285; x_wconf 85' lang='lat' dir='ltr'><strong>Benedicti</strong></span> <span class='ocrx_word' id='word_1_135' title='bbox 616 1221 846 1281; x_wconf 87' lang='lat' dir='ltr'><strong>nominatissimi</strong></span> <span class='ocrx_word' id='word_1_136' title='bbox 865 1223 953 1290; x_wconf 85' lang='lat' dir='ltr'><strong>atque</strong></span> <span class='ocrx_word' id='word_1_137' title='bbox 1007 1223 1090 1274; x_wconf 84' lang='lat' dir='ltr'><strong>toret.</strong></span> <span class='ocrx_word' id='word_1_138' title='bbox 1102 1220 1221 1278; x_wconf 83' lang='lat' dir='ltr'><strong>Relictis</strong></span> <span class='ocrx_word' id='word_1_139' title='bbox 1237 1229 1334 1280; x_wconf 88' lang='lat' dir='ltr'><strong>autem</strong></span> <span class='ocrx_word' id='word_1_140' title='bbox 1350 1227 1521 1300; x_wconf 79' lang='lat' dir='ltr'><strong>pompatice</strong></span> <span class='ocrx_word' id='word_1_141' title='bbox 1532 1227 1662 1284; x_wconf 80' lang='lat' dir='ltr'><strong>scientie</strong></span> <span class='ocrx_word' id='word_1_142' title='bbox 1672 1229 1833 1301; x_wconf 76' lang='lat' dir='ltr'><strong>studiis,ad</strong></span> 
     </span>
     <span class='ocr_line' id='line_1_12' title="bbox 122 1308 1835 1390; baseline -0.004 -7"><span class='ocrx_word' id='word_1_143' title='bbox 122 1321 358 1383; x_wconf 76' lang='lat' dir='ltr'><strong>excellentissimi</strong></span> <span class='ocrx_word' id='word_1_144' title='bbox 368 1318 461 1376; x_wconf 90' lang='lat' dir='ltr'><strong>Patris</strong></span> <span class='ocrx_word' id='word_1_145' title='bbox 470 1315 762 1390; x_wconf 69' lang='lat' dir='ltr'><strong>preceptionecujus</strong></span> <span class='ocrx_word' id='word_1_146' title='bbox 773 1311 953 1369; x_wconf 88' lang='lat' dir='ltr'><strong>etiamaotus</strong></span> <span class='ocrx_word' id='word_1_147' title='bbox 1007 1308 1154 1378; x_wconf 92' lang='lat' dir='ltr'><strong>quoddam</strong></span> <span class='ocrx_word' id='word_1_148' title='bbox 1165 1314 1835 1390; x_wconf 86' lang='lat' dir='ltr'><strong>monasteriumclamingrediens,monachum</strong></span> 
     </span>
     <span class='ocr_line' id='line_1_13' title="bbox 123 1395 1491 1486; baseline -0.007 -15"><span class='ocrx_word' id='word_1_149' title='bbox 123 1411 271 1486; x_wconf 87' lang='lat' dir='ltr'><strong>simulque</strong></span> <span class='ocrx_word' id='word_1_150' title='bbox 287 1411 393 1467; x_wconf 84' lang='lat' dir='ltr'><strong>diotae</strong></span> <span class='ocrx_word' id='word_1_151' title='bbox 407 1423 524 1465; x_wconf 89' lang='lat' dir='ltr'><strong>summo</strong></span> <span class='ocrx_word' id='word_1_152' title='bbox 539 1406 739 1462; x_wconf 85' lang='lat' dir='ltr'><strong>Romanorum</strong></span> <span class='ocrx_word' id='word_1_153' title='bbox 756 1395 954 1476; x_wconf 72' lang='lat' dir='ltr'><strong>pontificen-</strong></span> <span class='ocrx_word' id='word_1_154' title='bbox 1007 1412 1038 1451; x_wconf 91' lang='lat' dir='ltr'><strong>se</strong></span> <span class='ocrx_word' id='word_1_155' title='bbox 1051 1396 1112 1452; x_wconf 86' lang='lat' dir='ltr'><strong>fiori</strong></span> <span class='ocrx_word' id='word_1_156' title='bbox 1127 1400 1200 1457; x_wconf 93' lang='lat' dir='ltr'><strong>satis</strong></span> <span class='ocrx_word' id='word_1_157' title='bbox 1212 1402 1313 1459; x_wconf 88' lang='lat' dir='ltr'><strong>devote</strong></span> <span class='ocrx_word' id='word_1_158' title='bbox 1325 1404 1491 1477; x_wconf 89' lang='lat' dir='ltr'><strong>postulavit.</strong></span> 
     </span>
     <span class='ocr_line' id='line_1_14' title="bbox 124 1483 1835 1573; baseline -0.005 -12"><span class='ocrx_word' id='word_1_159' title='bbox 124 1503 228 1562; x_wconf 89' lang='lat' dir='ltr'><strong>delicet</strong></span> <span class='ocrx_word' id='word_1_160' title='bbox 242 1498 390 1573; x_wconf 82' lang='lat' dir='ltr'><strong>Gregorio,</strong></span> <span class='ocrx_word' id='word_1_161' title='bbox 407 1497 585 1553; x_wconf 85' lang='lat' dir='ltr'><strong>haberentur</strong></span> <span class='ocrx_word' id='word_1_162' title='bbox 600 1493 745 1566; x_wconf 85' lang='lat' dir='ltr'><strong>descripta</strong></span> <span class='ocrx_word' id='word_1_163' title='bbox 771 1508 804 1547; x_wconf 91' lang='lat' dir='ltr'><strong>oc</strong></span> <span class='ocrx_word' id='word_1_164' title='bbox 818 1483 952 1544; x_wconf 87' lang='lat' dir='ltr'><strong>laudabi-</strong></span> <span class='ocrx_word' id='word_1_165' title='bbox 1043 1485 1099 1542; x_wconf 85' lang='lat' dir='ltr'><strong>Sed</strong></span> <span class='ocrx_word' id='word_1_166' title='bbox 1115 1490 1264 1560; x_wconf 78' lang='lat' dir='ltr'><strong>quoniam,</strong></span> <span class='ocrx_word' id='word_1_167' title='bbox 1281 1497 1314 1548; x_wconf 89' lang='lat' dir='ltr'><strong>ut</strong></span> <span class='ocrx_word' id='word_1_168' title='bbox 1328 1493 1467 1563; x_wconf 83' lang='lat' dir='ltr'><strong>diximus,</strong></span> <span class='ocrx_word' id='word_1_169' title='bbox 1484 1493 1554 1551; x_wconf 85' lang='lat' dir='ltr'><strong>clari</strong></span> <span class='ocrx_word' id='word_1_170' title='bbox 1569 1498 1632 1551; x_wconf 83' lang='lat' dir='ltr'><strong>arat</strong></span> <span class='ocrx_word' id='word_1_171' title='bbox 1644 1495 1775 1569; x_wconf 85' lang='lat' dir='ltr'><strong>generis,</strong></span> <span class='ocrx_word' id='word_1_172' title='bbox 1790 1495 1835 1553; x_wconf 92' lang='lat' dir='ltr'><strong>id·</strong></span> 
     </span>
     <span class='ocr_line' id='line_1_15' title="bbox 124 1573 1834 1658; baseline -0.005 -8"><span class='ocrx_word' id='word_1_173' title='bbox 124 1588 192 1651; x_wconf 88' lang='lat' dir='ltr'><strong>liter</strong></span> <span class='ocrx_word' id='word_1_174' title='bbox 206 1589 350 1648; x_wconf 80' lang='lat' dir='ltr'><strong>roborato.</strong></span> <span class='ocrx_word' id='word_1_175' title='bbox 360 1587 412 1644; x_wconf 90' lang='lat' dir='ltr'><strong>His</strong></span> <span class='ocrx_word' id='word_1_176' title='bbox 424 1585 549 1658; x_wconf 89' lang='lat' dir='ltr'><strong>denique</strong></span> <span class='ocrx_word' id='word_1_177' title='bbox 560 1582 716 1656; x_wconf 85' lang='lat' dir='ltr'><strong>compertis</strong></span> <span class='ocrx_word' id='word_1_178' title='bbox 731 1577 954 1654; x_wconf 65' lang='lat' dir='ltr'><strong>episcopium</strong></span> <span class='ocrx_word' id='word_1_179' title='bbox 1008 1573 1084 1630; x_wconf 82' lang='lat' dir='ltr'><strong>circo</strong></span> <span class='ocrx_word' id='word_1_180' title='bbox 1099 1582 1254 1648; x_wconf 72' lang='lat' dir='ltr'><strong>pareutum</strong></span> <span class='ocrx_word' id='word_1_181' title='bbox 1269 1581 1365 1638; x_wconf 86' lang='lat' dir='ltr'><strong>minas</strong></span> <span class='ocrx_word' id='word_1_182' title='bbox 1388 1583 1627 1656; x_wconf 77' lang='lat' dir='ltr'><strong>pertimescentes</strong></span> <span class='ocrx_word' id='word_1_183' title='bbox 1648 1582 1834 1642; x_wconf 91' lang='lat' dir='ltr'><strong>nullomodo</strong></span> 
     </span>
     <span class='ocr_line' id='line_1_16' title="bbox 125 1665 1834 1746; baseline -0.005 -6"><span class='ocrx_word' id='word_1_184' title='bbox 125 1680 337 1740; x_wconf 82' lang='lat' dir='ltr'><strong>monachorum</strong></span> <span class='ocrx_word' id='word_1_185' title='bbox 352 1675 520 1733; x_wconf 90' lang='lat' dir='ltr'><strong>authentico</strong></span> <span class='ocrx_word' id='word_1_186' title='bbox 535 1691 569 1730; x_wconf 85' lang='lat' dir='ltr'><strong>ex</strong></span> <span class='ocrx_word' id='word_1_187' title='bbox 596 1689 676 1729; x_wconf 91' lang='lat' dir='ltr'><strong>more</strong></span> <span class='ocrx_word' id='word_1_188' title='bbox 702 1670 803 1744; x_wconf 90' lang='lat' dir='ltr'><strong>viguit.</strong></span> <span class='ocrx_word' id='word_1_189' title='bbox 821 1669 954 1724; x_wconf 89' lang='lat' dir='ltr'><strong>Necnon</strong></span> <span class='ocrx_word' id='word_1_190' title='bbox 1008 1665 1178 1736; x_wconf 84' lang='lat' dir='ltr'><strong>acquievere</strong></span> <span class='ocrx_word' id='word_1_191' title='bbox 1200 1667 1264 1724; x_wconf 85' lang='lat' dir='ltr'><strong>fieri</strong></span> <span class='ocrx_word' id='word_1_192' title='bbox 1285 1671 1364 1743; x_wconf 91' lang='lat' dir='ltr'><strong>quod</strong></span> <span class='ocrx_word' id='word_1_193' title='bbox 1388 1675 1558 1744; x_wconf 87' lang='lat' dir='ltr'><strong>poposcerat</strong></span> <span class='ocrx_word' id='word_1_194' title='bbox 1579 1672 1687 1731; x_wconf 82' lang='lat' dir='ltr'><strong>iratres</strong></span> <span class='ocrx_word' id='word_1_195' title='bbox 1701 1674 1834 1746; x_wconf 83' lang='lat' dir='ltr'><strong>ejusdem</strong></span> 
     </span>
     <span class='ocr_line' id='line_1_17' title="bbox 123 1754 1833 1832; baseline -0.006 -2"><span class='ocrx_word' id='word_1_196' title='bbox 123 1772 213 1831; x_wconf 85' lang='lat' dir='ltr'><strong>etiam</strong></span> <span class='ocrx_word' id='word_1_197' title='bbox 228 1770 263 1826; x_wconf 91' lang='lat' dir='ltr'><strong>de</strong></span> <span class='ocrx_word' id='word_1_198' title='bbox 278 1767 324 1825; x_wconf 91' lang='lat' dir='ltr'><strong>die</strong></span> <span class='ocrx_word' id='word_1_199' title='bbox 339 1763 573 1823; x_wconf 90' lang='lat' dir='ltr'><strong>annuntiationis</strong></span> <span class='ocrx_word' id='word_1_200' title='bbox 588 1758 813 1832; x_wconf 83' lang='lat' dir='ltr'><strong>Dominiooe,qui</strong></span> <span class='ocrx_word' id='word_1_201' title='bbox 826 1754 956 1815; x_wconf 87' lang='lat' dir='ltr'><strong>celebra·</strong></span> <span class='ocrx_word' id='word_1_202' title='bbox 1009 1755 1189 1812; x_wconf 89' lang='lat' dir='ltr'><strong>monasterii.</strong></span> <span class='ocrx_word' id='word_1_203' title='bbox 1206 1756 1237 1813; x_wconf 94' lang='lat' dir='ltr'><strong>ln</strong></span> <span class='ocrx_word' id='word_1_204' title='bbox 1252 1757 1307 1814; x_wconf 90' lang='lat' dir='ltr'><strong>hoc</strong></span> <span class='ocrx_word' id='word_1_205' title='bbox 1320 1763 1419 1816; x_wconf 89' lang='lat' dir='ltr'><strong>tamen</strong></span> <span class='ocrx_word' id='word_1_206' title='bbox 1434 1759 1517 1817; x_wconf 91' lang='lat' dir='ltr'><strong>illum</strong></span> <span class='ocrx_word' id='word_1_207' title='bbox 1532 1766 1683 1819; x_wconf 86' lang='lat' dir='ltr'><strong>servantes</strong></span> <span class='ocrx_word' id='word_1_208' title='bbox 1697 1763 1724 1818; x_wconf 87' lang='lat' dir='ltr'><strong>ei</strong></span> <span class='ocrx_word' id='word_1_209' title='bbox 1746 1762 1833 1821; x_wconf 83' lang='lat' dir='ltr'><strong>fldem</strong></span> 
     </span>
     <span class='ocr_line' id='line_1_18' title="bbox 123 1813 1833 1925; baseline -0.005 -7"><span class='ocrx_word' id='word_1_210' title='bbox 123 1866 172 1919; x_wconf 88' lang='lat' dir='ltr'><strong>tur</strong></span> <span class='ocrx_word' id='word_1_211' title='bbox 186 1863 286 1916; x_wconf 88' lang='lat' dir='ltr'><strong>octavo</strong></span> <span class='ocrx_word' id='word_1_212' title='bbox 301 1855 496 1913; x_wconf 84' lang='lat' dir='ltr'><strong>Kalendarum</strong></span> <span class='ocrx_word' id='word_1_213' title='bbox 511 1851 666 1925; x_wconf 82' lang='lat' dir='ltr'><strong>Aprilium,</strong></span> <span class='ocrx_word' id='word_1_214' title='bbox 683 1851 708 1906; x_wconf 89' lang='lat' dir='ltr'><strong>si</strong></span> <span class='ocrx_word' id='word_1_215' title='bbox 733 1849 805 1905; x_wconf 84' lang='lat' dir='ltr'><strong>torte</strong></span> <span class='ocrx_word' id='word_1_216' title='bbox 820 1845 951 1920; x_wconf 91' lang='lat' dir='ltr'><strong>quolibet</strong></span> <span class='ocrx_word' id='word_1_217' title='bbox 966 1813 991 1881; x_wconf 77' lang='lat' dir='ltr'>B</span> <span class='ocrx_word' id='word_1_218' title='bbox 1005 1841 1158 1914; x_wconf 88' lang='lat' dir='ltr'><strong>dederunt,</strong></span> <span class='ocrx_word' id='word_1_219' title='bbox 1176 1851 1208 1901; x_wconf 89' lang='lat' dir='ltr'><strong>ut</strong></span> <span class='ocrx_word' id='word_1_220' title='bbox 1223 1847 1248 1902; x_wconf 92' lang='lat' dir='ltr'><strong>si</strong></span> <span class='ocrx_word' id='word_1_221' title='bbox 1262 1847 1308 1904; x_wconf 91' lang='lat' dir='ltr'><strong>vis</strong></span> <span class='ocrx_word' id='word_1_222' title='bbox 1323 1865 1381 1905; x_wconf 93' lang='lat' dir='ltr'><strong>non</strong></span> <span class='ocrx_word' id='word_1_223' title='bbox 1395 1848 1535 1919; x_wconf 85' lang='lat' dir='ltr'><strong>obstaret,</strong></span> <span class='ocrx_word' id='word_1_224' title='bbox 1549 1855 1708 1924; x_wconf 87' lang='lat' dir='ltr'><strong>parentum</strong></span> <span class='ocrx_word' id='word_1_225' title='bbox 1723 1850 1833 1909; x_wconf 84' lang='lat' dir='ltr'><strong>scilicet</strong></span> 
     </span>
     <span class='ocr_line' id='line_1_19' title="bbox 123 1930 1833 2020; baseline -0.003 -16"><span class='ocrx_word' id='word_1_226' title='bbox 123 1951 181 2009; x_wconf 83' lang='lat' dir='ltr'><strong>atio</strong></span> <span class='ocrx_word' id='word_1_227' title='bbox 208 1952 339 2020; x_wconf 87' lang='lat' dir='ltr'><strong>tempore</strong></span> <span class='ocrx_word' id='word_1_228' title='bbox 361 1947 465 2018; x_wconf 77' lang='lat' dir='ltr'><strong>preter</strong></span> <span class='ocrx_word' id='word_1_229' title='bbox 487 1940 746 2013; x_wconf 85' lang='lat' dir='ltr'><strong>Ouedragesimam</strong></span> <span class='ocrx_word' id='word_1_230' title='bbox 765 1935 855 1993; x_wconf 85' lang='lat' dir='ltr'><strong>excoli</strong></span> <span class='ocrx_word' id='word_1_231' title='bbox 880 1950 948 1990; x_wconf 90' lang='lat' dir='ltr'><strong>con·</strong></span> <span class='ocrx_word' id='word_1_232' title='bbox 1004 1930 1108 2003; x_wconf 84' lang='lat' dir='ltr'><strong>ipsius,</strong></span> <span class='ocrx_word' id='word_1_233' title='bbox 1125 1933 1320 1993; x_wconf 84' lang='lat' dir='ltr'><strong>libentissime</strong></span> <span class='ocrx_word' id='word_1_234' title='bbox 1341 1938 1420 2010; x_wconf 92' lang='lat' dir='ltr'><strong>quod</strong></span> <span class='ocrx_word' id='word_1_235' title='bbox 1445 1939 1563 2011; x_wconf 87' lang='lat' dir='ltr'><strong>petebat</strong></span> <span class='ocrx_word' id='word_1_236' title='bbox 1583 1939 1746 2013; x_wconf 82' lang='lat' dir='ltr'><strong>explerent.</strong></span> <span class='ocrx_word' id='word_1_237' title='bbox 1761 1942 1833 1998; x_wconf 79' lang='lat' dir='ltr'><strong>&#39;l&#39;cn-</strong></span> 
     </span>
     <span class='ocr_line' id='line_1_20' title="bbox 123 2021 1833 2115; baseline -0.005 -18"><span class='ocrx_word' id='word_1_238' title='bbox 123 2039 277 2115; x_wconf 86' lang='lat' dir='ltr'><strong>grueutius</strong></span> <span class='ocrx_word' id='word_1_239' title='bbox 304 2033 457 2109; x_wconf 86' lang='lat' dir='ltr'><strong>potuisset,</strong></span> <span class='ocrx_word' id='word_1_240' title='bbox 483 2031 519 2088; x_wconf 89' lang='lat' dir='ltr'><strong>ab</strong></span> <span class='ocrx_word' id='word_1_241' title='bbox 542 2030 653 2087; x_wconf 86' lang='lat' dir='ltr'><strong>eisdem</strong></span> <span class='ocrx_word' id='word_1_242' title='bbox 677 2026 866 2101; x_wconf 82' lang='lat' dir='ltr'><strong>pontificibus</strong></span> <span class='ocrx_word' id='word_1_243' title='bbox 890 2039 949 2080; x_wconf 91' lang='lat' dir='ltr'><strong>non</strong></span> <span class='ocrx_word' id='word_1_244' title='bbox 1004 2021 1070 2077; x_wconf 86' lang='lat' dir='ltr'><strong>dem</strong></span> <span class='ocrx_word' id='word_1_245' title='bbox 1086 2022 1158 2078; x_wconf 91' lang='lat' dir='ltr'><strong>inibi</strong></span> <span class='ocrx_word' id='word_1_246' title='bbox 1175 2041 1371 2095; x_wconf 87' lang='lat' dir='ltr'><strong>commorans,</strong></span> <span class='ocrx_word' id='word_1_247' title='bbox 1388 2026 1487 2099; x_wconf 88' lang='lat' dir='ltr'><strong>qualis</strong></span> <span class='ocrx_word' id='word_1_248' title='bbox 1509 2029 1702 2102; x_wconf 89' lang='lat' dir='ltr'><strong>postmodum</strong></span> <span class='ocrx_word' id='word_1_249' title='bbox 1717 2030 1833 2088; x_wconf 80' lang='lat' dir='ltr'><strong>tuturos</strong></span> 
     </span>
     <span class='ocr_line' id='line_1_21' title="bbox 124 2112 1833 2204; baseline -0.005 -19"><span class='ocrx_word' id='word_1_250' title='bbox 124 2146 213 2204; x_wconf 88' lang='lat' dir='ltr'><strong>parvo</strong></span> <span class='ocrx_word' id='word_1_251' title='bbox 227 2125 307 2183; x_wconf 80' lang='lat' dir='ltr'><strong>illata</strong></span> <span class='ocrx_word' id='word_1_252' title='bbox 321 2129 366 2180; x_wconf 91' lang='lat' dir='ltr'><strong>est</strong></span> <span class='ocrx_word' id='word_1_253' title='bbox 380 2120 511 2196; x_wconf 77' lang='lat' dir='ltr'><strong>questio.</strong></span> <span class='ocrx_word' id='word_1_254' title='bbox 530 2119 688 2176; x_wconf 82' lang='lat' dir='ltr'><strong>Ferebatur</strong></span> <span class='ocrx_word' id='word_1_255' title='bbox 702 2117 779 2173; x_wconf 91' lang='lat' dir='ltr'><strong>enim</strong></span> <span class='ocrx_word' id='word_1_256' title='bbox 796 2133 813 2171; x_wconf 89' lang='lat' dir='ltr'><strong>a</strong></span> <span class='ocrx_word' id='word_1_257' title='bbox 828 2112 949 2187; x_wconf 90' lang='lat' dir='ltr'><strong>quibus·</strong></span> <span class='ocrx_word' id='word_1_258' title='bbox 1004 2114 1081 2167; x_wconf 86' lang='lat' dir='ltr'><strong>esset</strong></span> <span class='ocrx_word' id='word_1_259' title='bbox 1095 2112 1169 2168; x_wconf 85' lang='lat' dir='ltr'><strong>dens</strong></span> <span class='ocrx_word' id='word_1_260' title='bbox 1184 2114 1350 2172; x_wconf 86' lang='lat' dir='ltr'><strong>sanctitatis</strong></span> <span class='ocrx_word' id='word_1_261' title='bbox 1360 2115 1504 2173; x_wconf 88' lang='lat' dir='ltr'><strong>indicium</strong></span> <span class='ocrx_word' id='word_1_262' title='bbox 1515 2117 1723 2192; x_wconf 86' lang='lat' dir='ltr'><strong>universisque</strong></span> <span class='ocrx_word' id='word_1_263' title='bbox 1739 2120 1833 2176; x_wconf 81' lang='lat' dir='ltr'><strong>ibide·</strong></span> 
     </span>
     <span class='ocr_line' id='line_1_22' title="bbox 124 2201 1833 2283; baseline -0.005 -7"><span class='ocrx_word' id='word_1_264' title='bbox 124 2219 193 2276; x_wconf 84' lang='lat' dir='ltr'><strong>dom</strong></span> <span class='ocrx_word' id='word_1_265' title='bbox 204 2216 337 2273; x_wconf 92' lang='lat' dir='ltr'><strong>eamdem</strong></span> <span class='ocrx_word' id='word_1_266' title='bbox 347 2212 480 2269; x_wconf 88' lang='lat' dir='ltr'><strong>videlicet</strong></span> <span class='ocrx_word' id='word_1_267' title='bbox 490 2208 743 2267; x_wconf 86' lang='lat' dir='ltr'><strong>annuntiationem</strong></span> <span class='ocrx_word' id='word_1_268' title='bbox 755 2203 950 2270; x_wconf 82' lang='lat' dir='ltr'><strong>Dominicnm,</strong></span> <span class='ocrx_word' id='word_1_269' title='bbox 1004 2201 1140 2273; x_wconf 89' lang='lat' dir='ltr'><strong>gentibus</strong></span> <span class='ocrx_word' id='word_1_270' title='bbox 1157 2202 1299 2260; x_wconf 88' lang='lat' dir='ltr'><strong>imitabile</strong></span> <span class='ocrx_word' id='word_1_271' title='bbox 1312 2205 1435 2278; x_wconf 79' lang='lat' dir='ltr'><strong>prebuit</strong></span> <span class='ocrx_word' id='word_1_272' title='bbox 1449 2205 1628 2279; x_wconf 84' lang='lat' dir='ltr'><strong>exemplum.</strong></span> <span class='ocrx_word' id='word_1_273' title='bbox 1645 2208 1833 2283; x_wconf 73' lang='lat' dir='ltr'><strong>comperiens</strong></span> 
     </span>
     <span class='ocr_line' id='line_1_23' title="bbox 124 2291 1834 2377; baseline -0.003 -13"><span class='ocrx_word' id='word_1_274' title='bbox 124 2322 206 2364; x_wconf 82' lang='lat' dir='ltr'><strong>more</strong></span> <span class='ocrx_word' id='word_1_275' title='bbox 220 2305 428 2377; x_wconf 89' lang='lat' dir='ltr'><strong>llispanorum,</strong></span> <span class='ocrx_word' id='word_1_276' title='bbox 445 2299 548 2371; x_wconf 89' lang='lat' dir='ltr'><strong>quinto</strong></span> <span class='ocrx_word' id='word_1_277' title='bbox 564 2297 676 2352; x_wconf 90' lang='lat' dir='ltr'><strong>decimo</strong></span> <span class='ocrx_word' id='word_1_278' title='bbox 692 2294 887 2352; x_wconf 81' lang='lat' dir='ltr'><strong>Kalendarum</strong></span> <span class='ocrx_word' id='word_1_279' title='bbox 901 2291 950 2346; x_wconf 85' lang='lat' dir='ltr'><strong>la·</strong></span> <span class='ocrx_word' id='word_1_280' title='bbox 1004 2306 1071 2346; x_wconf 89' lang='lat' dir='ltr'><strong>voro</strong></span> <span class='ocrx_word' id='word_1_281' title='bbox 1084 2295 1167 2363; x_wconf 87' lang='lat' dir='ltr'><strong>pater</strong></span> <span class='ocrx_word' id='word_1_282' title='bbox 1180 2294 1244 2365; x_wconf 88' lang='lat' dir='ltr'><strong>ejus</strong></span> <span class='ocrx_word' id='word_1_283' title='bbox 1259 2294 1336 2366; x_wconf 91' lang='lat' dir='ltr'><strong>quod</strong></span> <span class='ocrx_word' id='word_1_284' title='bbox 1352 2294 1470 2366; x_wconf 85' lang='lat' dir='ltr'><strong>lecerat,</strong></span> <span class='ocrx_word' id='word_1_285' title='bbox 1486 2295 1583 2353; x_wconf 87' lang='lat' dir='ltr'><strong>lurore</strong></span> <span class='ocrx_word' id='word_1_286' title='bbox 1606 2302 1744 2371; x_wconf 80' lang='lat' dir='ltr'><strong>arreptos</strong></span> <span class='ocrx_word' id='word_1_287' title='bbox 1758 2298 1834 2359; x_wconf 84' lang='lat' dir='ltr'><strong>venit</strong></span> 
     </span>
     <span class='ocr_line' id='line_1_24' title="bbox 125 2378 1829 2462; baseline -0.005 -9"><span class='ocrx_word' id='word_1_288' title='bbox 125 2395 297 2453; x_wconf 89' lang='lat' dir='ltr'><strong>nuariurum</strong></span> <span class='ocrx_word' id='word_1_289' title='bbox 312 2391 358 2448; x_wconf 88' lang='lat' dir='ltr'><strong>die</strong></span> <span class='ocrx_word' id='word_1_290' title='bbox 372 2385 666 2462; x_wconf 87' lang='lat' dir='ltr'><strong>irreprehensibiliter</strong></span> <span class='ocrx_word' id='word_1_291' title='bbox 690 2399 775 2456; x_wconf 92' lang='lat' dir='ltr'><strong>posse</strong></span> <span class='ocrx_word' id='word_1_292' title='bbox 799 2379 949 2438; x_wconf 78' lang='lat' dir='ltr'><strong>celebrari.</strong></span> <span class='ocrx_word' id='word_1_293' title='bbox 1005 2378 1041 2434; x_wconf 87' lang='lat' dir='ltr'><strong>nd</strong></span> <span class='ocrx_word' id='word_1_294' title='bbox 1058 2379 1229 2452; x_wconf 68' lang='lat' dir='ltr'><strong>preadictum</strong></span> <span class='ocrx_word' id='word_1_295' title='bbox 1245 2381 1468 2451; x_wconf 87' lang='lat' dir='ltr'><strong>monasterium,</strong></span> <span class='ocrx_word' id='word_1_296' title='bbox 1485 2383 1578 2441; x_wconf 84' lang='lat' dir='ltr'><strong>lilium</strong></span> <span class='ocrx_word' id='word_1_297' title='bbox 1599 2384 1706 2444; x_wconf 88' lang='lat' dir='ltr'><strong>exinde</strong></span> <span class='ocrx_word' id='word_1_298' title='bbox 1720 2386 1829 2445; x_wconf 78' lang='lat' dir='ltr'><strong>chatra·</strong></span> 
     </span>
     <span class='ocr_line' id='line_1_25' title="bbox 125 2467 1827 2554; baseline -0.005 -11"><span class='ocrx_word' id='word_1_299' title='bbox 125 2486 199 2543; x_wconf 88' lang='lat' dir='ltr'><strong>Nam</strong></span> <span class='ocrx_word' id='word_1_300' title='bbox 207 2498 275 2540; x_wconf 91' lang='lat' dir='ltr'><strong>cum</strong></span> <span class='ocrx_word' id='word_1_301' title='bbox 283 2496 336 2554; x_wconf 88' lang='lat' dir='ltr'><strong>ego</strong></span> <span class='ocrx_word' id='word_1_302' title='bbox 344 2475 570 2552; x_wconf 91' lang='lat' dir='ltr'><strong>postmodumin</strong></span> <span class='ocrx_word' id='word_1_303' title='bbox 580 2473 756 2532; x_wconf 88' lang='lat' dir='ltr'><strong>monasterio</strong></span> <span class='ocrx_word' id='word_1_304' title='bbox 767 2467 951 2526; x_wconf 86' lang='lat' dir='ltr'><strong>Clunineensi</strong></span> <span class='ocrx_word' id='word_1_305' title='bbox 1005 2470 1107 2525; x_wconf 90' lang='lat' dir='ltr'><strong>cturus</strong></span> <span class='ocrx_word' id='word_1_306' title='bbox 1122 2486 1221 2526; x_wconf 84' lang='lat' dir='ltr'><strong>revers</strong></span> <span class='ocrx_word' id='word_1_307' title='bbox 1236 2471 1398 2543; x_wconf 91' lang='lat' dir='ltr'><strong>potioribus</strong></span> <span class='ocrx_word' id='word_1_308' title='bbox 1413 2471 1503 2530; x_wconf 89' lang='lat' dir='ltr'><strong>lucris</strong></span> <span class='ocrx_word' id='word_1_309' title='bbox 1517 2473 1827 2535; x_wconf 76' lang='lat' dir='ltr'><strong>inservientcmSatis-</strong></span> 
     </span>
     <span class='ocr_line' id='line_1_26' title="bbox 126 2557 1822 2637; baseline -0.004 -6"><span class='ocrx_word' id='word_1_310' title='bbox 126 2590 194 2631; x_wconf 88' lang='lat' dir='ltr'><strong>cum</strong></span> <span class='ocrx_word' id='word_1_311' title='bbox 209 2570 320 2628; x_wconf 79' lang='lat' dir='ltr'><strong>ceteris</strong></span> <span class='ocrx_word' id='word_1_312' title='bbox 336 2565 475 2625; x_wconf 85' lang='lat' dir='ltr'><strong>lrotribus</strong></span> <span class='ocrx_word' id='word_1_313' title='bbox 498 2565 644 2637; x_wconf 83' lang='lat' dir='ltr'><strong>degerem,</strong></span> <span class='ocrx_word' id='word_1_314' title='bbox 671 2563 867 2618; x_wconf 87' lang='lat' dir='ltr'><strong>convenerunt</strong></span> <span class='ocrx_word' id='word_1_315' title='bbox 881 2557 951 2613; x_wconf 93' lang='lat' dir='ltr'><strong>illuc</strong></span> <span class='ocrx_word' id='word_1_316' title='bbox 1005 2574 1062 2630; x_wconf 94' lang='lat' dir='ltr'><strong>que</strong></span> <span class='ocrx_word' id='word_1_317' title='bbox 1077 2558 1173 2614; x_wconf 88' lang='lat' dir='ltr'><strong>verbis</strong></span> <span class='ocrx_word' id='word_1_318' title='bbox 1189 2560 1389 2633; x_wconf 87' lang='lat' dir='ltr'><strong>redargutum,</strong></span> <span class='ocrx_word' id='word_1_319' title='bbox 1405 2561 1464 2618; x_wconf 91' lang='lat' dir='ltr'><strong>vim</strong></span> <span class='ocrx_word' id='word_1_320' title='bbox 1478 2562 1503 2619; x_wconf 92' lang='lat' dir='ltr'><strong>ei</strong></span> <span class='ocrx_word' id='word_1_321' title='bbox 1514 2562 1638 2634; x_wconf 82' lang='lat' dir='ltr'><strong>iaciens,</strong></span> <span class='ocrx_word' id='word_1_322' title='bbox 1652 2565 1738 2622; x_wconf 80' lang='lat' dir='ltr'><strong>duxit</strong></span> <span class='ocrx_word' id='word_1_323' title='bbox 1751 2565 1822 2626; x_wconf 81' lang='lat' dir='ltr'><strong>illan</strong></span> 
     </span>
     <span class='ocr_line' id='line_1_27' title="bbox 128 2645 1818 2733; baseline -0.006 -13"><span class='ocrx_word' id='word_1_324' title='bbox 128 2665 164 2720; x_wconf 85' lang='lat' dir='ltr'><strong>ab</strong></span> <span class='ocrx_word' id='word_1_325' title='bbox 186 2658 334 2733; x_wconf 86' lang='lat' dir='ltr'><strong>Hispaniis</strong></span> <span class='ocrx_word' id='word_1_326' title='bbox 358 2654 550 2730; x_wconf 88' lang='lat' dir='ltr'><strong>quamplures</strong></span> <span class='ocrx_word' id='word_1_327' title='bbox 573 2652 700 2709; x_wconf 80' lang='lat' dir='ltr'><strong>honesto</strong></span> <span class='ocrx_word' id='word_1_328' title='bbox 724 2646 952 2706; x_wconf 84' lang='lat' dir='ltr'><strong>conversationis</strong></span> <span class='ocrx_word' id='word_1_329' title='bbox 1005 2645 1184 2704; x_wconf 86' lang='lat' dir='ltr'><strong>indesecum</strong></span> <span class='ocrx_word' id='word_1_330' title='bbox 1200 2665 1293 2722; x_wconf 92' lang='lat' dir='ltr'><strong>usque</strong></span> <span class='ocrx_word' id='word_1_331' title='bbox 1307 2650 1337 2706; x_wconf 93' lang='lat' dir='ltr'><strong>in</strong></span> <span class='ocrx_word' id='word_1_332' title='bbox 1350 2651 1818 2730; x_wconf 80' lang='lat' dir='ltr'><strong>regiscurian,ipsnmquercgcn</strong></span> 
     </span>
     <span class='ocr_line' id='line_1_28' title="bbox 124 2734 1816 2827; baseline -0.004 -18"><span class='ocrx_word' id='word_1_333' title='bbox 124 2751 303 2827; x_wconf 75' lang='lat' dir='ltr'><strong>jamdudum</strong></span> <span class='ocrx_word' id='word_1_334' title='bbox 312 2743 525 2802; x_wconf 88' lang='lat' dir='ltr'><strong>morevivcntes</strong></span> <span class='ocrx_word' id='word_1_335' title='bbox 533 2741 656 2815; x_wconf 78' lang='lat' dir='ltr'><strong>proprie</strong></span> <span class='ocrx_word' id='word_1_336' title='bbox 667 2739 794 2814; x_wconf 83' lang='lat' dir='ltr'><strong>regionis</strong></span> <span class='ocrx_word' id='word_1_337' title='bbox 805 2734 949 2792; x_wconf 87' lang='lat' dir='ltr'><strong>monachi.</strong></span> <span class='ocrx_word' id='word_1_338' title='bbox 1006 2735 1173 2806; x_wconf 89' lang='lat' dir='ltr'><strong>obsecrans,</strong></span> <span class='ocrx_word' id='word_1_339' title='bbox 1184 2741 1215 2794; x_wconf 93' lang='lat' dir='ltr'><strong>ut</strong></span> <span class='ocrx_word' id='word_1_340' title='bbox 1226 2740 1290 2812; x_wconf 89' lang='lat' dir='ltr'><strong>ejus</strong></span> <span class='ocrx_word' id='word_1_341' title='bbox 1305 2739 1438 2797; x_wconf 88' lang='lat' dir='ltr'><strong>animum</strong></span> <span class='ocrx_word' id='word_1_342' title='bbox 1451 2741 1487 2798; x_wconf 88' lang='lat' dir='ltr'><strong>ah</strong></span> <span class='ocrx_word' id='word_1_343' title='bbox 1502 2741 1557 2798; x_wconf 89' lang='lat' dir='ltr'><strong>hae</strong></span> <span class='ocrx_word' id='word_1_344' title='bbox 1571 2742 1816 2802; x_wconf 84' lang='lat' dir='ltr'><strong>intentionebono·</strong></span> 
     </span>
     <span class='ocr_line' id='line_1_29' title="bbox 128 2822 1867 2914; baseline -0.005 -16"><span class='ocrx_word' id='word_1_345' title='bbox 128 2840 423 2914; x_wconf 84' lang='lat' dir='ltr'><strong>Propinquantevoro</strong></span> <span class='ocrx_word' id='word_1_346' title='bbox 439 2833 485 2889; x_wconf 92' lang='lat' dir='ltr'><strong>die</strong></span> <span class='ocrx_word' id='word_1_347' title='bbox 501 2827 846 2895; x_wconf 83' lang='lat' dir='ltr'><strong>activitatisDuminiore,</strong></span> <span class='ocrx_word' id='word_1_348' title='bbox 861 2823 952 2898; x_wconf 87' lang='lat' dir='ltr'><strong>petie·</strong></span> <span class='ocrx_word' id='word_1_349' title='bbox 1007 2843 1074 2883; x_wconf 87' lang='lat' dir='ltr'><strong>rum</strong></span> <span class='ocrx_word' id='word_1_350' title='bbox 1089 2828 1297 2900; x_wconf 88' lang='lat' dir='ltr'><strong>sponsionibus</strong></span> <span class='ocrx_word' id='word_1_351' title='bbox 1313 2835 1468 2887; x_wconf 87' lang='lat' dir='ltr'><strong>revocaret.</strong></span> <span class='ocrx_word' id='word_1_352' title='bbox 1481 2833 1572 2897; x_wconf 85' lang='lat' dir='ltr'><strong>Quem</strong></span> <span class='ocrx_word' id='word_1_353' title='bbox 1587 2848 1713 2892; x_wconf 85' lang='lat' dir='ltr'><strong>cernens</strong></span> <span class='ocrx_word' id='word_1_354' title='bbox 1726 2833 1814 2899; x_wconf 65' lang='lat' dir='ltr'><strong>renvi-</strong></span> <span class='ocrx_word' id='word_1_355' title='bbox 1864 2822 1867 2857; x_wconf 78' lang='lat'>²</span> 
     </span>
     <span class='ocr_line' id='line_1_30' title="bbox 129 2913 1810 3002; baseline -0.005 -16"><span class='ocrx_word' id='word_1_356' title='bbox 129 2934 198 2987; x_wconf 88' lang='lat' dir='ltr'><strong>runt</strong></span> <span class='ocrx_word' id='word_1_357' title='bbox 213 2925 342 3002; x_wconf 78' lang='lat' dir='ltr'><strong>predicti</strong></span> <span class='ocrx_word' id='word_1_358' title='bbox 356 2921 492 2980; x_wconf 91' lang='lat' dir='ltr'><strong>monachi</strong></span> <span class='ocrx_word' id='word_1_359' title='bbox 506 2918 700 2976; x_wconf 88' lang='lat' dir='ltr'><strong>venerabilem</strong></span> <span class='ocrx_word' id='word_1_360' title='bbox 716 2915 867 2974; x_wconf 86' lang='lat' dir='ltr'><strong>Odilouem</strong></span> <span class='ocrx_word' id='word_1_361' title='bbox 878 2913 955 2984; x_wconf 80' lang='lat' dir='ltr'><strong>ejus·</strong></span> <span class='ocrx_word' id='word_1_362' title='bbox 1007 2913 1111 2972; x_wconf 89' lang='lat' dir='ltr'><strong>delicet</strong></span> <span class='ocrx_word' id='word_1_363' title='bbox 1126 2917 1278 2987; x_wconf 80' lang='lat' dir='ltr'><strong>liebertus,</strong></span> <span class='ocrx_word' id='word_1_364' title='bbox 1290 2922 1321 2974; x_wconf 90' lang='lat' dir='ltr'><strong>ut</strong></span> <span class='ocrx_word' id='word_1_365' title='bbox 1336 2923 1398 2975; x_wconf 89' lang='lat' dir='ltr'><strong>erat</strong></span> <span class='ocrx_word' id='word_1_366' title='bbox 1412 2920 1479 2992; x_wconf 87' lang='lat' dir='ltr'><strong>pius</strong></span> <span class='ocrx_word' id='word_1_367' title='bbox 1494 2936 1527 2975; x_wconf 92' lang='lat' dir='ltr'><strong>oc</strong></span> <span class='ocrx_word' id='word_1_368' title='bbox 1540 2920 1810 2995; x_wconf 80' lang='lat' dir='ltr'><strong>religiosus,duloivc</strong></span> 
     </span>
     <span class='ocr_line' id='line_1_31' title="bbox 128 3001 1809 3085; baseline -0.005 -9"><span class='ocrx_word' id='word_1_369' title='bbox 128 3020 194 3076; x_wconf 91' lang='lat' dir='ltr'><strong>dem</strong></span> <span class='ocrx_word' id='word_1_370' title='bbox 210 3016 265 3073; x_wconf 92' lang='lat' dir='ltr'><strong>loci</strong></span> <span class='ocrx_word' id='word_1_371' title='bbox 280 3014 429 3078; x_wconf 86' lang='lat' dir='ltr'><strong>abbatem,</strong></span> <span class='ocrx_word' id='word_1_372' title='bbox 440 3015 472 3067; x_wconf 91' lang='lat' dir='ltr'><strong>ut</strong></span> <span class='ocrx_word' id='word_1_373' title='bbox 488 3026 568 3066; x_wconf 92' lang='lat' dir='ltr'><strong>more</strong></span> <span class='ocrx_word' id='word_1_374' title='bbox 583 3024 705 3064; x_wconf 92' lang='lat' dir='ltr'><strong>suorum</strong></span> <span class='ocrx_word' id='word_1_375' title='bbox 719 3003 870 3062; x_wconf 89' lang='lat' dir='ltr'><strong>licereteis</strong></span> <span class='ocrx_word' id='word_1_376' title='bbox 882 3001 954 3058; x_wconf 90' lang='lat' dir='ltr'><strong>cele·</strong></span> <span class='ocrx_word' id='word_1_377' title='bbox 1007 3003 1091 3060; x_wconf 91' lang='lat' dir='ltr'><strong>illum</strong></span> <span class='ocrx_word' id='word_1_378' title='bbox 1106 3005 1273 3075; x_wconf 81' lang='lat' dir='ltr'><strong>exhortans,</strong></span> <span class='ocrx_word' id='word_1_379' title='bbox 1284 3007 1410 3081; x_wconf 90' lang='lat' dir='ltr'><strong>qualiter</strong></span> <span class='ocrx_word' id='word_1_380' title='bbox 1421 3009 1531 3066; x_wconf 90' lang='lat' dir='ltr'><strong>bonum</strong></span> <span class='ocrx_word' id='word_1_381' title='bbox 1541 3011 1726 3085; x_wconf 89' lang='lat' dir='ltr'><strong>propositum</strong></span> <span class='ocrx_word' id='word_1_382' title='bbox 1736 3014 1809 3068; x_wconf 81' lang='lat' dir='ltr'><strong>mento</strong></span> 
     </span>
     <span class='ocr_line' id='line_1_32' title="bbox 127 3093 1807 3175; baseline -0.004 -9"><span class='ocrx_word' id='word_1_383' title='bbox 127 3110 212 3166; x_wconf 87' lang='lat' dir='ltr'><strong>hrare</strong></span> <span class='ocrx_word' id='word_1_384' title='bbox 225 3103 498 3162; x_wconf 68' lang='lat' dir='ltr'><strong>ennuntiationem.</strong></span> <span class='ocrx_word' id='word_1_385' title='bbox 514 3097 595 3164; x_wconf 85' lang='lat' dir='ltr'><strong>Quod</strong></span> <span class='ocrx_word' id='word_1_386' title='bbox 609 3114 676 3153; x_wconf 92' lang='lat' dir='ltr'><strong>eum</strong></span> <span class='ocrx_word' id='word_1_387' title='bbox 694 3095 840 3160; x_wconf 83' lang='lat' dir='ltr'><strong>iecissent,</strong></span> <span class='ocrx_word' id='word_1_388' title='bbox 858 3107 953 3162; x_wconf 79' lang='lat' dir='ltr'><strong>scgre-</strong></span> <span class='ocrx_word' id='word_1_389' title='bbox 1008 3093 1121 3167; x_wconf 89' lang='lat' dir='ltr'><strong>integra</strong></span> <span class='ocrx_word' id='word_1_390' title='bbox 1132 3112 1301 3152; x_wconf 82' lang='lat' dir='ltr'><strong>conservare</strong></span> <span class='ocrx_word' id='word_1_391' title='bbox 1314 3102 1468 3171; x_wconf 84' lang='lat' dir='ltr'><strong>satageret,</strong></span> <span class='ocrx_word' id='word_1_392' title='bbox 1479 3098 1608 3173; x_wconf 89' lang='lat' dir='ltr'><strong>atquein</strong></span> <span class='ocrx_word' id='word_1_393' title='bbox 1620 3099 1807 3175; x_wconf 80' lang='lat' dir='ltr'><strong>prasensbevll</strong></span> 
     </span>
     <span class='ocr_line' id='line_1_33' title="bbox 127 3181 1857 3273; baseline -0.005 -19"><span class='ocrx_word' id='word_1_394' title='bbox 127 3198 187 3273; x_wconf 90' lang='lat' dir='ltr'><strong>gati</strong></span> <span class='ocrx_word' id='word_1_395' title='bbox 203 3214 220 3252; x_wconf 92' lang='lat' dir='ltr'><strong>a</strong></span> <span class='ocrx_word' id='word_1_396' title='bbox 234 3195 357 3262; x_wconf 81' lang='lat' dir='ltr'><strong>ceteris,</strong></span> <span class='ocrx_word' id='word_1_397' title='bbox 371 3190 467 3248; x_wconf 90' lang='lat' dir='ltr'><strong>visum</strong></span> <span class='ocrx_word' id='word_1_398' title='bbox 480 3193 525 3245; x_wconf 87' lang='lat' dir='ltr'><strong>est</strong></span> <span class='ocrx_word' id='word_1_399' title='bbox 549 3192 633 3243; x_wconf 90' lang='lat' dir='ltr'><strong>nocte</strong></span> <span class='ocrx_word' id='word_1_400' title='bbox 647 3187 749 3242; x_wconf 89' lang='lat' dir='ltr'><strong>eadem</strong></span> <span class='ocrx_word' id='word_1_401' title='bbox 765 3182 881 3239; x_wconf 86' lang='lat' dir='ltr'><strong>duobus</strong></span> <span class='ocrx_word' id='word_1_402' title='bbox 907 3197 951 3236; x_wconf 87' lang='lat' dir='ltr'><strong>sc·</strong></span> <span class='ocrx_word' id='word_1_403' title='bbox 967 3181 990 3251; x_wconf 81' lang='lat' dir='ltr'><strong>c</strong></span> <span class='ocrx_word' id='word_1_404' title='bbox 1008 3183 1124 3239; x_wconf 89' lang='lat' dir='ltr'><strong>Martini</strong></span> <span class='ocrx_word' id='word_1_405' title='bbox 1135 3184 1264 3241; x_wconf 80' lang='lat' dir='ltr'><strong>ecclesie</strong></span> <span class='ocrx_word' id='word_1_406' title='bbox 1275 3186 1471 3244; x_wconf 89' lang='lat' dir='ltr'><strong>archiclavum</strong></span> <span class='ocrx_word' id='word_1_407' title='bbox 1482 3204 1547 3245; x_wconf 89' lang='lat' dir='ltr'><strong>esse</strong></span> <span class='ocrx_word' id='word_1_408' title='bbox 1562 3191 1807 3266; x_wconf 73' lang='lat' dir='ltr'><strong>precepitenplevt</strong></span> <span class='ocrx_word' id='word_1_409' title='bbox 1854 3222 1857 3227; x_wconf 94' lang='lat'>·</span> 
     </span>
     <span class='ocr_line' id='line_1_34' title="bbox 128 3269 1807 3353; baseline -0.004 -11"><span class='ocrx_word' id='word_1_410' title='bbox 128 3285 260 3343; x_wconf 88' lang='lat' dir='ltr'><strong>nioribus</strong></span> <span class='ocrx_word' id='word_1_411' title='bbox 275 3281 340 3348; x_wconf 90' lang='lat' dir='ltr'><strong>loci,</strong></span> <span class='ocrx_word' id='word_1_412' title='bbox 351 3277 562 3353; x_wconf 90' lang='lat' dir='ltr'><strong>quodunusdc</strong></span> <span class='ocrx_word' id='word_1_413' title='bbox 573 3274 709 3348; x_wconf 85' lang='lat' dir='ltr'><strong>Hispanis</strong></span> <span class='ocrx_word' id='word_1_414' title='bbox 721 3269 953 3329; x_wconf 87' lang='lat' dir='ltr'><strong>luscinnsooaria</strong></span> <span class='ocrx_word' id='word_1_415' title='bbox 1007 3271 1090 3329; x_wconf 93' lang='lat' dir='ltr'><strong>illum</strong></span> <span class='ocrx_word' id='word_1_416' title='bbox 1107 3275 1295 3346; x_wconf 89' lang='lat' dir='ltr'><strong>postmodum</strong></span> <span class='ocrx_word' id='word_1_417' title='bbox 1322 3277 1434 3333; x_wconf 77' lang='lat' dir='ltr'><strong>ceteris</strong></span> <span class='ocrx_word' id='word_1_418' title='bbox 1458 3277 1634 3336; x_wconf 90' lang='lat' dir='ltr'><strong>imitabilem</strong></span> <span class='ocrx_word' id='word_1_419' title='bbox 1659 3281 1807 3338; x_wconf 77' lang='lat' dir='ltr'><strong>constituere</strong></span> 
     </span>
     <span class='ocr_line' id='line_1_35' title="bbox 127 3358 1807 3447; baseline -0.004 -16"><span class='ocrx_word' id='word_1_420' title='bbox 127 3374 268 3447; x_wconf 82' lang='lat' dir='ltr'><strong>arriperet</strong></span> <span class='ocrx_word' id='word_1_421' title='bbox 279 3372 407 3442; x_wconf 90' lang='lat' dir='ltr'><strong>desuper</strong></span> <span class='ocrx_word' id='word_1_422' title='bbox 421 3367 510 3423; x_wconf 89' lang='lat' dir='ltr'><strong>altare</strong></span> <span class='ocrx_word' id='word_1_423' title='bbox 525 3382 659 3438; x_wconf 89' lang='lat' dir='ltr'><strong>puerum,</strong></span> <span class='ocrx_word' id='word_1_424' title='bbox 672 3364 858 3435; x_wconf 89' lang='lat' dir='ltr'><strong>mitteretque</strong></span> <span class='ocrx_word' id='word_1_425' title='bbox 868 3358 952 3414; x_wconf 92' lang='lat' dir='ltr'><strong>illum</strong></span> <span class='ocrx_word' id='word_1_426' title='bbox 1007 3361 1185 3436; x_wconf 90' lang='lat' dir='ltr'><strong>pontilicem.</strong></span> <span class='ocrx_word' id='word_1_427' title='bbox 1203 3365 1234 3420; x_wconf 92' lang='lat' dir='ltr'><strong>ld</strong></span> <span class='ocrx_word' id='word_1_428' title='bbox 1250 3364 1375 3438; x_wconf 90' lang='lat' dir='ltr'><strong>denique</strong></span> <span class='ocrx_word' id='word_1_429' title='bbox 1401 3366 1551 3424; x_wconf 89' lang='lat' dir='ltr'><strong>multoties</strong></span> <span class='ocrx_word' id='word_1_430' title='bbox 1566 3373 1758 3443; x_wconf 80' lang='lat' dir='ltr'><strong>pertentatum</strong></span> <span class='ocrx_word' id='word_1_431' title='bbox 1768 3370 1807 3433; x_wconf 81' lang='lat' dir='ltr'><strong>etl,</strong></span> 
     </span>
     <span class='ocr_line' id='line_1_36' title="bbox 128 3448 1807 3534; baseline -0.002 -16"><span class='ocrx_word' id='word_1_432' title='bbox 128 3464 158 3519; x_wconf 92' lang='lat' dir='ltr'><strong>in</strong></span> <span class='ocrx_word' id='word_1_433' title='bbox 174 3459 354 3532; x_wconf 88' lang='lat' dir='ltr'><strong>sartaginem</strong></span> <span class='ocrx_word' id='word_1_434' title='bbox 365 3456 469 3529; x_wconf 90' lang='lat' dir='ltr'><strong>prunis</strong></span> <span class='ocrx_word' id='word_1_435' title='bbox 481 3453 607 3527; x_wconf 89' lang='lat' dir='ltr'><strong>plennm,</strong></span> <span class='ocrx_word' id='word_1_436' title='bbox 617 3451 842 3508; x_wconf 86' lang='lat' dir='ltr'><strong>itaclnmnntem</strong></span> <span class='ocrx_word' id='word_1_437' title='bbox 856 3466 862 3505; x_wconf 78' lang='grc' dir='ltr'><em>τ</em></span> <span class='ocrx_word' id='word_1_438' title='bbox 877 3470 891 3498; x_wconf 91' lang='lat'>«</span> <span class='ocrx_word' id='word_1_439' title='bbox 902 3448 952 3503; x_wconf 84' lang='lat' dir='ltr'><strong>Pa·</strong></span> <span class='ocrx_word' id='word_1_440' title='bbox 1007 3453 1069 3521; x_wconf 87' lang='lat' dir='ltr'><strong>sod,</strong></span> <span class='ocrx_word' id='word_1_441' title='bbox 1085 3453 1148 3526; x_wconf 88' lang='lat' dir='ltr'><strong>ipso</strong></span> <span class='ocrx_word' id='word_1_442' title='bbox 1164 3455 1423 3522; x_wconf 88' lang='lat' dir='ltr'><strong>renuentc,ellectu</strong></span> <span class='ocrx_word' id='word_1_443' title='bbox 1439 3457 1541 3514; x_wconf 79' lang='lat' dir='ltr'><strong>caruit.</strong></span> <span class='ocrx_word' id='word_1_444' title='bbox 1554 3458 1700 3533; x_wconf 78' lang='lat' dir='ltr'><strong>Suscepto</strong></span> <span class='ocrx_word' id='word_1_445' title='bbox 1713 3458 1807 3534; x_wconf 77' lang='lat' dir='ltr'><strong>quipp,</strong></span> 
     </span>
     <span class='ocr_line' id='line_1_37' title="bbox 128 3537 1809 3622; baseline -0.005 -14"><span class='ocrx_word' id='word_1_446' title='bbox 128 3555 182 3619; x_wconf 89' lang='lat' dir='ltr'><strong>ter,</strong></span> <span class='ocrx_word' id='word_1_447' title='bbox 194 3553 285 3622; x_wconf 85' lang='lat' dir='ltr'><strong>pater,</strong></span> <span class='ocrx_word' id='word_1_448' title='bbox 298 3546 374 3620; x_wconf 93' lang='lat' dir='ltr'><strong>quod</strong></span> <span class='ocrx_word' id='word_1_449' title='bbox 387 3551 417 3601; x_wconf 88' lang='lat' dir='ltr'><strong>tu</strong></span> <span class='ocrx_word' id='word_1_450' title='bbox 433 3542 539 3600; x_wconf 88' lang='lat' dir='ltr'><strong>dedisti</strong></span> <span class='ocrx_word' id='word_1_451' title='bbox 555 3541 602 3599; x_wconf 93' lang='lat' dir='ltr'><strong>isti</strong></span> <span class='ocrx_word' id='word_1_452' title='bbox 615 3542 760 3598; x_wconf 85' lang='lat' dir='ltr'><strong>auleruut.</strong></span> <span class='ocrx_word' id='word_1_453' title='bbox 774 3563 788 3590; x_wconf 78' lang='lat' dir='ltr'><strong>n</strong></span> <span class='ocrx_word' id='word_1_454' title='bbox 800 3539 873 3606; x_wconf 84' lang='lat' dir='ltr'><strong>Quid</strong></span> <span class='ocrx_word' id='word_1_455' title='bbox 891 3537 953 3610; x_wconf 93' lang='lat' dir='ltr'><strong>plu·</strong></span> <span class='ocrx_word' id='word_1_456' title='bbox 1006 3559 1039 3598; x_wconf 91' lang='lat' dir='ltr'><strong>oc</strong></span> <span class='ocrx_word' id='word_1_457' title='bbox 1051 3541 1075 3599; x_wconf 93' lang='lat' dir='ltr'><strong>si</strong></span> <span class='ocrx_word' id='word_1_458' title='bbox 1086 3542 1349 3611; x_wconf 86' lang='lat' dir='ltr'><strong>coactus,eoclesia</strong></span> <span class='ocrx_word' id='word_1_459' title='bbox 1358 3561 1439 3612; x_wconf 88' lang='lat' dir='ltr'><strong>curn,</strong></span> <span class='ocrx_word' id='word_1_460' title='bbox 1450 3550 1586 3619; x_wconf 86' lang='lat' dir='ltr'><strong>vesteque</strong></span> <span class='ocrx_word' id='word_1_461' title='bbox 1597 3547 1666 3604; x_wconf 86' lang='lat' dir='ltr'><strong>alba</strong></span> <span class='ocrx_word' id='word_1_462' title='bbox 1675 3543 1809 3616; x_wconf 74' lang='lat' dir='ltr'><strong>tectuqia·</strong></span> 
     </span>
     <span class='ocr_line' id='line_1_38' title="bbox 129 3629 1808 3711; baseline -0.001 -15"><span class='ocrx_word' id='word_1_463' title='bbox 129 3639 182 3697; x_wconf 83' lang='lat' dir='ltr'><strong>rat</strong></span> <span class='ocrx_word' id='word_1_464' title='bbox 194 3638 271 3711; x_wconf 83' lang='lat' dir='ltr'><strong>opud</strong></span> <span class='ocrx_word' id='word_1_465' title='bbox 282 3653 336 3693; x_wconf 91' lang='lat' dir='ltr'><strong>nos</strong></span> <span class='ocrx_word' id='word_1_466' title='bbox 347 3632 668 3706; x_wconf 86' lang='lat' dir='ltr'><strong>antiquoeonsuetudo,</strong></span> <span class='ocrx_word' id='word_1_467' title='bbox 683 3630 723 3684; x_wconf 90' lang='lat' dir='ltr'><strong>uti</strong></span> <span class='ocrx_word' id='word_1_468' title='bbox 738 3629 869 3693; x_wconf 79' lang='lat' dir='ltr'><strong>deceant,</strong></span> <span class='ocrx_word' id='word_1_469' title='bbox 880 3645 951 3699; x_wconf 68' lang='lat' dir='ltr'><strong>prco—</strong></span> <span class='ocrx_word' id='word_1_470' title='bbox 1006 3632 1122 3688; x_wconf 90' lang='lat' dir='ltr'><strong>lerdum</strong></span> <span class='ocrx_word' id='word_1_471' title='bbox 1140 3649 1219 3688; x_wconf 93' lang='lat' dir='ltr'><strong>more</strong></span> <span class='ocrx_word' id='word_1_472' title='bbox 1234 3633 1373 3691; x_wconf 90' lang='lat' dir='ltr'><strong>canonico</strong></span> <span class='ocrx_word' id='word_1_473' title='bbox 1388 3638 1517 3692; x_wconf 90' lang='lat' dir='ltr'><strong>mentem</strong></span> <span class='ocrx_word' id='word_1_474' title='bbox 1527 3639 1627 3692; x_wconf 86' lang='lat' dir='ltr'><strong>tamen</strong></span> <span class='ocrx_word' id='word_1_475' title='bbox 1639 3639 1669 3693; x_wconf 92' lang='lat' dir='ltr'><strong>et</strong></span> <span class='ocrx_word' id='word_1_476' title='bbox 1677 3632 1808 3709; x_wconf 70' lang='lat' dir='ltr'><strong>evineta</strong></span> 
     </span>
     <span class='ocr_line' id='line_1_39' title="bbox 129 3720 1807 3800; baseline -0.005 -15"><span class='ocrx_word' id='word_1_477' title='bbox 129 3727 230 3786; x_wconf 88' lang='lat' dir='ltr'><strong>valuit.</strong></span> <span class='ocrx_word' id='word_1_478' title='bbox 1007 3720 1082 3778; x_wconf 89' lang='lat' dir='ltr'><strong>niter</strong></span> <span class='ocrx_word' id='word_1_479' title='bbox 1096 3721 1227 3795; x_wconf 90' lang='lat' dir='ltr'><strong>possedit</strong></span> <span class='ocrx_word' id='word_1_480' title='bbox 1237 3722 1448 3780; x_wconf 85' lang='lat' dir='ltr'><strong>monachicam.</strong></span> <span class='ocrx_word' id='word_1_481' title='bbox 1460 3724 1534 3781; x_wconf 89' lang='lat' dir='ltr'><strong>Nam</strong></span> <span class='ocrx_word' id='word_1_482' title='bbox 1545 3741 1665 3800; x_wconf 86' lang='lat' dir='ltr'><strong>semper</strong></span> <span class='ocrx_word' id='word_1_483' title='bbox 1673 3725 1710 3782; x_wconf 86' lang='lat' dir='ltr'><strong>ad</strong></span> <span class='ocrx_word' id='word_1_484' title='bbox 1720 3722 1807 3782; x_wconf 77' lang='lat' dir='ltr'><strong>andan</strong></span> 
     </span>
     <span class='ocr_line' id='line_1_40' title="bbox 448 3809 1806 3889; baseline 0.006 -21"><span class='ocrx_word' id='word_1_485' title='bbox 448 3810 564 3869; x_wconf 74' lang='lat' dir='ltr'>CAPUT</span> <span class='ocrx_word' id='word_1_486' title='bbox 584 3809 629 3865; x_wconf 94' lang='lat' dir='ltr'><strong>lV.</strong></span> <span class='ocrx_word' id='word_1_487' title='bbox 1006 3815 1100 3868; x_wconf 88' lang='lat' dir='ltr'><strong>tectus</strong></span> <span class='ocrx_word' id='word_1_488' title='bbox 1116 3809 1209 3867; x_wconf 92' lang='lat' dir='ltr'><strong>cilicio</strong></span> <span class='ocrx_word' id='word_1_489' title='bbox 1220 3811 1422 3886; x_wconf 74' lang='lat' dir='ltr'><strong>irrefragabili,</strong></span> <span class='ocrx_word' id='word_1_490' title='bbox 1430 3829 1582 3870; x_wconf 87' lang='lat' dir='ltr'><strong>macerans</strong></span> <span class='ocrx_word' id='word_1_491' title='bbox 1593 3809 1806 3889; x_wconf 64' lang='lat' dir='ltr'><strong>comissatore.</strong></span> 
     </span>
     <span class='ocr_line' id='line_1_41' title="bbox 234 3897 1808 3977; baseline -0.004 -14"><span class='ocrx_word' id='word_1_492' title='bbox 234 3907 272 3963; x_wconf 81' lang='lat' dir='ltr'><strong>lle</strong></span> <span class='ocrx_word' id='word_1_493' title='bbox 285 3904 461 3962; x_wconf 82' lang='lat' dir='ltr'><strong>innovatione</strong></span> <span class='ocrx_word' id='word_1_494' title='bbox 473 3901 649 3958; x_wconf 81' lang='lat' dir='ltr'><strong>ecclesiarum</strong></span> <span class='ocrx_word' id='word_1_495' title='bbox 663 3900 693 3954; x_wconf 82' lang='lat' dir='ltr'><strong>in</strong></span> <span class='ocrx_word' id='word_1_496' title='bbox 708 3904 760 3954; x_wconf 87' lang='lat' dir='ltr'><strong>teto</strong></span> <span class='ocrx_word' id='word_1_497' title='bbox 775 3897 848 3954; x_wconf 81' lang='lat' dir='ltr'><strong>orte.</strong></span> <span class='ocrx_word' id='word_1_498' title='bbox 1006 3900 1062 3958; x_wconf 89' lang='lat' dir='ltr'><strong>sihi</strong></span> <span class='ocrx_word' id='word_1_499' title='bbox 1077 3900 1279 3974; x_wconf 88' lang='lat' dir='ltr'><strong>parcissimus,</strong></span> <span class='ocrx_word' id='word_1_500' title='bbox 1292 3900 1391 3974; x_wconf 89' lang='lat' dir='ltr'><strong>largus</strong></span> <span class='ocrx_word' id='word_1_501' title='bbox 1405 3901 1596 3975; x_wconf 83' lang='lat' dir='ltr'><strong>pauperibus,</strong></span> <span class='ocrx_word' id='word_1_502' title='bbox 1610 3901 1754 3977; x_wconf 85' lang='lat' dir='ltr'><strong>vigiliisct</strong></span> <span class='ocrx_word' id='word_1_503' title='bbox 1763 3913 1808 3956; x_wconf 76' lang='lat' dir='ltr'><strong>cn·</strong></span> 
     </span>
     <span class='ocr_line' id='line_1_42' title="bbox 160 3984 1807 4073; baseline -0.004 -18"><span class='ocrx_word' id='word_1_504' title='bbox 160 3998 255 4073; x_wconf 90' lang='lat' dir='ltr'><strong>Igitur</strong></span> <span class='ocrx_word' id='word_1_505' title='bbox 269 3995 345 4052; x_wconf 85' lang='lat' dir='ltr'><strong>inira</strong></span> <span class='ocrx_word' id='word_1_506' title='bbox 363 3991 565 4066; x_wconf 89' lang='lat' dir='ltr'><strong>supradictum</strong></span> <span class='ocrx_word' id='word_1_507' title='bbox 589 3988 779 4045; x_wconf 91' lang='lat' dir='ltr'><strong>millesimum</strong></span> <span class='ocrx_word' id='word_1_508' title='bbox 793 3984 877 4042; x_wconf 91' lang='lat' dir='ltr'><strong>lertio</strong></span> <span class='ocrx_word' id='word_1_509' title='bbox 887 3984 951 4057; x_wconf 88' lang='lat' dir='ltr'><strong>jam</strong></span> <span class='ocrx_word' id='word_1_510' title='bbox 1005 3989 1135 4048; x_wconf 92' lang='lat' dir='ltr'><strong>tionibus</strong></span> <span class='ocrx_word' id='word_1_511' title='bbox 1149 3989 1279 4047; x_wconf 88' lang='lat' dir='ltr'><strong>instabat</strong></span> <span class='ocrx_word' id='word_1_512' title='bbox 1292 3990 1429 4047; x_wconf 87' lang='lat' dir='ltr'><strong>assiduis.</strong></span> <span class='ocrx_word' id='word_1_513' title='bbox 1446 3991 1587 4048; x_wconf 77' lang='lat' dir='ltr'><strong>Preterea</strong></span> <span class='ocrx_word' id='word_1_514' title='bbox 1598 3992 1643 4048; x_wconf 88' lang='lat' dir='ltr'><strong>vlr</strong></span> <span class='ocrx_word' id='word_1_515' title='bbox 1656 3991 1714 4049; x_wconf 83' lang='lat' dir='ltr'><strong>Deo</strong></span> <span class='ocrx_word' id='word_1_516' title='bbox 1728 3990 1807 4066; x_wconf 69' lang='lat' dir='ltr'><strong>pienti</strong></span> 
     </span>
     <span class='ocr_line' id='line_1_43' title="bbox 127 4076 1806 4152; baseline -0.007 -8"><span class='ocrx_word' id='word_1_517' title='bbox 127 4087 187 4144; x_wconf 84' lang='lat' dir='ltr'><strong>lere</strong></span> <span class='ocrx_word' id='word_1_518' title='bbox 201 4085 373 4142; x_wconf 88' lang='lat' dir='ltr'><strong>imminente</strong></span> <span class='ocrx_word' id='word_1_519' title='bbox 389 4098 476 4152; x_wconf 91' lang='lat' dir='ltr'><strong>anno,</strong></span> <span class='ocrx_word' id='word_1_520' title='bbox 487 4078 610 4152; x_wconf 91' lang='lat' dir='ltr'><strong>contigit</strong></span> <span class='ocrx_word' id='word_1_521' title='bbox 624 4078 654 4133; x_wconf 94' lang='lat' dir='ltr'><strong>in</strong></span> <span class='ocrx_word' id='word_1_522' title='bbox 665 4077 800 4133; x_wconf 92' lang='lat' dir='ltr'><strong>universo</strong></span> <span class='ocrx_word' id='word_1_523' title='bbox 815 4091 888 4149; x_wconf 89' lang='lat' dir='ltr'><strong>pene</strong></span> <span class='ocrx_word' id='word_1_524' title='bbox 898 4079 952 4130; x_wconf 88' lang='lat' dir='ltr'><strong>ter·</strong></span> <span class='ocrx_word' id='word_1_525' title='bbox 1005 4085 1102 4137; x_wconf 74' lang='lat' dir='ltr'><strong>mente</strong></span> <span class='ocrx_word' id='word_1_526' title='bbox 1118 4079 1250 4152; x_wconf 83' lang='lat' dir='ltr'><strong>concepit</strong></span> <span class='ocrx_word' id='word_1_527' title='bbox 1264 4082 1296 4135; x_wconf 90' lang='lat' dir='ltr'><strong>ut</strong></span> <span class='ocrx_word' id='word_1_528' title='bbox 1309 4077 1527 4149; x_wconf 87' lang='lat' dir='ltr'><strong>ecclesiam,oui</strong></span> <span class='ocrx_word' id='word_1_529' title='bbox 1543 4084 1644 4138; x_wconf 89' lang='lat' dir='ltr'><strong>custos</strong></span> <span class='ocrx_word' id='word_1_530' title='bbox 1655 4076 1806 4138; x_wconf 71' lang='lat' dir='ltr'><strong>sscitoaioe</strong></span> 
     </span>
     <span class='ocr_line' id='line_1_44' title="bbox 125 4162 1805 4247; baseline -0.005 -18"><span class='ocrx_word' id='word_1_531' title='bbox 125 4193 225 4234; x_wconf 76' lang='lat' dir='ltr'><strong>rarum</strong></span> <span class='ocrx_word' id='word_1_532' title='bbox 239 4171 472 4247; x_wconf 82' lang='lat' dir='ltr'><strong>orbe,procipue</strong></span> <span class='ocrx_word' id='word_1_533' title='bbox 487 4174 583 4227; x_wconf 86' lang='lat' dir='ltr'><strong>tamen</strong></span> <span class='ocrx_word' id='word_1_534' title='bbox 599 4167 627 4223; x_wconf 89' lang='lat' dir='ltr'><strong>in</strong></span> <span class='ocrx_word' id='word_1_535' title='bbox 643 4165 736 4235; x_wconf 79' lang='lat' dir='ltr'><strong>ltnlia,</strong></span> <span class='ocrx_word' id='word_1_536' title='bbox 748 4169 777 4222; x_wconf 76' lang='lat' dir='ltr'><strong>et</strong></span> <span class='ocrx_word' id='word_1_537' title='bbox 791 4164 821 4220; x_wconf 81' lang='lat' dir='ltr'><strong>in</strong></span> <span class='ocrx_word' id='word_1_538' title='bbox 837 4162 950 4234; x_wconf 71' lang='lat' dir='ltr'><strong>Galliis,</strong></span> <span class='ocrx_word' id='word_1_539' title='bbox 1005 4167 1219 4242; x_wconf 89' lang='lat' dir='ltr'><strong>rat,amplioris</strong></span> <span class='ocrx_word' id='word_1_540' title='bbox 1234 4168 1403 4242; x_wconf 84' lang='lat' dir='ltr'><strong>altiorisque</strong></span> <span class='ocrx_word' id='word_1_541' title='bbox 1415 4167 1505 4226; x_wconf 88' lang='lat' dir='ltr'><strong>totius</strong></span> <span class='ocrx_word' id='word_1_542' title='bbox 1520 4168 1619 4242; x_wconf 88' lang='lat' dir='ltr'><strong>operis</strong></span> <span class='ocrx_word' id='word_1_543' title='bbox 1632 4163 1805 4244; x_wconf 83' lang='lat' dir='ltr'><strong>corporesci-</strong></span> 
     </span>
     <span class='ocr_line' id='line_1_45' title="bbox 125 4254 1804 4331; baseline -0.002 -11"><span class='ocrx_word' id='word_1_544' title='bbox 125 4258 610 4326; x_wconf 86' lang='lat' dir='ltr'><strong>innorariecclesiarumbosilicas,</strong></span> <span class='ocrx_word' id='word_1_545' title='bbox 620 4256 686 4313; x_wconf 88' lang='lat' dir='ltr'><strong>lieet</strong></span> <span class='ocrx_word' id='word_1_546' title='bbox 696 4255 840 4329; x_wconf 73' lang='lat' dir='ltr'><strong>pleraeque</strong></span> <span class='ocrx_word' id='word_1_547' title='bbox 850 4254 951 4309; x_wconf 88' lang='lat' dir='ltr'><strong>decen·</strong></span> <span class='ocrx_word' id='word_1_548' title='bbox 1003 4258 1128 4315; x_wconf 87' lang='lat' dir='ltr'><strong>limaret.</strong></span> <span class='ocrx_word' id='word_1_549' title='bbox 1145 4258 1250 4315; x_wconf 85' lang='lat' dir='ltr'><strong>Sancto</strong></span> <span class='ocrx_word' id='word_1_550' title='bbox 1265 4255 1366 4330; x_wconf 90' lang='lat' dir='ltr'><strong>itaque</strong></span> <span class='ocrx_word' id='word_1_551' title='bbox 1380 4257 1491 4331; x_wconf 90' lang='lat' dir='ltr'><strong>Spiritu</strong></span> <span class='ocrx_word' id='word_1_552' title='bbox 1507 4274 1539 4315; x_wconf 89' lang='lat' dir='ltr'><strong>se</strong></span> <span class='ocrx_word' id='word_1_553' title='bbox 1554 4257 1689 4329; x_wconf 87' lang='lat' dir='ltr'><strong>docente,</strong></span> <span class='ocrx_word' id='word_1_554' title='bbox 1699 4256 1804 4330; x_wconf 70' lang='lat' dir='ltr'><strong>aeine</strong></span> 
     </span>
     <span class='ocr_line' id='line_1_46' title="bbox 124 4345 1803 4422; baseline -0.007 -10"><span class='ocrx_word' id='word_1_555' title='bbox 124 4358 168 4412; x_wconf 84' lang='lat' dir='ltr'><strong>ter</strong></span> <span class='ocrx_word' id='word_1_556' title='bbox 183 4354 282 4411; x_wconf 80' lang='lat' dir='ltr'><strong>locate</strong></span> <span class='ocrx_word' id='word_1_557' title='bbox 293 4351 414 4408; x_wconf 90' lang='lat' dir='ltr'><strong>minime</strong></span> <span class='ocrx_word' id='word_1_558' title='bbox 425 4345 840 4422; x_wconf 79' lang='lat' dir='ltr'><strong>indiguissent.AEmulnbntur</strong></span> <span class='ocrx_word' id='word_1_559' title='bbox 851 4348 949 4399; x_wconf 87' lang='lat' dir='ltr'><strong>temen</strong></span> <span class='ocrx_word' id='word_1_560' title='bbox 1002 4348 1044 4404; x_wconf 74' lang='lat' dir='ltr'><strong>vit</strong></span> <span class='ocrx_word' id='word_1_561' title='bbox 1067 4347 1184 4403; x_wconf 81' lang='lat' dir='ltr'><strong>latomis</strong></span> <span class='ocrx_word' id='word_1_562' title='bbox 1208 4346 1448 4420; x_wconf 86' lang='lat' dir='ltr'><strong>incomparabilis</strong></span> <span class='ocrx_word' id='word_1_563' title='bbox 1468 4348 1581 4418; x_wconf 86' lang='lat' dir='ltr'><strong>jactare</strong></span> <span class='ocrx_word' id='word_1_564' title='bbox 1607 4347 1803 4406; x_wconf 72' lang='lat' dir='ltr'><strong>tundamentum</strong></span> 
     </span>
     <span class='ocr_line' id='line_1_47' title="bbox 126 4430 1802 4515; baseline -0.004 -18"><span class='ocrx_word' id='word_1_565' title='bbox 126 4458 249 4515; x_wconf 75' lang='lat' dir='ltr'><strong>quisque</strong></span> <span class='ocrx_word' id='word_1_566' title='bbox 264 4456 336 4514; x_wconf 88' lang='lat' dir='ltr'><strong>gens</strong></span> <span class='ocrx_word' id='word_1_567' title='bbox 351 4437 589 4496; x_wconf 86' lang='lat' dir='ltr'><strong>Christicolarum</strong></span> <span class='ocrx_word' id='word_1_568' title='bbox 605 4436 744 4491; x_wconf 87' lang='lat' dir='ltr'><strong>adversus</strong></span> <span class='ocrx_word' id='word_1_569' title='bbox 760 4432 881 4490; x_wconf 88' lang='lat' dir='ltr'><strong>altorum</strong></span> <span class='ocrx_word' id='word_1_570' title='bbox 897 4431 948 4487; x_wconf 91' lang='lat' dir='ltr'><strong>de·</strong></span> <span class='ocrx_word' id='word_1_571' title='bbox 1002 4436 1109 4509; x_wconf 92' lang='lat' dir='ltr'><strong>operis,</strong></span> <span class='ocrx_word' id='word_1_572' title='bbox 1120 4436 1197 4508; x_wconf 93' lang='lat' dir='ltr'><strong>quod</strong></span> <span class='ocrx_word' id='word_1_573' title='bbox 1211 4434 1284 4508; x_wconf 85' lang='lat' dir='ltr'><strong>ipse,</strong></span> <span class='ocrx_word' id='word_1_574' title='bbox 1294 4438 1326 4491; x_wconf 92' lang='lat' dir='ltr'><strong>ut</strong></span> <span class='ocrx_word' id='word_1_575' title='bbox 1338 4440 1495 4508; x_wconf 86' lang='lat' dir='ltr'><strong>optaverat,</strong></span> <span class='ocrx_word' id='word_1_576' title='bbox 1508 4435 1543 4493; x_wconf 86' lang='lat' dir='ltr'><strong>ad</strong></span> <span class='ocrx_word' id='word_1_577' title='bbox 1559 4438 1722 4511; x_wconf 79' lang='lat' dir='ltr'><strong>perlectum</strong></span> <span class='ocrx_word' id='word_1_578' title='bbox 1732 4430 1802 4492; x_wconf 79' lang='lat' dir='ltr'><strong>cat.</strong></span> 
     </span>
     <span class='ocr_line' id='line_1_48' title="bbox 123 4521 1804 4619; baseline -0.005 -33"><span class='ocrx_word' id='word_1_579' title='bbox 123 4530 251 4586; x_wconf 89' lang='lat' dir='ltr'><strong>centiore</strong></span> <span class='ocrx_word' id='word_1_580' title='bbox 267 4528 334 4584; x_wconf 86' lang='lat' dir='ltr'><strong>lrui.</strong></span> <span class='ocrx_word' id='word_1_581' title='bbox 351 4528 417 4583; x_wconf 79' lang='lat' dir='ltr'><strong>Erat</strong></span> <span class='ocrx_word' id='word_1_582' title='bbox 431 4543 510 4584; x_wconf 87' lang='lat' dir='ltr'><strong>earm</strong></span> <span class='ocrx_word' id='word_1_583' title='bbox 534 4525 627 4580; x_wconf 86' lang='lat' dir='ltr'><strong>instar</strong></span> <span class='ocrx_word' id='word_1_584' title='bbox 653 4541 686 4580; x_wconf 90' lang='lat' dir='ltr'><strong>ac</strong></span> <span class='ocrx_word' id='word_1_585' title='bbox 701 4523 725 4579; x_wconf 88' lang='lat' dir='ltr'><strong>si</strong></span> <span class='ocrx_word' id='word_1_586' title='bbox 742 4523 871 4578; x_wconf 92' lang='lat' dir='ltr'><strong>mundus</strong></span> <span class='ocrx_word' id='word_1_587' title='bbox 886 4521 948 4595; x_wconf 92' lang='lat' dir='ltr'><strong>ipse</strong></span> <span class='ocrx_word' id='word_1_588' title='bbox 962 4553 986 4619; x_wconf 71' lang='lat' dir='ltr'>D</span> <span class='ocrx_word' id='word_1_589' title='bbox 1003 4523 1119 4598; x_wconf 79' lang='lat' dir='ltr'><strong>Expleta</strong></span> <span class='ocrx_word' id='word_1_590' title='bbox 1135 4523 1233 4597; x_wconf 77' lang='lat' dir='ltr'><strong>itaque</strong></span> <span class='ocrx_word' id='word_1_591' title='bbox 1247 4541 1344 4598; x_wconf 90' lang='lat' dir='ltr'><strong>opere,</strong></span> <span class='ocrx_word' id='word_1_592' title='bbox 1355 4524 1563 4598; x_wconf 86' lang='lat' dir='ltr'><strong>accersitisque</strong></span> <span class='ocrx_word' id='word_1_593' title='bbox 1577 4523 1804 4600; x_wconf 73' lang='lat' dir='ltr'><strong>plurimsroncr·</strong></span> 
     </span>
     <span class='ocr_line' id='line_1_49' title="bbox 123 4609 1804 4687; baseline -0.005 -10"><span class='ocrx_word' id='word_1_594' title='bbox 123 4618 297 4679; x_wconf 86' lang='lat' dir='ltr'><strong>excutiendo</strong></span> <span class='ocrx_word' id='word_1_595' title='bbox 312 4621 414 4683; x_wconf 86' lang='lat' dir='ltr'><strong>semet,</strong></span> <span class='ocrx_word' id='word_1_596' title='bbox 433 4616 539 4686; x_wconf 90' lang='lat' dir='ltr'><strong>rejecta</strong></span> <span class='ocrx_word' id='word_1_597' title='bbox 554 4617 705 4681; x_wconf 87' lang='lat' dir='ltr'><strong>vetustate,</strong></span> <span class='ocrx_word' id='word_1_598' title='bbox 722 4612 832 4684; x_wconf 83' lang='lat' dir='ltr'><strong>passim</strong></span> <span class='ocrx_word' id='word_1_599' title='bbox 847 4609 944 4668; x_wconf 91' lang='lat' dir='ltr'><strong>candi·</strong></span> <span class='ocrx_word' id='word_1_600' title='bbox 1003 4615 1084 4670; x_wconf 92' lang='lat' dir='ltr'><strong>bium</strong></span> <span class='ocrx_word' id='word_1_601' title='bbox 1095 4614 1251 4687; x_wconf 87' lang='lat' dir='ltr'><strong>episeopis,</strong></span> <span class='ocrx_word' id='word_1_602' title='bbox 1261 4630 1334 4686; x_wconf 87' lang='lat' dir='ltr'><strong>opus</strong></span> <span class='ocrx_word' id='word_1_603' title='bbox 1345 4614 1516 4686; x_wconf 77' lang='lat' dir='ltr'><strong>predictum</strong></span> <span class='ocrx_word' id='word_1_604' title='bbox 1525 4614 1584 4671; x_wconf 86' lang='lat' dir='ltr'><strong>Deo</strong></span> <span class='ocrx_word' id='word_1_605' title='bbox 1595 4611 1804 4673; x_wconf 71' lang='lat' dir='ltr'><strong>consenseriut!-</strong></span> 
     </span>
     <span class='ocr_line' id='line_1_50' title="bbox 122 4700 1803 4776; baseline -0.003 -10"><span class='ocrx_word' id='word_1_606' title='bbox 122 4710 191 4766; x_wconf 86' lang='lat' dir='ltr'><strong>dsm</strong></span> <span class='ocrx_word' id='word_1_607' title='bbox 206 4707 396 4766; x_wconf 87' lang='lat' dir='ltr'><strong>ecclesiarum</strong></span> <span class='ocrx_word' id='word_1_608' title='bbox 421 4709 531 4762; x_wconf 87' lang='lat' dir='ltr'><strong>vestem</strong></span> <span class='ocrx_word' id='word_1_609' title='bbox 556 4704 698 4759; x_wconf 92' lang='lat' dir='ltr'><strong>indueret.</strong></span> <span class='ocrx_word' id='word_1_610' title='bbox 716 4704 798 4757; x_wconf 84' lang='lat' dir='ltr'><strong>Tune</strong></span> <span class='ocrx_word' id='word_1_611' title='bbox 822 4701 948 4773; x_wconf 90' lang='lat' dir='ltr'><strong>denique</strong></span> <span class='ocrx_word' id='word_1_612' title='bbox 1002 4700 1803 4776; x_wconf 75' lang='lat' dir='ltr'><strong>dnitlpsoquediesanetumDeieonresacremttutiarr</strong></span> 
     </span>
     <span class='ocr_line' id='line_1_51' title="bbox 121 4790 1840 4873; baseline -0.007 -17"><span class='ocrx_word' id='word_1_613' title='bbox 121 4797 333 4873; x_wconf 87' lang='lat' dir='ltr'><strong>episcopalium</strong></span> <span class='ocrx_word' id='word_1_614' title='bbox 350 4795 464 4852; x_wconf 90' lang='lat' dir='ltr'><strong>sedium</strong></span> <span class='ocrx_word' id='word_1_615' title='bbox 479 4792 615 4849; x_wconf 85' lang='lat' dir='ltr'><strong>ecelesias</strong></span> <span class='ocrx_word' id='word_1_616' title='bbox 639 4807 712 4864; x_wconf 89' lang='lat' dir='ltr'><strong>pone</strong></span> <span class='ocrx_word' id='word_1_617' title='bbox 738 4791 899 4856; x_wconf 88' lang='lat' dir='ltr'><strong>universas,</strong></span> <span class='ocrx_word' id='word_1_618' title='bbox 915 4804 948 4844; x_wconf 92' lang='lat' dir='ltr'><strong>ac</strong></span> <span class='ocrx_word' id='word_1_619' title='bbox 1001 4793 1089 4863; x_wconf 89' lang='lat' dir='ltr'><strong>intre,</strong></span> <span class='ocrx_word' id='word_1_620' title='bbox 1106 4793 1183 4848; x_wconf 91' lang='lat' dir='ltr'><strong>sicut</strong></span> <span class='ocrx_word' id='word_1_621' title='bbox 1197 4791 1327 4861; x_wconf 87' lang='lat' dir='ltr'><strong>decebat,</strong></span> <span class='ocrx_word' id='word_1_622' title='bbox 1342 4790 1803 4865; x_wconf 77' lang='lat' dir='ltr'><strong>reposuitvenerabaturenina</strong></span> <span class='ocrx_word' id='word_1_623' title='bbox 1836 4806 1840 4811; x_wconf 92' lang='lat'>·</span> 
     </span>
     <span class='ocr_line' id='line_1_52' title="bbox 121 4874 1804 4961; baseline -0.007 -15"><span class='ocrx_word' id='word_1_624' title='bbox 121 4893 224 4947; x_wconf 76' lang='lat' dir='ltr'><strong>cetera</strong></span> <span class='ocrx_word' id='word_1_625' title='bbox 239 4903 361 4961; x_wconf 83' lang='lat' dir='ltr'><strong>quaeque</strong></span> <span class='ocrx_word' id='word_1_626' title='bbox 376 4885 557 4942; x_wconf 88' lang='lat' dir='ltr'><strong>diversorum</strong></span> <span class='ocrx_word' id='word_1_627' title='bbox 573 4886 742 4938; x_wconf 88' lang='lat' dir='ltr'><strong>snnctcrum</strong></span> <span class='ocrx_word' id='word_1_628' title='bbox 759 4879 946 4948; x_wconf 80' lang='lat' dir='ltr'><strong>monasteria,</strong></span> <span class='ocrx_word' id='word_1_629' title='bbox 1002 4883 1048 4939; x_wconf 85' lang='lat' dir='ltr'><strong>die</strong></span> <span class='ocrx_word' id='word_1_630' title='bbox 1072 4882 1221 4956; x_wconf 78' lang='lat' dir='ltr'><strong>preteritas</strong></span> <span class='ocrx_word' id='word_1_631' title='bbox 1247 4881 1391 4937; x_wconf 88' lang='lat' dir='ltr'><strong>dedicatio</strong></span> <span class='ocrx_word' id='word_1_632' title='bbox 1415 4880 1552 4951; x_wconf 81' lang='lat' dir='ltr'><strong>basilice,</strong></span> <span class='ocrx_word' id='word_1_633' title='bbox 1569 4887 1677 4956; x_wconf 85' lang='lat' dir='ltr'><strong>quarto</strong></span> <span class='ocrx_word' id='word_1_634' title='bbox 1695 4874 1804 4939; x_wconf 73' lang='lat' dir='ltr'><strong>videlicet</strong></span> 
     </span>
     <span class='ocr_line' id='line_1_53' title="bbox 121 4966 1842 5047; baseline -0.005 -13"><span class='ocrx_word' id='word_1_635' title='bbox 121 4994 174 5034; x_wconf 89' lang='lat' dir='ltr'><strong>seu</strong></span> <span class='ocrx_word' id='word_1_636' title='bbox 190 4977 305 5033; x_wconf 88' lang='lat' dir='ltr'><strong>minora</strong></span> <span class='ocrx_word' id='word_1_637' title='bbox 329 4975 464 5031; x_wconf 87' lang='lat' dir='ltr'><strong>villarum</strong></span> <span class='ocrx_word' id='word_1_638' title='bbox 488 4971 625 5038; x_wconf 88' lang='lat' dir='ltr'><strong>oratoria,</strong></span> <span class='ocrx_word' id='word_1_639' title='bbox 642 4971 672 5026; x_wconf 91' lang='lat' dir='ltr'><strong>in</strong></span> <span class='ocrx_word' id='word_1_640' title='bbox 696 4969 816 5027; x_wconf 88' lang='lat' dir='ltr'><strong>meliora</strong></span> <span class='ocrx_word' id='word_1_641' title='bbox 838 4969 947 5043; x_wconf 90' lang='lat' dir='ltr'><strong>quique</strong></span> <span class='ocrx_word' id='word_1_642' title='bbox 1002 4972 1149 5028; x_wconf 90' lang='lat' dir='ltr'><strong>Nonarum</strong></span> <span class='ocrx_word' id='word_1_643' title='bbox 1162 4966 1805 5047; x_wconf 71' lang='lat' dir='ltr'><strong>mensisJulii.Ferturetiam,quoniamidefl</strong></span> <span class='ocrx_word' id='word_1_644' title='bbox 1837 4984 1842 4991; x_wconf 88' lang='grc'><strong>’</strong></span> 
     </span>
     <span class='ocr_line' id='line_1_54' title="bbox 75 5057 1850 5137; baseline -0.001 -18"><span class='ocrx_word' id='word_1_645' title='bbox 75 5062 76 5066; x_wconf 74' lang='grc'>’</span> <span class='ocrx_word' id='word_1_646' title='bbox 121 5069 323 5137; x_wconf 80' lang='lat' dir='ltr'><strong>permutavere</strong></span> <span class='ocrx_word' id='word_1_647' title='bbox 333 5062 610 5135; x_wconf 72' lang='lat' dir='ltr'><strong>fidelesnoqmque</strong></span> <span class='ocrx_word' id='word_1_648' title='bbox 621 5064 749 5134; x_wconf 89' lang='lat' dir='ltr'><strong>tempore</strong></span> <span class='ocrx_word' id='word_1_649' title='bbox 760 5057 835 5116; x_wconf 90' lang='lat' dir='ltr'><strong>inter</strong></span> <span class='ocrx_word' id='word_1_650' title='bbox 845 5063 948 5115; x_wconf 80' lang='lat' dir='ltr'><strong>cetera</strong></span> <span class='ocrx_word' id='word_1_651' title='bbox 1000 5059 1806 5136; x_wconf 71' lang='lat' dir='ltr'><strong>viruominiHenvensintentiquetoiesprsratatm</strong></span> <span class='ocrx_word' id='word_1_652' title='bbox 1845 5096 1850 5101; x_wconf 95' lang='lat'>-</span> 
     </span>
     <span class='ocr_line' id='line_1_55' title="bbox 121 5148 1808 5224; baseline -0.004 -15"><span class='ocrx_word' id='word_1_653' title='bbox 121 5152 200 5209; x_wconf 87' lang='lat' dir='ltr'><strong>beati</strong></span> <span class='ocrx_word' id='word_1_654' title='bbox 215 5152 332 5208; x_wconf 80' lang='lat' dir='ltr'><strong>Martini</strong></span> <span class='ocrx_word' id='word_1_655' title='bbox 348 5152 474 5210; x_wconf 83' lang='lat' dir='ltr'><strong>Turonis</strong></span> <span class='ocrx_word' id='word_1_656' title='bbox 489 5148 699 5208; x_wconf 87' lang='lat' dir='ltr'><strong>monasterium</strong></span> <span class='ocrx_word' id='word_1_657' title='bbox 715 5149 844 5218; x_wconf 90' lang='lat' dir='ltr'><strong>emicuit,</strong></span> <span class='ocrx_word' id='word_1_658' title='bbox 865 5164 946 5205; x_wconf 87' lang='lat' dir='ltr'><strong>ave·</strong></span> <span class='ocrx_word' id='word_1_659' title='bbox 1001 5151 1119 5208; x_wconf 89' lang='lat' dir='ltr'><strong>lationis</strong></span> <span class='ocrx_word' id='word_1_660' title='bbox 1144 5150 1299 5207; x_wconf 90' lang='lat' dir='ltr'><strong>Dominum</strong></span> <span class='ocrx_word' id='word_1_661' title='bbox 1326 5150 1496 5224; x_wconf 86' lang='lat' dir='ltr'><strong>rogavisset,</strong></span> <span class='ocrx_word' id='word_1_662' title='bbox 1511 5153 1545 5207; x_wconf 95' lang='lat' dir='ltr'><strong>ut</strong></span> <span class='ocrx_word' id='word_1_663' title='bbox 1569 5150 1606 5208; x_wconf 84' lang='lat' dir='ltr'><strong>nd</strong></span> <span class='ocrx_word' id='word_1_664' title='bbox 1629 5148 1808 5209; x_wconf 63' lang='lat' dir='ltr'><strong>ostensione!</strong></span> 
     </span>
     <span class='ocr_line' id='line_1_56' title="bbox 122 5230 1810 5313; baseline -0.002 -15"><span class='ocrx_word' id='word_1_665' title='bbox 122 5240 245 5298; x_wconf 90' lang='lat' dir='ltr'><strong>nerahili</strong></span> <span class='ocrx_word' id='word_1_666' title='bbox 256 5240 566 5298; x_wconf 88' lang='lat' dir='ltr'><strong>scilicetvirolleriveo</strong></span> <span class='ocrx_word' id='word_1_667' title='bbox 576 5238 772 5313; x_wconf 80' lang='lat' dir='ltr'><strong>ejusdemloei</strong></span> <span class='ocrx_word' id='word_1_668' title='bbox 785 5236 946 5294; x_wconf 90' lang='lat' dir='ltr'><strong>archiclavo</strong></span> <span class='ocrx_word' id='word_1_669' title='bbox 1001 5239 1165 5298; x_wconf 88' lang='lat' dir='ltr'><strong>dilectionis</strong></span> <span class='ocrx_word' id='word_1_670' title='bbox 1180 5256 1293 5312; x_wconf 77' lang='lat' dir='ltr'><strong>sponse</strong></span> <span class='ocrx_word' id='word_1_671' title='bbox 1309 5255 1369 5295; x_wconf 83' lang='lat' dir='ltr'><strong>sue</strong></span> <span class='ocrx_word' id='word_1_672' title='bbox 1384 5238 1512 5296; x_wconf 83' lang='lat' dir='ltr'><strong>ccclesia</strong></span> <span class='ocrx_word' id='word_1_673' title='bbox 1525 5255 1580 5313; x_wconf 88' lang='lat' dir='ltr'><strong>per</strong></span> <span class='ocrx_word' id='word_1_674' title='bbox 1593 5240 1714 5299; x_wconf 84' lang='lat' dir='ltr'><strong>beatum</strong></span> <span class='ocrx_word' id='word_1_675' title='bbox 1727 5230 1810 5297; x_wconf 66' lang='lat' dir='ltr'><strong>tint</strong></span> 
     </span>
     <span class='ocr_line' id='line_1_57' title="bbox 121 5328 1850 5403; baseline 0.001 -17"><span class='ocrx_word' id='word_1_676' title='bbox 121 5345 266 5398; x_wconf 90' lang='lat' dir='ltr'><strong>eversum,</strong></span> <span class='ocrx_word' id='word_1_677' title='bbox 286 5333 374 5403; x_wconf 86' lang='lat' dir='ltr'><strong>etque</strong></span> <span class='ocrx_word' id='word_1_678' title='bbox 397 5333 464 5386; x_wconf 89' lang='lat' dir='ltr'><strong>ante</strong></span> <span class='ocrx_word' id='word_1_679' title='bbox 483 5331 578 5402; x_wconf 90' lang='lat' dir='ltr'><strong>ipsius</strong></span> <span class='ocrx_word' id='word_1_680' title='bbox 592 5329 705 5386; x_wconf 91' lang='lat' dir='ltr'><strong>obitum</strong></span> <span class='ocrx_word' id='word_1_681' title='bbox 723 5328 845 5385; x_wconf 83' lang='lat' dir='ltr'><strong>mirifico</strong></span> <span class='ocrx_word' id='word_1_682' title='bbox 861 5344 947 5401; x_wconf 89' lang='lat' dir='ltr'><strong>opere</strong></span> <span class='ocrx_word' id='word_1_683' title='bbox 1001 5328 1197 5398; x_wconf 91' lang='lat' dir='ltr'><strong>num,utolim</strong></span> <span class='ocrx_word' id='word_1_684' title='bbox 1208 5328 1323 5397; x_wconf 85' lang='lat' dir='ltr'><strong>lecerat,</strong></span> <span class='ocrx_word' id='word_1_685' title='bbox 1331 5330 1526 5402; x_wconf 88' lang='lat' dir='ltr'><strong>quodcunque</strong></span> <span class='ocrx_word' id='word_1_686' title='bbox 1537 5328 1716 5387; x_wconf 74' lang='lat' dir='ltr'><strong>miraculum</strong></span> <span class='ocrx_word' id='word_1_687' title='bbox 1724 5328 1811 5403; x_wconf 70' lang='lat' dir='ltr'><strong>duae</strong></span> <span class='ocrx_word' id='word_1_688' title='bbox 1846 5356 1850 5363; x_wconf 94' lang='lat'><em>·</em></span> 
     </span>
     <span class='ocr_line' id='line_1_58' title="bbox 121 5417 1814 5492; baseline -0.001 -16"><span class='ocrx_word' id='word_1_689' title='bbox 121 5417 341 5476; x_wconf 76' lang='lat' dir='ltr'><strong>reedificatum.</strong></span> <span class='ocrx_word' id='word_1_690' title='bbox 371 5419 411 5476; x_wconf 80' lang='lat' dir='ltr'><strong>lle</strong></span> <span class='ocrx_word' id='word_1_691' title='bbox 439 5420 523 5492; x_wconf 81' lang='lat' dir='ltr'><strong>cujus</strong></span> <span class='ocrx_word' id='word_1_692' title='bbox 546 5419 635 5476; x_wconf 85' lang='lat' dir='ltr'><strong>etiem</strong></span> <span class='ocrx_word' id='word_1_693' title='bbox 659 5419 718 5475; x_wconf 89' lang='lat' dir='ltr'><strong>vita</strong></span> <span class='ocrx_word' id='word_1_694' title='bbox 740 5421 769 5476; x_wconf 92' lang='lat' dir='ltr'><strong>et</strong></span> <span class='ocrx_word' id='word_1_695' title='bbox 792 5432 946 5474; x_wconf 85' lang='lat' dir='ltr'><strong>conversa·</strong></span> <span class='ocrx_word' id='word_1_696' title='bbox 1001 5423 1082 5476; x_wconf 89' lang='lat' dir='ltr'><strong>retur</strong></span> <span class='ocrx_word' id='word_1_697' title='bbox 1095 5419 1306 5475; x_wconf 87' lang='lat' dir='ltr'><strong>demonstrare.</strong></span> <span class='ocrx_word' id='word_1_698' title='bbox 1320 5417 1371 5474; x_wconf 85' lang='lat' dir='ltr'><strong>Cui</strong></span> <span class='ocrx_word' id='word_1_699' title='bbox 1388 5419 1417 5474; x_wconf 92' lang='lat' dir='ltr'><strong>in</strong></span> <span class='ocrx_word' id='word_1_700' title='bbox 1433 5417 1565 5476; x_wconf 87' lang='lat' dir='ltr'><strong>oratione</strong></span> <span class='ocrx_word' id='word_1_701' title='bbox 1579 5422 1814 5492; x_wconf 75' lang='lat' dir='ltr'><strong>prostratoappc·</strong></span> 
     </span>
     <span class='ocr_line' id='line_1_59' title="bbox 119 5503 1816 5584; baseline -0.003 -18"><span class='ocrx_word' id='word_1_702' title='bbox 119 5508 210 5577; x_wconf 87' lang='lat' dir='ltr'><strong>tione,</strong></span> <span class='ocrx_word' id='word_1_703' title='bbox 227 5507 358 5583; x_wconf 86' lang='lat' dir='ltr'><strong>qualisa</strong></span> <span class='ocrx_word' id='word_1_704' title='bbox 380 5508 505 5582; x_wconf 89' lang='lat' dir='ltr'><strong>pueritia</strong></span> <span class='ocrx_word' id='word_1_705' title='bbox 528 5527 622 5584; x_wconf 90' lang='lat' dir='ltr'><strong>usque</strong></span> <span class='ocrx_word' id='word_1_706' title='bbox 646 5509 682 5566; x_wconf 86' lang='lat' dir='ltr'><strong>ed</strong></span> <span class='ocrx_word' id='word_1_707' title='bbox 708 5507 859 5583; x_wconf 77' lang='lat' dir='ltr'><strong>presentia</strong></span> <span class='ocrx_word' id='word_1_708' title='bbox 883 5507 946 5563; x_wconf 78' lang='lat' dir='ltr'><strong>vite</strong></span> <span class='ocrx_word' id='word_1_709' title='bbox 1001 5511 1059 5568; x_wconf 86' lang='lat' dir='ltr'><strong>ruit</strong></span> <span class='ocrx_word' id='word_1_710' title='bbox 1073 5509 1150 5564; x_wconf 91' lang='lat' dir='ltr'><strong>idem</strong></span> <span class='ocrx_word' id='word_1_711' title='bbox 1165 5507 1323 5576; x_wconf 82' lang='lat' dir='ltr'><strong>consessor,</strong></span> <span class='ocrx_word' id='word_1_712' title='bbox 1340 5506 1448 5565; x_wconf 90' lang='lat' dir='ltr'><strong>blando</strong></span> <span class='ocrx_word' id='word_1_713' title='bbox 1467 5524 1540 5565; x_wconf 88' lang='lat' dir='ltr'><strong>osus</strong></span> <span class='ocrx_word' id='word_1_714' title='bbox 1564 5506 1707 5583; x_wconf 87' lang='lat' dir='ltr'><strong>alloquio,</strong></span> <span class='ocrx_word' id='word_1_715' title='bbox 1727 5503 1816 5564; x_wconf 81' lang='lat' dir='ltr'><strong>itata·</strong></span> 
     </span>
    </p>
   </div>
   <div class='ocr_carea' id='block_1_3' title="bbox 111 5594 1819 5681">
    <p class='ocr_par' dir='ltr' id='par_1_3' title="bbox 111 5594 1819 5681">
     <span class='ocr_line' id='line_1_60' title="bbox 111 5594 1819 5681; baseline -0.003 -20"><span class='ocrx_word' id='word_1_716' title='bbox 111 5598 280 5669; x_wconf 76' lang='lat' dir='ltr'><strong>¹torminum</strong></span> <span class='ocrx_word' id='word_1_717' title='bbox 295 5597 415 5677; x_wconf 81' lang='lat' dir='ltr'><strong>exstitit,</strong></span> <span class='ocrx_word' id='word_1_718' title='bbox 425 5597 452 5659; x_wconf 94' lang='lat' dir='ltr'><strong>si</strong></span> <span class='ocrx_word' id='word_1_719' title='bbox 464 5599 532 5680; x_wconf 86' lang='lat' dir='ltr'><strong>quis</strong></span> <span class='ocrx_word' id='word_1_720' title='bbox 547 5599 653 5660; x_wconf 83' lang='lat' dir='ltr'><strong>reterre</strong></span> <span class='ocrx_word' id='word_1_721' title='bbox 663 5596 814 5677; x_wconf 83' lang='lat' dir='ltr'><strong>quivisset,</strong></span> <span class='ocrx_word' id='word_1_722' title='bbox 822 5595 947 5676; x_wconf 89' lang='lat' dir='ltr'><strong>pleniter</strong></span> <span class='ocrx_word' id='word_1_723' title='bbox 1001 5600 1104 5681; x_wconf 84' lang='lat' dir='ltr'><strong>quiens</strong></span> <span class='ocrx_word' id='word_1_724' title='bbox 1122 5615 1128 5658; x_wconf 73' lang='grc' dir='ltr'><strong>ε</strong></span> <span class='ocrx_word' id='word_1_725' title='bbox 1146 5622 1160 5656; x_wconf 83' lang='lat' dir='ltr'><strong>a</strong></span> <span class='ocrx_word' id='word_1_726' title='bbox 1176 5597 1235 5661; x_wconf 82' lang='lat' dir='ltr'><strong>ilco</strong></span> <span class='ocrx_word' id='word_1_727' title='bbox 1250 5597 1328 5676; x_wconf 90' lang='lat' dir='ltr'><strong>quod</strong></span> <span class='ocrx_word' id='word_1_728' title='bbox 1343 5597 1429 5677; x_wconf 85' lang='lat' dir='ltr'><strong>petis,</strong></span> <span class='ocrx_word' id='word_1_729' title='bbox 1445 5596 1485 5656; x_wconf 86' lang='lat' dir='ltr'><strong>tlli</strong></span> <span class='ocrx_word' id='word_1_730' title='bbox 1500 5594 1819 5673; x_wconf 84' lang='lat' dir='ltr'><strong>dilectissime,scitott</strong></span> 
     </span>
    </p>
   </div>
   <div class='ocr_carea' id='block_1_4' title="bbox 0 0 1946 6084">
    <p class='ocr_par' dir='ltr' id='par_1_4' title="bbox 0 0 1946 6084">
     <span class='ocr_line' id='line_1_61' title="bbox 0 0 1946 6084; baseline 0 0"><span class='ocrx_word' id='word_1_731' title='bbox 0 0 1946 6084; x_wconf 95' lang='lat' dir='ltr'><strong> </strong></span> 
     </span>
    </p>
   </div>
  </div>
 </body>
</html>
