3884 6084
114 267 170 335 du
606 267 777 333 aunuum
800 268 942 333 clinem
965 269 1141 334 Moueclu
1164 271 1343 338 cunulae.
1762 274 1831 341 Μ

116 401 609 480 quartum‚Constantinopolitanus
616 403 722 478 presul
730 403 942 478 eumsuoprln·
955 403 983 473 Α
996 405 1125 465 loannes
1146 407 1326 483 [Gregorius]
1351 408 1417 485 iste,
1439 409 1634 484 cognomento
1660 406 1829 471 Romam

117 496 180 571 cipe
196 495 315 563 Racilio,
332 493 438 568 aliique
455 492 587 550 nonnulli
605 494 772 551 Grceoorum
788 494 943 552 consilium
997 497 1086 553 freter
1095 496 1176 555 illius
1185 498 1334 557 Benedicti
1349 499 1505 573 [Joannie],
1516 499 1565 557 oui
1575 499 1607 556 ie
1621 498 1828 574 episcopatum

117 587 217 651 iniere,
234 590 380 658 quatenus
395 601 463 641 oum
478 601 623 640 consensu
646 584 770 640 Romani
794 584 942 658 pontificis
997 590 1179 644 successerat
1200 586 1354 661 largitione
1368 587 1510 662 pecunie,
1525 591 1647 662 repente
1668 605 1708 646 ex
1730 587 1828 647 laicali

118 676 218 733 liceret
228 674 386 732 Ecclesiam
393 672 746 747 constantinopolitannm
757 673 788 729 in
800 690 853 730 suo
862 675 941 741 orbe,
997 675 1098 731 ordine
1111 676 1276 750 neophptus
1291 677 1468 734 constitutus
1479 676 1661 751 presuffled
1670 677 1828 737 insolentie

117 764 202 822 sicuti
210 763 376 820 Romanuin
383 762 789 830 nniverso‚univcrselemdici
796 763 940 819 ethaberi.
997 764 1196 821 Romanorum
1211 765 1383 838 hujusmodi
1397 765 1546 824 adinvenit
1560 765 1690 842 palliata
1709 767 1764 826 suh
1772 767 1828 825 do·

116 856 170 921 Oui
185 855 283 911 statim
300 854 445 909 miserunt
459 852 510 925 qui
526 853 672 909 deterrent
682 851 775 908 multe
785 853 943 908 uodiversa
996 851 1122 910 lositatis
1137 853 1306 922 ridiculum,
1319 854 1431 911 scilicet
1442 858 1476 911 ut
1488 869 1698 929 quemcunque
1708 864 1761 930 ρ’πο
1771 872 1825 915 suc

116 945 260 1001 donorum
275 944 361 1000 xenia
372 943 494 999 Romam
511 945 571 998 tam
587 942 717 1016 pontifici
730 958 819 1014 quam
830 941 942 998 caeteris
995 942 1119 998 libituin
1130 943 1354 1016 presentiarum
1368 945 1404 1001 ed
1421 942 1825 1017 pontillcetnmolllclnmde·

115 1050 191 1108 quos
207 1051 266 1091 sua
282 1034 355 1106 parti
373 1033 466 1087 lavere
481 1031 691 1104 conspicerent.
703 1031 756 1087 Ubi
772 1031 942 1086 convenien-
995 1030 1128 1104 legerint,
1144 1036 1260 1088 mutato
1274 1032 1404 1101 nomine,
1415 1033 1494 1106 quod
1510 1032 1552 1089 illi
1568 1033 1652 1106 prius
1667 1032 1826 1102 secretali-

115 1128 170 1193 tes,
185 1126 383 1196 exposuerunt
398 1121 474 1192 apud
488 1120 655 1193 pontificem
674 1136 733 1177 succ
754 1119 941 1194 protectionis
996 1137 1054 1193 quo
1070 1136 1244 1194 magnorum
1260 1122 1432 1195 pontificum
1448 1121 1566 1178 nomine
1581 1121 1668 1180 illum
1686 1121 1826 1198 appellari

115 1212 275 1287 querelam.
293 1212 349 1266 Sed
366 1211 436 1282 quid
450 1226 507 1265 non
522 1211 667 1281 portentat
680 1225 773 1265 cacus
788 1225 871 1264 amor
892 1209 942 1264 ho·
994 1211 1165 1267 decernunt.
1174 1211 1213 1267 Re
1223 1226 1290 1266 vora
1304 1226 1392 1284 quem
1407 1210 1432 1268 ei
1448 1227 1505 1268 non
1517 1211 1658 1269 meritum
1665 1210 1825 1279 schechem

115 1302 341 1372 bendi‘lestque
365 1298 560 1372 proverbium,
578 1315 666 1353 aureo
687 1297 799 1371 pugillo
821 1314 940 1353 murum
995 1316 1102 1355 nomen
1118 1298 1246 1356 extollat.
1263 1299 1405 1356 Preterca
1417 1298 1672 1374 tonetnnhnopoll
1696 1301 1734 1358 ed
1757 1314 1822 1375 pre-

114 1393 247 1463 lrangero
263 1391 400 1445 ferreum.
417 1386 536 1443 Aelieet
550 1404 602 1459 pro
618 1391 748 1458 tempore
762 1385 942 1460 philargyria
994 1387 1059 1461 pria
1073 1392 1248 1458 remeantes,
1262 1388 1414 1446 confutate
1427 1386 1545 1446 illorum
1557 1389 1822 1463 undiquetumide

114 1480 216 1536 mundi
231 1478 330 1550 regina
345 1483 432 1549 clueat
447 1475 630 1548 appellarem
640 1476 780 1532 Romanis
791 1474 941 1531 tamenln·
994 1476 1183 1551 praesumptio
1198 1477 1374 1550 conquievit.

113 1567 256 1642 expiabile
271 1567 367 1623 cubile
379 1566 493 1622 locavit
501 1567 567 1621 Mon
582 1570 753 1637 namqueut
742 1564 857 1621 videre
865 1569 939 1620 Gra
1324 1566 1441 1624 CAPUT
1459 1566 1494 1623 11.

114 1674 216 1714 corum
233 1657 287 1713 sibi
303 1656 415 1711 deterre
439 1654 566 1728 fulgidas
590 1671 670 1727 opes,
687 1671 804 1711 versum
825 1659 871 1710 eet
890 1670 940 1710 cor
1188 1658 1227 1711 De
1242 1656 1367 1713 iimresi
1356 1673 1387 1712 m
1400 1657 1483 1714 ltalia
1498 1656 1619 1714 iacente.

114 1747 230 1804 illorum
246 1746 282 1802 ad
294 1744 495 1800 fraudulentiae
507 1743 678 1799 diverticula
681 1746 857 1816 ,pertentant
858 1760 889 1799 es
900 1760 936 1798 an
952 1778 977 1844 B
1028 1746 1097 1802 Cast
1085 1749 1163 1801 trum
1180 1744 1233 1818 igit
1234 1763 1270 1801 ur
1284 1748 1347 1801 erat
1361 1762 1413 1819 per
1434 1745 1512 1802 idem
1536 1744 1689 1819 tempus
1680 1762 1711 1802 ιρ
1739 1750 1854 1820 genta

112 1838 186 1893 lorte
201 1833 335 1891 elanrulo
350 1834 508 1889 concedere
519 1831 672 1904 quiverant
682 1833 761 1904 quod
772 1835 821 1906 pet
809 1832 890 1887 ttebc
879 1837 936 1888 t.ur
994 1834 1262 1907 Longobardorum,
1266 1833 1344 1907 quod
1361 1838 1393 1890 ut
1403 1834 1647 1903 eratvoosbatur,
1650 1833 1846 1892 Monsvide—

112 1927 167 1983 Sed
184 1940 381 1998 nequaquam.
397 1923 459 1978 Non
475 1921 553 1977 enim
571 1939 606 1993 po
609 1924 665 1977 test
680 1919 739 1977 falli
756 1938 874 1977 summa
886 1921 939 1977 Ve-
992 1923 1059 1980 licet
1075 1922 1169 1992 tortis,
1186 1922 1306 1997 plenum
1322 1922 1410 1979 etiam
1426 1939 1461 1979 ex
1476 1921 1675 1981 nobilioribus
1689 1923 1854 1996 ejusden

111 2016 194 2079 ritas,
210 2031 275 2087 qum
291 2011 448 2085 spopondit
463 2028 470 2067 :
486 2013 574 2067 Portae
588 2012 672 2083 inferi
687 2027 742 2067 nco
749 2012 940 2083 prevalebunt
993 2013 1099 2087 gentis.
1112 2013 1170 2071 Hos
1181 2028 1286 2085 nempe
1297 2016 1418 2069 cunctos
1433 2011 1474 2069 ite
1482 2010 1854 2079 maculaverathmreticn

110 2102 395 2162 aduersaeecmDum
409 2116 477 2174 ergo
489 2101 584 2156 adhuc
595 2100 654 2155 leui
665 2101 719 2156 sub
728 2100 940 2156 murmurehu·
993 2101 1168 2177 pravitas,ut
1182 2105 1250 2157 ante
1260 2105 1322 2158 erat
1337 2098 1396 2158 illis
1410 2099 1520 2161 crudeli
1535 2104 1633 2163 morte
1643 2100 1847 2175 liniri,quem

107 2194 192 2266 jusce
207 2191 422 2249 machinatores
438 2189 467 2244 in
488 2189 614 2245 conclavi
631 2205 695 2245 sese
719 2193 857 2261 putarent
869 2188 940 2246 talia
994 2191 1030 2248 ab
1047 2189 1096 2246 illa
1110 2188 1319 2263 quoquomodo
1329 2192 1451 2263 possent
1460 2188 1496 2247 sd
1504 2187 1739 2253 eduncrrtmam
1748 2190 1834 2251 cerr.

112 2281 295 2345 tractavisse,
306 2279 389 2335 velox
403 2279 482 2334 foma
497 2278 532 2334 de
547 2277 620 2350 ipsis
636 2295 687 2350 per
699 2277 865 2335 universam
882 2279 939 2336 lta·
993 2281 1031 2337 sti
1041 2279 1158 2336 Domini
1167 2279 1255 2336 tidem
1264 2276 1640 2347 mvecarhGolebantenim
1649 2277 1734 2337 idola
1748 2296 1827 2343 mole

111 2367 387 2428 liomdecurrit.Sed
403 2366 498 2438 qualis
513 2370 583 2422 tunc
598 2365 846 2439 tumultus,quam
856 2368 940 2424 vehe·
994 2385 1187 2444 paganorum,
1204 2385 1237 2424 ae
1253 2384 1321 2424 eum
1334 2368 1351 2424 J
1355 2366 1445 2424 udaeis
1457 2364 1559 2441 inepte
1569 2366 1722 2426 ”enticis
1742 2368 1818 2429 litere

112 2476 197 2518 mens
213 2455 372 2514 commotio
388 2455 756 2528 pereunctosexstitit‚qui
771 2456 938 2526 audierunt,
993 2455 1745 2535 nitebantur.8cpissimedeniquetamMelnlredus
1752 2472 1813 2519 mer

112 2548 170 2606 dici
186 2563 244 2604 ρορ
260 2543 345 2602 valet.
354 2545 501 2616 Praecipue
517 2544 668 2599 tamenvir
678 2544 938 2617 prudentissimus,
993 2547 1133 2606 chionum
1149 2543 1408 2623 prudentissimus,
1424 2560 1515 2619 quem
1524 2544 1618 2613 mater
1632 2544 1810 2625 uersuum

112 2638 199 2695 Peter
212 2634 346 2692 videlieet
359 2632 539 2698 Willelmus,
556 2633 592 2689 de
607 2649 664 2706 quc
675 2634 739 2706 jam
754 2633 939 2702 diximus,ad
992 2637 1125 2695 detensis
1152 2634 1235 2693 urbis
1263 2632 1382 2707 masal,
1397 2632 1429 2691 in
1453 2634 1542 2707 cnjus
1566 2633 1685 2695 seruere
1706 2626 1807 2705 diocesi

111 2729 276 2785 Romanum
288 2723 455 2796 pontificem
466 2722 565 2778 dehac
579 2738 610 2777 re
621 2721 702 2779 misit
713 2722 866 2795 epistolam
878 2741 940 2781 eor·
993 2727 1122 2784 locatum
1137 2725 1301 2783 hebebatur
1317 2722 1489 2797 predictum
1503 2728 1663 2797 -cestrum,
1670 2725 1808 2800 ceterique

112 2812 371 2890 porebrcvom,sed
383 2811 506 2868 materia
518 2811 713 2884 ingentem,ac
724 2829 940 2886 sermonepun·
994 2815 1178 2872 marchiones
1203 2831 1236 2870 ae
1259 2811 1399 2886 presules
1421 2811 1615 2871 circumcirca
1629 2814 1807 2873 creberrimos

111 2903 315 2980 gentem,talia
325 2901 522 2958 continentem
534 2918 540 2956 :
550 2900 670 2957 «Gratia
680 2900 731 2958 Dei
741 2905 771 2957 et
780 2902 939 2959 reverentia
993 2904 1051 2962 illis
1067 2903 1198 2960 assultus
1208 2900 1530 2974 intulerunt,eapientes
1544 2919 1580 2960 ex
1594 2902 1641 2960 eis
1653 2902 1807 2973 nonnullos,

110 2994 187 3052 beati
203 2991 402 3067 apostolorum
419 2990 560 3063 principis
583 2989 657 3046 Petri
675 2990 791 3046 sedium
813 2990 843 3046 in
869 2991 938 3048 orba
993 3010 1067 3066 quos
1081 2993 1152 3049 dum
1165 3008 1223 3048 ρορ
1239 2989 1401 3064 quivissent
1414 3006 1549 3047 revocare
1559 2991 1598 3048 ab
1612 2992 1744 3061 insanie,
1757 2992 1808 3069 igne

108 3089 254 3142 terrarum
269 3079 525 3145 excellentissimo,
535 3078 654 3151 indepto
667 3095 748 3151 pape
758 3079 935 3152 toanni[at.,
993 3097 1167 3139 cremavere.
1184 3079 1310 3153 Contigit
1323 3092 1393 3153 ergo
1404 3078 1436 3135 in
1448 3078 1545 3137 vicino
1559 3079 1666 3138 haberi
1679 3080 1808 3153 aliudes-

109 3171 270 3247 Gregori01,
285 3168 453 3226 Willelmus
470 3167 564 3225 crucis
580 3167 687 3224 Christi
710 3184 820 3238 servus,
837 3170 936 3227 sedem
993 3175 1089 3229 strum
1101 3166 1522 3242 nostrereligionieetlldei,in
1532 3166 1730 3242 quoquidem
1740 3168 1808 3228 milae

105 3257 939 3337 judiciicumapostolis‚etregnieoronamltlagistrigen·
992 3259 1150 3334 aliquando
1164 3259 1309 3331 agrotans
1323 3256 1359 3313 ed
1373 3260 1538 3315 extremum
1557 3272 1635 3333 pene
1654 3256 1808 3333 deverierqt

108 3351 183 3409 tium
195 3349 282 3405 dietis
298 3349 306 3402 i
311 3346 632 3414 nstruimur,seniorem
645 3363 703 3403 non
714 3347 937 3420 increpandum.
991 3351 1034 3407 ad
1042 3364 1130 3423 quem
1141 3347 1242 3420 utique
1250 3345 1431 3403 visitandum
1442 3361 1478 3404 ex
1484 3345 1695 3407 hemacorum
1704 3342 1809 3409 mum

110 3440 191 3498 Idem
207 3442 305 3493 tamen
322 3436 396 3492 alias
411 3435 482 3491 dicit
498 3452 504 3490 :
524 3438 622 3491 Faetus
644 3452 707 3491 sem
730 3438 873 3508 iusipiens,
894 3452 939 3493 erce
993 3439 1111 3496 illorum
1126 3435 1373 3510 praecipuarum
1386 3450 1509 3504 morem,
1520 3434 1647 3495 ventem
1660 3432 1812 3507 mclieissre·

109 3522 943 3598 mecoaptetis.ldeircoigiturfiliationisdiligentiaborta·
991 3544 1061 3585 vera
1075 3526 1173 3601 potius
1188 3528 1220 3582 ut
1234 3520 1395 3580 evidentior
1414 3523 1497 3581 tieret
1516 3526 1598 3583 secte
1609 3520 1748 3601 quedem
1768 3522 1812 3585 re·

111 3633 179 3672 mur
193 3628 380 3670 communem
397 3615 526 3668 vestram
540 3611 758 3684 paternitatem,
770 3613 896 3686 qualiter
908 3615 939 3671 in
993 3616 1104 3691 quitiae,
1120 3613 1254 3687 protinus
1267 3617 1302 3669 ut
1315 3610 1468 3686 egrediens
1480 3610 1606 3671 domum
1617 3614 1649 3673 ln
1665 3631 1727 3689 qne
1739 3608 1814 3691 eg'er

111 3721 170 3762 uno
183 3699 341 3759 imitemini
356 3699 547 3773 cogitationes
561 3699 726 3769 bominum,
741 3701 940 3774 providentem
994 3703 1188 3771 decubabat(
1179 3720 1209 3759 rn
1211 3703 1311 3770 tranet,
1326 3704 1445 3775 repente
1460 3700 1687 3777 prospicerem
1702 3698 1814 3781 qnihil-

110 3792 268 3849 Dominum
281 3789 471 3857 salvatorem,
488 3794 521 3844 ut
534 3788 640 3845 dicatis
652 3789 688 3844 ad
711 3787 839 3863 aliquem
858 3792 941 3848 vobis
994 3789 1304 3870 guebat,v1d1t1ntrare
1314 3804 1382 3848 eum
1393 3790 1495 3849 eedem
1506 3786 1814 3871 muliereerlsein'it'n-

111 3881 283 3938 unanimem
287 3876 576 3952 ,'quemudmodum
569 3892 632 3950 ipse
647 3877 749 3934 Petro:
765 3879 941 3948 Quiddicunt
995 3880 1164 3940 merchilem
1180 3878 1339 3936 exercitum
1353 3878 1385 3936 in
1400 3864 1720 3954 nigemmisvectibns
1734 3876 1816 3941 sech·

111 3969 280 4028 leomiceede
298 3968 361 4025 met
375 3967 404 4022 ei
429 3983 497 4023 vero
522 3983 696 4039 responsum
719 3966 800 4022 illius
824 3984 859 4024 ex
884 3969 941 4027 tide
994 3966 1290 4044 busqueteterrimis.
1302 3966 1590 4043 Quavercingressa,
1587 3962 1817 4047 postqnsmlm·

110 4060 208 4121 luerit,
223 4058 405 4116 animadvert
408 4056 448 4112 ite
472 4054 598 4128 qualiter
626 4054 758 4113 sonuerit
761 4098 767 4111 .
783 4057 811 4113 si
841 4061 940 4115 autem
995 4064 1085 4135 guent
1087 4059 1112 4115 is
1127 4058 1265 4122 frontem,
1281 4070 1315 4113 ec
1329 4054 1450 4130 pulsum
1464 4052 1602 4131 pectoris,
1617 4054 1819 4133 meamet

110 4149 199 4216 clare,
210 4145 355 4204 custodita
370 4160 406 4201 ne
422 4145 601 4201 obfuscetur.
618 4144 648 4201 Si
663 4161 731 4201 vero
747 4145 941 4213 obscuratur
995 4165 1068 4206 usus
1084 4147 1182 4214 habet,
1193 4160 1282 4201 manu
1299 4145 1545 4218 perlustravisset,
1557 4146 1818 4225 munntlmetque

111 4237 213 4295 mundi
228 4233 534 4307 orandaest,queliter
548 4234 590 4290 ita
599 4233 784 4306 fulgentiam
796 4236 940 4293 universis
995 4239 1080 4296 illum
1091 4232 1307 4294 convaliturum
1317 4232 1348 4291 in
1359 4230 1628 4308 proximem,demo
1639 4232 1818 4314 οςπειοιοέὶ,

110 4328 140 4384 in
152 4326 264 4401 gremio
274 4323 409 4381 Ecclesia
424 4322 590 4380 constitutis
601 4323 723 4380 odviam
732 4325 940 4382 mandatorum
994 4333 1115 4399 totaque
1125 4321 1411 4382 simullamiliacum
1421 4320 1471 4381 illa
1481 4320 1578 4382 ectum
1587 4324 1737 4402 reliquere
1746 4322 1821 4383 lindr-

111 4417 161 4474 Dei
177 4414 368 4490 gradiendam
385 4413 484 4469 lumen
501 4413 628 4485 praeeat
616 4411 664 4467 t.is
677 4411 789 4468 Sedt
744 4428 776 4469 ee
777 4413 876 4470 tlama
887 4412 938 4482 rei,
996 4432 1090 4473 mum.
1097 4412 1201 4470 Statim
1218 4427 1335 4513 quoque
1348 4410 1443 4471 adluit
1456 4410 1500 4469 iili
1514 4408 1682 4487 nigrorum,
1684 4430 1772 4517 quem
1783 4413 1822 4473 vi-

111 4522 175 4577 que
191 4519 286 4576 nuper
295 4517 365 4576 erga
375 4517 429 4559 nos
440 4498 737 4572 accidit,dequaqu1s
747 4501 870 4558 audiens
881 4518 939 4559 non
955 4508 979 4573 [J
994 4506 1077 4562 derat
1080 4501 1206 4577 „glcbus
1209 4517 1256 4558 cur
1248 4500 1310 4558 ite
1310 4501 1374 4574 ,qui
1383 4500 1539 4559 videbatur
1546 4496 1690 4562 illorum
1675 4500 1822 4579 ρήροφ,
1852 4546 1854 4551 -

112 4591 338 4661 scandalizatur,
354 4589 495 4645 noverits
481 4589 611 4662 selonge
626 4588 662 4644 ab
687 4605 785 4646 amore
811 4606 938 4692 superno
994 4594 1109 4651 inllt:‹
1094 4588 1269 4665 «Agnoscis
1296 4589 1521 4663 mainqnlenq,
1525 4582 1646 4667 Hugcl
1659 4584 1722 4651 lice
1746 4588 1854 4665 enh-

111 4680 266 4755 disparari.
283 4678 425 4745 Quoniam
441 4677 509 4733 licet
524 4680 652 4751 potestas
669 4677 819 4734 Romani
812 4679 938 4752 imperii,
994 4686 1056 4740 erat
1070 4679 1151 4737 illius
1166 4678 1236 4753 agri
1244 4676 1433 4737 vocabulum.
1440 4660 1854 4756 Cumquasslerespcuileu

111 4790 175 4848 qua
190 4769 306 4829 olimin
322 4767 392 4825 orbe
407 4772 553 4824 terrorum
568 4767 743 4823 monarches
756 4766 859 4840 viguit
862 4784 941 4826 nunc
994 4771 1126 4829 dicaret:
1135 4768 1179 4825 'l'u
1193 4766 1416 4841 qursestclmt
1429 4766 1475 4826 el
1486 4764 1717 4829 Processimus
1727 4772 1854 4857 potqu-

110 4860 288 4935 perdiverea
300 4863 444 4916 terrerum
455 4855 620 4912 innumeris
630 4861 712 4930 regat
714 4860 838 4930 ursoept
840 4857 891 4927 ris,
906 4855 941 4913 li·
995 4865 1070 4929 tum,
1086 4876 1120 4916 ae
1134 4857 1302 4916 ditissimus
1316 4855 1441 4914 divitum
1454 4872 1508 4932 ego
1525 4856 1577 4932 qui
1590 4866 1715 4918 occurro
1724 4854 1790 4919 ubi.
1784 4846 1854 4919 ’θὶ

111 4949 200 5023 gandi
214 4945 426 5019 solvendique
418 4962 448 5000 1n
460 4948 581 5000 terrae
595 4961 625 4999 in
635 4943 771 5001 eorlo
721 4960 758 5017 po
760 4947 860 5014 estas
864 4946 941 5003 dono
997 4966 1044 5007 me
1056 4951 1170 5007 tantum
1184 4946 1343 5004 credideris
1358 4946 1453 5004 lacere
1465 4962 1562 5021 pesse
1578 4944 1614 5005 ut
1636 4940 1854 5018 ιίοωοπὶο,

112 5037 272 5110 inviolabili
287 5035 433 5093 incumbit
447 5032 615 5108 magisterio
630 5032 820 5107 Petrihtque
834 5034 943 5091 istaid·
998 5057 1063 5114 qum
1074 5053 1201 5113 presens
1211 5035 1357 5107 1mmrnet,
1366 5032 1854 5113 emptamlcngoqneriveetem-

113 5126 190 5183 circo
205 5126 345 5190 diximus,
355 5129 388 5181 ut
403 5122 645 5181 animadvertetis
660 5140 719 5178 non
735 5122 820 5179 aliter
835 5123 943 5182 Grecis
999 5144 1078 5205 pore.
1094 5128 1128 5185 ut
1142 5130 1175 5183 ut
1188 5124 1352 5183 certissime
1362 5124 1465 5182 credes
1475 5124 1553 5199 quod
1565 5124 1854 5200 spondemnuretl-

113 5212 606 5286 quamcenodoxiahujuseequam
619 5211 941 5286 audivimus,apudvos
995 5235 1061 5276 meo
1085 5214 1192 5274 auxilio
1221 5230 1344 5287 meaque
1372 5210 1519 5272 industrie
1538 5210 1755 5275 Ghncnrddnm
1771 5212 1854 5275 hot

113 5299 260 5374 requirere
271 5300 361 5372 impet
350 5301 482 5357 travisse.
491 5301 530 5357 De
546 5306 648 5358 coetero
659 5317 776 5373 quoque
792 5306 939 5374 optamus,
995 5313 1127 5381 tempore
1142 5305 1347 5378 imperatorem
1357 5307 1574 5362 assecreetnm
1575 5304 1622 5362 'l'u
1633 5298 1854 5383 qnippebiee

113 5391 156 5448 uti
172 5389 366 5446 universalem
383 5389 464 5445 decet
479 5390 649 5458 antistitem,
666 5407 717 5447 vos
731 5390 847 5447 aerius
839 5408 869 5447 m
880 5409 941 5449 cor·
997 5396 1073 5454 nosti
1085 5395 1163 5469 qood
1174 5392 1274 5451 nullus
1285 5391 1496 5466 imperatorum
1506 5393 1548 5451 ita
1555 5390 1851 5455 velociteromuent!

114 5480 243 5537 rectione
258 5493 292 5534 ac
306 5475 463 5550 disciplina
474 5482 620 5536 saneteet
608 5478 796 5553 tapostcliere
806 5479 940 5538 Ecclesia
996 5484 1184 5544 Germaniam
1194 5486 1282 5556 atque
1293 5480 1419 5552 ltaliam,
1427 5480 1504 5541 sicut
1516 5482 1650 5557 mesae
1660 5479 1840 5561 subjugarit

110 5570 219 5651 vigere,
236 5569 401 5642 aternoque
425 5584 459 5625 ac
483 5567 605 5627 feliciter
627 5568 732 5628 valere.
749 5569 816 5627 drot
830 5569 940 5646 quippe
995 5574 1110 5632 ditioni.
1126 5571 1207 5643 Novi,
1223 5570 1362 5644 inquiens
1389 5586 1477 5646 eger,
1488 5574 1518 5631 et
1541 5570 1656 5632 mirum
1679 5572 1733 5632 din
1755 5558 1835 5631 milii
