3884 6084
110 286 193 350 loos
562 278 759 351 sinuosus
782 274 1025 349 asseruistis
1049 281 1237 357 QllA'lUOR
1258 280 1379 351 abur.
1745 287 1822 351 tuot

109 421 276 477 Sabbatum
292 436 320 474 ιν
335 416 408 476 Non.
424 421 452 474 Si
468 437 503 477 ex
518 420 565 477 his
580 419 705 493 singulis
721 418 854 476 terminis
864 416 944 473 adhi·
957 415 986 484 A
1001 415 1106 473 Christi
1122 423 1192 474 suut
1207 435 1273 474 cum
1290 419 1371 491 ipso;
1384 422 1426 475 tot
1440 418 1528 475 etiam
1544 416 1732 477 hebdomadae
1745 419 1823 478 inre·

111 510 177 567 bita
200 511 419 581 computatione
441 510 476 566 ad
503 510 644 566 terminos
669 509 750 565 Junii
774 506 893 575 mensis,
916 510 944 562 et
999 505 1121 562 niuntur
1135 524 1152 562 a
1167 508 1263 580 primo
1288 507 1415 564 Sabbata
1436 508 1523 582 primi
1549 509 1658 566 mensis
1678 526 1772 583 usque
1788 510 1824 565 ad

111 599 223 656 iterum
234 598 271 655 ab
286 598 343 655 illis
357 598 731 671 adterminosSeptembris
743 600 942 669 perquatuor-
1000 599 1138 666 quartum
1167 596 1328 652 Sabbatum
1357 595 1461 652 decimi
1491 596 1611 654 mensis.
1641 597 1825 654 Consecratio

115 687 213 745 decim
227 687 429 744 hebdomadas
445 687 536 744 aciem
552 691 630 743 recte
640 685 944 759 dirigis,liquidoper-
999 683 1095 756 prima
1108 683 1271 740 celebratur
1285 684 1381 758 primo
1396 686 1525 742 Sabbata
1536 685 1622 759 primi
1639 686 1825 761 mensisque

113 776 231 834 videbis
247 777 276 833 in
293 782 397 850 quarto
413 794 465 834 seu
481 776 606 850 septimo
617 791 718 831 mense
728 779 848 848 quartas
859 773 945 830 ferias
1000 771 1085 844 quasi
1099 771 1129 828 in
1146 772 1207 830 loco
1228 774 1352 830 Abrahae
1368 779 1489 847 generat
1504 774 1663 831 Christum.
1678 775 1826 833 Abraham

111 868 201 941 juxta
217 865 262 923 sui
278 867 473 939 quantitatem
490 866 552 922 suis
568 864 705 922 Sabbatis
719 864 819 920 minus
833 864 944 928 deesse,
1000 862 1208 934 interpretatur
1229 871 1309 935 puter
1321 864 1474 920 muitarum
1491 865 1624 933 nentium,
1642 863 1689 920 cui
1714 864 1826 920 dictum

115 959 237 1029 excepto
252 955 553 1028 Septembri,quandc
568 955 630 1027 ipse
644 953 749 1027 incipit
763 953 836 1010 seria
848 969 875 1020 v,
891 950 946 1007 Ju-
1001 954 1046 1006 eat
1063 969 1070 1006 :
1084 952 1117 1006 ln
1143 955 1247 1009 semine
1271 960 1316 1009 tuo
1341 952 1533 1009 benedicentur
1558 969 1649 1009 omncs
1671 961 1775 1025 genus.
1796 950 1827 1010 si

117 1045 188 1102 nius
203 1061 242 1112 ru,
258 1045 381 1100 Martius
396 1062 438 1114 ιιι,
456 1043 545 1101 simul
562 1047 660 1100 autem
676 1042 841 1115 Septembri
857 1044 887 1097 et
897 1041 947 1096 Ju·
1002 1038 1068 1112 quis
1082 1045 1269 1097 consecratus
1285 1040 1389 1097 stetin
1406 1041 1517 1098 semine
1534 1040 1693 1098 multorum
1708 1058 1827 1099 conver-

116 1134 168 1192 nio
182 1152 189 1202 ;
201 1151 268 1190 cum
284 1133 360 1189 idem
377 1133 549 1206 September
563 1133 635 1189 seria
650 1149 688 1199 va,
705 1131 811 1187 lunius
825 1146 852 1197 v,
874 1130 948 1185 llar-
1002 1129 1127 1184 tentium
1143 1147 1195 1202 per
1210 1147 1264 1186 sua
1278 1129 1411 1202 exempla
1426 1130 1475 1211 ad!
1490 1131 1591 1198 Deum,
1609 1134 1653 1187 est
1667 1130 1761 1204 primo
1776 1147 1828 1204 pa-

117 1222 183 1279 tius
199 1240 236 1278 av.
255 1224 317 1288 Qua
333 1239 368 1278 cx
384 1239 413 1278 re
428 1221 551 1290 eveniat,
568 1219 704 1294 prudenti
726 1218 896 1276 calculatori
912 1218 947 1273 ad
1002 1218 1130 1274 triarcha
1146 1218 1292 1275 Abrabam
1306 1220 1423 1293 genitus
1436 1237 1442 1287 ;
1457 1224 1502 1275 cst
1517 1219 1614 1293 ipsum
1631 1237 1731 1277 semen
1747 1220 1828 1276 Gbri-

117 1311 324 1384 indagandum
339 1327 527 1383 nequaquam
540 1310 596 1366 erit
606 1308 733 1365 difficile.
1004 1306 1112 1374 stus,in
1129 1324 1186 1379 qno
1197 1308 1309 1363 semine
1320 1308 1500 1380 promissum
1511 1312 1556 1364 est
1565 1309 1685 1365 Abrahae
1695 1309 1828 1366 benedici

156 1400 198 1455 lla
212 1399 258 1456 bis
274 1399 412 1456 omnibus
427 1400 500 1455 ratio
516 1399 669 1454 manifeste
684 1397 767 1453 docet
785 1395 900 1452 firmius
916 1411 949 1450 ac
1005 1411 1107 1452 omnes
1122 1395 1303 1468 genteslpsa
1315 1397 1495 1454 consecratio
1509 1402 1641 1470 tempore
1654 1414 1744 1455 verno
1758 1397 1831 1455 cele·

119 1487 259 1546 stabilius
274 1486 347 1544 illud
363 1504 427 1545 esse
442 1486 781 1562 argumentum,quodex
793 1485 950 1541 hebdoma·
1004 1484 1116 1552 bratur,
1134 1485 1211 1557 quod
1237 1488 1354 1558 tempus
1380 1484 1477 1542 habile
1501 1490 1545 1542 est
1569 1486 1830 1560 procreationibus.

120 1576 227 1633 darum
243 1592 366 1632 numero
390 1574 546 1631 collectum
567 1591 719 1648 nunquam
746 1578 840 1641 nutat,
860 1589 950 1646 quam
1004 1572 1078 1630 Nam
1090 1577 1119 1629 et
1132 1574 1280 1630 Abraham
1295 1575 1382 1631 tertia
1396 1574 1756 1647 atateluithujusmundi,
1767 1593 1830 1649 quar

111 1649 202 1738 ¹quod
218 1681 252 1720 ex
268 1665 407 1721 feriarum
432 1663 666 1721 consideratione
686 1662 878 1735 capitulatum
895 1661 951 1717 ali·
1006 1666 1273 1735 atascomparatur
1284 1664 1565 1736 adulescentiaeque
1576 1662 1833 1738 babilisestgcnc-

120 1754 242 1827 quando
255 1752 383 1810 vacillat.
400 1754 439 1809 De
453 1769 553 1809 mense
570 1769 635 1808 aero
650 1752 764 1807 decimo
781 1748 853 1806 nihil
872 1749 949 1806 aliud
1007 1751 1111 1807 rationi
1129 1751 1266 1809 filiorum.
1283 1753 1418 1808 Secunda
1432 1753 1611 1810 consecratio
1624 1758 1668 1811 est
1683 1754 1711 1810 iu
1728 1758 1833 1826 quarto

122 1840 283 1898 dicendum
296 1846 349 1908 est,
368 1841 422 1896 nisi
440 1846 472 1896 ut
496 1840 661 1913 proximum
677 1845 744 1897 ante
765 1838 952 1895 Nativitatem
1008 1841 1834 1915 niense,secundoSabbatc,qucdestinitiumsecundica·

122 1929 241 1986 Domini
275 1947 391 2002 semper
420 1930 591 1985 obsecretur
619 1929 792 1997 Sabbatum,
820 1931 950 2000 excepto,
1007 1928 1834 2005 tologiquatuordecimhebdomadarumflaecdeputatur

123 2019 245 2092 quando
259 2018 360 2093 vigilia
375 2019 502 2075 evenerit
516 2019 544 2073 in
563 2018 634 2074 seria
648 2018 783 2090 septima.
1007 2018 1036 2073 in
1053 2019 1115 2073 loeo
1132 2018 1259 2074 saliorum
1283 2019 1383 2075 David.
1400 2019 1489 2075 David
1519 2019 1727 2092 interpretatur
1748 2038 1834 2077 rnunu

453 2115 570 2172 CAPUT
589 2115 619 2170 V.
1007 2107 1099 2181 fortis.
1117 2107 1181 2180 lpse
1198 2108 1355 2181 prostravit
1371 2107 1496 2178 Goliam,
1510 2108 1538 2163 id
1555 2108 1767 2178 est,humilitas
1784 2128 1834 2166 su-

194 2195 331 2254 Praetlt'ctu
346 2197 465 2268 amptius
481 2196 660 2252 illustrantur
674 2199 700 2251 et
713 2195 884 2251 roborantur.
1009 2197 1152 2269 perbiam.
1165 2195 1218 2260 Qui
1231 2201 1607 2270 consecrantur,propterea
1616 2202 1834 2269 consecrantur,

162 2285 196 2342 G.
214 2285 352 2352 Quamvis
378 2286 470 2341 oratio
499 2289 551 2340 tua
575 2283 648 2340 mihi
678 2285 857 2358 persuaserit
880 2283 954 2339 nihil
1010 2289 1043 2340 ut
1061 2285 1151 2341 fortes
1167 2285 1226 2340 sint
1240 2289 1269 2341 et
1283 2301 1336 2358 per
1351 2284 1548 2342 humilitatem
1574 2286 1714 2359 dejiciant
1733 2304 1835 2360 super-

123 2373 224 2431 verius
240 2391 303 2430 asse
319 2391 407 2446 quam
424 2375 501 2447 quod
518 2373 636 2442 asseris,
652 2373 755 2430 vellem
776 2379 873 2430 tamen
891 2390 954 2446 per·
1010 2374 1170 2446 biamlpsa
1186 2373 1352 2431 celebratur
1366 2375 1395 2430 in
1411 2374 1498 2431 Junio
1514 2391 1624 2444 mense,
1640 2376 1719 2449 quod
1744 2378 1838 2434 fervor

125 2463 226 2519 doceri
242 2480 301 2536 qua
318 2464 490 2520 auctoritate
506 2463 560 2519 hoc
572 2467 776 2535 argumentum
788 2479 823 2518 ex
834 2479 955 2518 numero
1010 2478 1137 2534 magnus
1150 2462 1220 2518 solis
1236 2467 1281 2519 est
1296 2478 1385 2536 super
1396 2464 1661 2524 terram.0mnibus
1676 2469 1778 2522 notum
1793 2470 1838 2523 est

127 2547 351 2624 quatuordecim
368 2551 618 2608 hebdomadarum
636 2551 785 2606 inventum
797 2551 891 2623 magis
906 2551 955 2606 de·
1010 2551 1100 2607 David
1114 2551 1286 2607 bellicosum
1303 2552 1394 2608 luisse
1416 2557 1444 2608 et
1465 2552 1549 2609 valde
1566 2553 1674 2610 arsisse
1689 2554 1718 2610 in
1734 2554 1836 2612 Marte.

127 2639 197 2697 beat
212 2657 277 2696 esse
294 2641 548 2714 ratum,prmcipue
563 2657 630 2696 cum
646 2646 673 2695 te
698 2640 833 2713 superius
849 2640 957 2696 dixisse
1010 2640 1139 2712 Tempus
1154 2639 1235 2696 Junii
1252 2645 1353 2712 aptum
1367 2646 1412 2697 est
1427 2641 1522 2697 bellis.
1539 2642 1636 2697 Tertia
1659 2643 1838 2699 consecratio

128 2729 265 2786 recorder
279 2728 352 2785 nibil
375 2731 404 2785 in
429 2730 636 2786 ecclesiasticis
661 2728 925 2785 consuctudinibus
940 2746 958 2782 a
1012 2728 1175 2784 celebratur
1191 2729 1220 2783 in
1236 2730 1428 2801 septembrio,
1445 2731 1530 2785 tertio
1548 2731 1684 2800 Sabbata,
1701 2732 1778 2803 quod
1794 2735 1839 2788 est

130 2818 243 2875 sanctis
257 2819 394 2874 Patribus
410 2836 474 2876 esse
486 2819 679 2874 constitutum
692 2818 769 2891 quod
786 2834 843 2873 non
860 2816 958 2889 aliqua
1013 2817 1130 2872 initium
1147 2817 1224 2873 tertii
1240 2817 1375 2890 catalogi.
1393 2818 1458 2874 llaec
1479 2819 1636 2891 deputatur
1659 2821 1839 2894 generationi

130 2907 245 2962 ratione
260 2907 298 2963 sit
313 2907 493 2963 roboratum.
1012 2904 1170 2961 Jechcniaa.
1186 2905 1344 2961 lechoaias
1369 2906 1579 2980 interpretatur
1601 2911 1766 2981 praeparatio
1788 2911 1839 2966 00-

167 2997 199 3052 B.
216 2994 282 3051 Scio
297 3011 343 3051 me
359 3012 410 3069 pro
427 2995 553 3052 certoita
568 2995 696 3052 dixisse:
713 2999 742 3051 et
758 3010 957 3067 quamverum
1013 2994 1088 3048 mirri
1103 3010 1110 3049 :
1128 2993 1260 3066 nullique
1274 2993 1437 3064 dubium,si
1449 3000 1674 3070 omnesoportet
1684 2997 1840 3071 preparari

133 3083 275 3141 sitetiam
304 3084 334 3139 in
364 3085 418 3140 hac
443 3103 482 3154 re,
512 3087 548 3141 de
576 3102 635 3157 qua
657 3101 787 3158 praesens
816 3087 960 3139 tractatus
1014 3082 1043 3137 in
1071 3073 1841 3158 adventuChristi,quinpotissimumeosquisaeraa·

132 3171 267 3241 babetur,
284 3190 343 3245 qua
358 3178 469 3247 potero,
493 3173 634 3231 brevitate
657 3191 691 3229 ex
705 3172 791 3229 dictis
810 3153 993 3244 maj0rumti
1010 3175 1067 3227 tur.
1084 3172 1151 3237 Ona
1166 3170 1444 3228 consecratiohabet
1461 3172 1548 3229 linem
1570 3174 1599 3228 in
1611 3173 1675 3246 ipsa
1686 3174 1841 3231 Nativitate

134 3262 243 3317 curabo
259 3262 471 3318 demonstrare.
489 3262 580 3335 lgitnr
603 3261 779 3330 baratarius,
794 3260 960 3318 divinorum
1015 3259 1207 3326 Christiouae
1223 3259 1380 3332 aliquando
1390 3261 1419 3316 in
1433 3261 1517 3317 tertia
1531 3262 1716 3320 hebdomada
1729 3264 1840 3333 linitur,

133 3349 298 3407 ciliciorum
327 3350 482 3423 indagator
511 3349 733 3419 solertissimus,
767 3351 853 3422 cujus
885 3349 963 3405 dieta
1015 3352 1138 3423 propter
1149 3348 1387 3423 anticipationem
1405 3350 1520 3406 dierum
1537 3351 1702 3409 Natiuitatis
1716 3352 1840 3423 Domini,

132 3438 346 3496 catholicorum
375 3440 503 3495 virorum
532 3439 685 3497 sententiis
700 3439 813 3512 fulgeat
836 3438 960 3507 mnnita,
1015 3442 1044 3495 et
1059 3437 1147 3494 habet
1158 3438 1295 3495 tredecim
1307 3439 1840 3515 hebdomadas,aliquandoinquarta,

133 3543 201 3584 eum
214 3528 251 3585 de
265 3528 375 3587 eisdem
401 3529 565 3602 disputaret
577 3527 711 3600 jejuniis,
736 3528 779 3584 sic
803 3527 879 3583 inter
904 3525 963 3583 alia
1016 3531 1135 3600 propter
1146 3529 1325 3595 tarditatem,
1341 3533 1370 3584 et
1391 3527 1480 3585 habet
1494 3530 1726 3602 quatuordeeim.
1742 3531 1843 3604 Neque

133 3616 207 3672 dicit
232 3617 284 3688 (De
313 3616 394 3692 Offic.
415 3618 495 3674 ecclc.
525 3616 576 3672 lib.
603 3631 634 3684 ιι,
661 3633 686 3671 c.
716 3614 866 3688 l):Primi
896 3631 963 3688 apc-
1016 3617 1071 3673 hoc
1086 3617 1150 3672 sine
1165 3616 1276 3673 ratione
1291 3621 1345 3674 est.
1362 3617 1436 3681 Quia
1451 3617 1475 3673 si
1492 3622 1678 3692 computetur
1692 3618 1842 3695 catalogus

133 3702 234 3761 stolici
250 3721 366 3779 semper
381 3705 408 3760 in
422 3705 590 3762 Decembris
602 3703 745 3773 mense,in
755 3720 813 3776 quo
822 3703 963 3759 Nativitas
1017 3704 1182 3761 novissimae
1197 3707 1459 3762 tesserecedecadis
1471 3709 1520 3778 (itu
1534 3708 1648 3778 cod.),et
1662 3706 1752 3764 semol
1762 3725 1842 3764 com·

133 3793 256 3850 Domini
283 3795 376 3850 nostri
402 3794 471 3850 Jesu
496 3794 602 3851 Christi
618 3793 793 3863 celebratur,
809 3809 963 3850 cousecra-
1017 3794 1310 3867 puteturlecbonias,
1327 3812 1384 3851 non
1410 3796 1539 3868 amplius
1564 3798 1753 3854 inveniuntur
1774 3813 1842 3854 cum

130 3882 232 3939 tiones
248 3883 457 3940 ministrabant
474 3901 567 3956 usque
583 3884 619 3938 ad
630 3882 827 3955 Simplicium,
843 3883 894 3955 qui
909 3881 964 3938 tuit
1017 3886 1081 3955 lpse
1096 3882 1210 3938 Christo
1225 3900 1314 3955 quam
1331 3883 1470 3939 tredecim
1493 3886 1705 3957 generationes.
1722 3886 1752 3942 Si
1779 3887 1842 3960 ipse

129 3972 249 4028 abeato
265 3971 348 4027 Petro
363 3971 609 4044 quadragesimas
632 3987 738 4027 nonus.
759 3969 824 4042 lpse
849 3969 964 4042 primus
1017 3970 1064 4027 bis
1078 3974 1273 4044 computetur,
1300 3972 1521 4043 quatuordecim
1549 3973 1748 4029 inveniantur.
1770 3998 1784 4026 s
1801 3977 1843 4031 lla

126 4061 314 4118 consecrarit
330 4060 360 4116 in
377 4061 543 4128 Februario,
560 4060 590 4116 ni
605 4058 860 4129 fallor,nullamob
875 4057 963 4115 aliam
1018 4058 1119 4127 habes,
1140 4059 1219 4131 quod
1244 4059 1317 4116 scire
1341 4058 1490 4131 cupiebas,
1514 4077 1574 4132 qua
1596 4059 1731 4118 videlicet
1753 4078 1844 4119 causa

126 4165 265 4217 causam,
283 4148 340 4205 nisi
357 4148 519 4204 intimando
536 4148 758 4222 conjungendos
768 4145 964 4221 propinquius
1018 4151 1224 4220 argumentum
1242 4150 1367 4219 quatuor
1377 4148 1560 4220 jejuniorum
1576 4166 1610 4206 ex
1635 4149 1746 4207 ratione
1771 4167 1842 4223 qua·

125 4235 240 4294 christi
256 4237 370 4310 corpori
386 4237 436 4310 qui
452 4255 503 4311 per
517 4253 633 4294 sacrum
650 4237 847 4293 ministerium
864 4252 964 4310 prove·
1017 4236 1179 4292 tuordacim
1195 4235 1446 4292 hebdomadarum
1458 4236 1497 4294 sit
1511 4236 1717 4311 colligendum.

127 4328 340 4400 huntur,quod
355 4326 435 4384 nullo
451 4327 538 4383 modo
555 4327 652 4383 satius
669 4326 730 4383 sseri
756 4330 860 4399 potest,
875 4342 964 4399 quam
1055 4326 1084 4383 G.
1102 4324 1218 4381 Gratias
1233 4324 1292 4381 Deo
1307 4342 1341 4382 ac
1365 4325 1416 4383 tibi
1441 4343 1495 4401 ago
1518 4326 1588 4400 quia
1601 4328 1644 4384 sic
1667 4328 1770 4386 habeo.
1786 4331 1843 4388 Sed

127 4416 155 4474 si
168 4432 223 4490 per
237 4432 287 4473 eos
301 4415 483 4489 patriarchas
496 4433 530 4472 ex
546 4415 656 4487 quibus
672 4420 759 4471 natus
774 4419 818 4471 est
832 4415 965 4471 Christus
1019 4431 1076 4472 non
1093 4415 1273 4471 infructuose
1297 4413 1393 4471 adbuc
1417 4417 1607 4488 quaerendum
1633 4418 1759 4475 arbitror
1772 4420 1843 4493 quid

128 4505 403 4581 genereatnr‚quod
413 4503 649 4577 impossibileest
660 4504 823 4560 secundum
835 4519 963 4570 carnem,
978 4525 1004 4594 D
1019 4505 1073 4561 hoc
1087 4503 1156 4560 velit
1168 4504 1245 4576 quod
1269 4503 1378 4560 dicitur
1394 4521 1400 4559 :
1417 4505 1449 4561 Si
1462 4506 1544 4562 semet
1565 4515 1736 4580 computetur
1749 4510 1843 4568 lecito·

130 4594 299 4653 secundum
313 4610 382 4650 vero
397 4594 533 4667 spiritum
545 4593 668 4666 dignum
684 4597 714 4648 et
728 4592 962 4661 babile;hocest:
1018 4596 1091 4662 nica,
1107 4609 1162 4649 non
1178 4593 1298 4665 amplius
1312 4594 1492 4651 intronisatur
1500 4612 1562 4652 cum
1573 4598 1630 4668 ipso
1643 4598 1750 4655 Christo
1762 4615 1845 4671 quarn

130 4688 166 4741 ut
189 4700 243 4756 per
266 4683 522 4756 interpretationes
548 4683 703 4738 nominum
728 4681 962 4754 patriarcharum
1021 4682 1152 4740 tredecim
1179 4684 1388 4753 generationem
1402 4685 1429 4740 si
1442 4692 1532 4740 cuum
1559 4687 1612 4754 bis,
1639 4687 1844 4759 quatuordecim

131 4777 298 4833 nascantur
313 4776 422 4841 mente,
440 4773 490 4845 qui
515 4770 690 4846 genealogiae
705 4769 812 4828 Christi
830 4770 967 4826 videntur
1020 4774 1210 4829 inueniuntur.

132 4861 314 4920 familiarius
330 4861 444 4919 ascisci.
460 4862 496 4916 st
509 4862 580 4933 quia
595 4861 790 4934 incongruum
814 4863 868 4926 est,
889 4859 967 4916 sicut
1056 4864 1089 4915 B.
1103 4863 1131 4915 S.
1147 4859 1331 4933 Augustinus
1346 4877 1436 4917 causa
1444 4862 1576 4935 mysterii
1592 4862 1725 4935 perhibet
1735 4863 1842 4921 laetum

133 4951 297 5023 unicuique
319 4949 499 5024 generationi
516 4948 676 5023 singularis
686 4947 968 5021 hebdomadadepu·
1000 4956 1006 4967 ·
1022 4964 1087 5005 esse
1103 4951 1135 5004 ut
1147 4948 1370 5022 Jecbonias‚qui
1385 4949 1592 5022 interpretatur
1611 4953 1780 5024 praeparatio
1791 4954 1843 5011 lto·

134 5045 226 5103 tatur,
244 5039 285 5095 ita
299 5055 351 5112 per
368 5054 608 5112 unamquamque
631 5037 847 5095 hebdomadam
865 5052 968 5093 conse·
1021 5039 1103 5109 mini,
1119 5037 1164 5094 bis
1179 5041 1351 5095 numeratus
1363 5038 1392 5094 in
1408 5039 1466 5095 line
1480 5038 1585 5110 prioris
1600 5044 1628 5097 et
1642 5040 1671 5096 in
1689 5040 1783 5115 eapite
1797 5059 1841 5099 se-

135 5129 297 5187 cretionem
312 5127 465 5195 celebrari,
481 5144 571 5186 causa
585 5126 758 5200 congruenti
773 5142 825 5199 per
848 5126 967 5198 singula
1019 5127 1137 5199 quentis
1151 5126 1274 5200 catalogi
1290 5131 1456 5199 poneretur,
1473 5126 1599 5201 lapidem
1614 5129 1797 5204 angularem,
1812 5131 1842 5189 id

134 5223 348 5291 temporaque
365 5217 519 5273 convenire
534 5214 826 5290 possuntvirtutibus
840 5215 964 5271 etintcr-
1019 5220 1073 5284 est,
1089 5215 1235 5272 Christum
1259 5216 1440 5289 significans,
1457 5217 1486 5273 in
1506 5234 1565 5290 quo
1580 5219 1753 5292 preparavit
1767 5224 1844 5278 Deus

135 5306 351 5383 pretationibue
362 5306 595 5380 patriarcharum
609 5302 660 5378 qui
673 5304 703 5359 in
714 5303 845 5361 articulis
859 5319 965 5378 genea-
1019 5306 1103 5362 Pater
1116 5306 1190 5362 duos
1200 5304 1324 5379 populos
1340 5305 1424 5377 quasi
1436 5305 1561 5379 parietes
1576 5307 1606 5363 in
1618 5324 1707 5366 unam
1719 5309 1843 5384 jungere

135 5397 219 5471 logias
236 5394 322 5469 positi
338 5399 417 5465 sunt,
434 5393 613 5452 consecratio
639 5393 813 5450 celebratur.
836 5396 892 5449 Per
905 5397 964 5449 tres
1019 5395 1148 5451 domum.
1167 5395 1340 5466 Quanquam
1359 5393 1462 5452 beatus
1477 5395 1672 5470 llieronymus
1686 5396 1756 5453 vitio
1770 5398 1842 5453 scri-

134 5491 263 5545 tesseres
276 5486 327 5559 (ric
340 5484 411 5556 cod.)
427 5485 551 5543 decadas
566 5482 708 5540 annuales
719 5481 795 5538 fiunt
805 5481 964 5540 hebdoma·
1018 5488 1136 5559 ptorum
1151 5486 1180 5538 et
1191 5481 1375 5556 longitudine
1397 5487 1563 5558 temporum
1585 5485 1661 5543 inter
1675 5484 1790 5544 Grecos
1814 5488 1843 5544 et

135 5575 179 5636 de
203 5591 273 5633 ana.
296 5574 350 5632 Tot
376 5573 578 5650 generationes
603 5573 766 5633 seeundum
792 5571 962 5631 Mattbaam
1019 5574 1137 5633 Latinos
1153 5571 1308 5632 contusum
1324 5589 1388 5634 esse
1413 5578 1520 5647 narret,
1546 5578 1575 5633 et
1595 5578 1718 5653 patrem,
1741 5573 1792 5655 qui
1811 5572 1841 5635 in
