3884 6084
110 298 189 360 1253
650 291 925 364 PANEOYRIOUS
947 294 1106 360 HENRlOl
1128 298 1169 360 lll
1190 294 1272 360 the.
1736 294 1815 360 lffbl

109 429 189 487 Alter
203 432 270 502 post
284 427 433 487 Christum
449 427 524 502 regit
537 429 637 485 orbern
653 429 767 486 circiter
783 430 883 487 istum.
950 430 1027 499 Ast
1042 429 1077 486 de
1092 428 1274 502 principibus
1288 445 1454 486 sermonem
1469 433 1597 486 creverat
1611 446 1694 487 usus.

111 519 211 592 lpsum
226 516 392 582 laudemus,
409 532 477 572 nam
493 534 596 573 causas
612 516 708 575 laudis
725 517 878 575 habemus.
989 518 1146 592 Nunquam
1162 517 1205 574 sic
1219 517 1305 574 hbuit
1319 535 1497 592 quemquam
1514 516 1633 575 laudare
1648 523 1797 592 potcutcrn

110 608 145 663 ct
160 606 230 663 Pius
245 605 398 665 Heinricus
411 622 462 678 per
476 622 530 662 nos
544 606 631 662 modo
646 607 685 662 sit
699 607 880 676 benedictus,
990 607 1026 663 Ut
1041 607 1195 664 domiuum
1210 623 1320 680 rogem,
1336 624 1422 681 quem
1439 607 1536 681 prodit
1551 607 1647 664 nobile
1662 624 1769 665 nomen

109 695 250 753 Versibus
265 694 403 767 inprimis
419 695 541 766 repetito
557 695 676 752 nomine
692 695 780 768 regis,
990 695 1127 763 lleiurici,
1142 700 1274 752 vetorum
1288 696 1325 752 de
1339 713 1446 770 magno
1461 696 1591 769 germine
1607 695 1739 753 ductum.

110 784 147 841 Ut
162 783 276 857 quoties
292 784 387 839 saneti
403 787 527 856 surgant
541 800 593 856 pro
608 800 674 858 rege
688 785 793 853 vocati,
990 784 1049 840 Rex
1064 784 1116 839 tibi
1133 789 1297 852 cantamus,
1313 784 1365 840 tibi
1382 783 1479 841 laudis
1494 785 1571 841 dona
1583 801 1733 858 paramus.

111 874 171 930 Rex
183 871 269 930 toties
283 872 398 928 Christo
413 872 526 945 placeat
540 873 576 929 de
590 873 708 930 nomine
722 873 820 931 misto.
990 871 1104 946 Accipe,
1118 872 1154 928 do
1168 871 1277 929 uostris
1292 876 1326 929 ut
1337 871 1416 929 vivas
1430 876 1566 930 mortuus
1579 872 1662 930 actis.

111 963 172 1020 Rex
185 961 318 1018 Heinrice
332 962 390 1018 Deo
406 977 507 1035 regum
524 960 718 1019 charissimus
733 967 795 1020 esto
991 961 1049 1018 Nos
1062 978 1181 1035 operam
1197 961 1344 1029 dabimus,
1361 978 1419 1035 quo
1434 962 1528 1034 possit
1542 962 1638 1020 dicere
1652 963 1791 1031 mundus,

112 1051 171 1108 Rex
182 1050 316 1106 Heinrice
333 1050 386 1123 pia
402 1051 596 1107 charissimus
611 1056 674 1107 esto
689 1052 797 1107 Maria.
992 1050 1108 1106 Tertius
1123 1049 1275 1107 Heinricus
1291 1050 1347 1106 luit
1360 1048 1429 1106 olim
1445 1050 1526 1123 pacis
1542 1051 1665 1109 amicus.

111 1139 171 1196 Rex
186 1138 319 1196 Heinrice
333 1139 400 1195 duci
415 1139 539 1196 dilectus
555 1140 594 1196 sit
608 1140 754 1215 Michaeli.
993 1139 1082 1196 Fama
1097 1139 1144 1195 sui
1158 1139 1255 1196 meriti
1269 1139 1419 1212 superabit
1434 1143 1567 1212 tempora
1582 1140 1696 1197 mundi.

112 1229 173 1284 Rex
187 1227 320 1284 Heinrice
336 1228 412 1301 polis
427 1228 614 1302 splendescas
631 1229 708 1286 l'onte
722 1231 855 1287 loannis.
992 1228 1040 1285 Sic
1054 1228 1107 1285 tibi
1120 1228 1262 1301 cantabit,
1279 1244 1367 1303 quem
1382 1229 1512 1286 muudus
1528 1229 1624 1286 adhuc
1638 1230 1798 1302 generabit.

112 1317 171 1373 Rex
186 1316 319 1373 Heinrice
331 1323 401 1373 tuus
414 1317 454 1374 sit
463 1318 576 1389 janitor
590 1318 696 1374 aethere
709 1319 821 1376 Petrus.
992 1318 1063 1388 (e7)
1078 1317 1179 1373 Nonne
1193 1316 1248 1372 tibi
1263 1317 1367 1374 merito
1383 1316 1481 1391 magni
1497 1317 1641 1374 debentur
1655 1319 1791 1390 honores,

112 1404 173 1461 Rex
187 1405 321 1461 lleinrice
335 1405 404 1462 boni
420 1406 559 1462 tefirmet
573 1406 697 1479 epistola
711 1406 804 1465 Pauli.
992 1407 1086 1478 Atque
1101 1407 1181 1463 lavor
1195 1406 1307 1479 populi,
1324 1410 1392 1480 post
1407 1407 1506 1463 omnia
1523 1407 1616 1480 portio
1632 1405 1721 1463 colit

113 1495 172 1550 Rex
187 1493 320 1550 Heinrice
336 1500 402 1550 tuos
417 1495 549 1551 Andreas
564 1495 671 1568 dirigat
686 1501 780 1554 actus.
993 1495 1067 1551 Nam
1081 1495 1189 1552 charus
1202 1493 1311 1567 populo
1327 1494 1438 1568 placuit
1452 1495 1614 1568 sepissime
1630 1495 1746 1553 Christo

112 1583 173 1639 Rex
187 1582 320 1639 llcinrice
336 1599 436 1655 preces
452 1583 505 1640 hoa
520 1588 602 1640 curet
615 1583 696 1659 virgo
709 1587 848 1642 loannes.
993 1585 1083 1650 Quem
1097 1599 1195 1657 regern
1211 1582 1278 1639 tulis
1292 1584 1433 1640 virtutum
1449 1584 1532 1655 copia
1546 1583 1662 1641 lustrat.
1842 1650 1848 1663 ¹

114 1672 173 1727 Rex
185 1671 317 1728 Heinrice
329 1672 458 1728 Thomas
472 1677 500 1728 ts
514 1677 607 1729 vertat
622 1674 650 1728 iu
662 1675 834 1748 omnequod
844 1675 939 1731 estias
993 1672 1132 1745 Nunquid
1148 1672 1231 1729 abest
1245 1671 1357 1745 aliquid
1372 1673 1450 1745 quod
1465 1672 1542 1745 regis
1558 1672 1651 1747 gloria
1665 1673 1798 1748 querat?

114 1760 174 1816 Rex
189 1759 321 1816 Heinrice
336 1764 407 1817 tuus
422 1761 461 1818 sit
474 1761 578 1818 ductor
592 1762 629 1818 ad
645 1762 705 1819 alta
715 1762 878 1837 Philippus.
994 1760 1099 1817 Omnia
1113 1776 1165 1833 spe
1179 1760 1224 1817 vel
1239 1778 1270 1818 re
1284 1767 1427 1818 venerunt
1441 1762 1595 1818 commoda
1610 1778 1662 1835 per
1675 1767 1714 1819 te.

115 1849 175 1905 Rex
187 1848 319 1906 Heinrice
334 1867 419 1922 pares
433 1850 533 1907 Jacobi
549 1851 610 1907 siut
624 1855 652 1908 te
668 1852 853 1910 redimentes.
995 1849 1025 1906 si
1041 1849 1169 1922 petimus
1186 1865 1299 1923 pacem,
1313 1854 1344 1905 tu
1360 1865 1420 1918 rex,
1438 1850 1621 1923 prestaveris
1636 1849 1738 1921 illam;

115 1937 176 1993 Rex
189 1936 322 1994 Heinrice
337 1937 395 1994 Deo
411 1937 528 2011 placeas
542 1938 689 1996 tribuente
704 1941 850 1997 Matthreo.
995 1938 1024 1993 Si
1041 1937 1177 2011 cupimus
1192 1936 1313 2006 bellum,
1329 1943 1360 1994 tu
1376 1955 1425 1995 rex
1441 1939 1625 1996 commiseris
1640 1938 1729 2009 illud;

115 2025 176 2081 Rex
190 2024 322 2082 Heinrice
335 2030 420 2103 ‘tuam
438 2027 538 2083 Simon
555 2028 723 2085 corroboret
737 2028 845 2086 aulam.
995 2025 1077 2092 Ouod
1093 2025 1118 2082 si
1132 2025 1299 2093 consilium,
1316 2031 1347 2082 tu
1364 2044 1413 2083 rex
1427 2027 1511 2083 dabis
1524 2026 1595 2084 utile
1610 2028 1737 2086 multum
1751 2046 1758 2086 :

115 2113 175 2170 Rex
190 2113 322 2171 Heinrice
337 2115 416 2188 pianr
431 2116 574 2172 'l'addaaus
590 2115 639 2172 det
653 2114 707 2172 tibi
722 2117 822 2172 vitam.
996 2115 1026 2172 Si
1043 2114 1178 2172 volumus
1191 2114 1334 2181 studium,
1346 2119 1376 2170 tu
1392 2131 1441 2172 rex
1456 2116 1546 2172 decus
1560 2133 1592 2172 es
1606 2117 1783 2175 studiorum.

115 2205 175 2262 Rex
190 2204 323 2263 Heinrice
338 2206 429 2261 Deum
445 2209 545 2262 teneas
560 2223 612 2279 per
626 2206 881 2264 Bartholomaeum.
996 2205 1104 2261 Omnes
1119 2204 1275 2260 munillcos
1288 2208 1319 2259 tu
1336 2221 1384 2260 rex
1399 2202 1562 2276 precellere
1578 2205 1664 2261 nosti.

115 2293 176 2350 Rex
189 2292 322 2351 lleinrice
335 2295 397 2351 vias
412 2295 464 2351 tibi
481 2299 624 2368 preparet
636 2312 685 2352 ore
700 2295 836 2354 Mathias.
882 2342 885 2349 .
996 2293 1074 2349 lnter
1085 2292 1243 2349 clementes
1257 2297 1289 2349 tu
1305 2309 1354 2350 rex
1369 2293 1542 2350 clementior
1557 2298 1664 2351 exstas.

115 2382 175 2438 Rex
191 2382 236 2455 pie
249 2399 316 2438 cum
332 2383 479 2455 Stephano
495 2383 535 2440 sis
550 2382 633 2440 laetus
649 2401 765 2457 scmpcr
780 2385 809 2440 iu
826 2385 896 2456 alto,
995 2383 1043 2439 Sic
1058 2382 1244 2455 castigandos
1259 2387 1302 2449 tu,
1319 2399 1378 2449 rex,
1395 2382 1507 2439 ratione
1522 2383 1663 2458 flagellas.

116 2472 215 2544 'l'eque
230 2487 314 2543 pares
326 2471 465 2545 Steph’aui
484 2472 655 2527 benedicant
669 2473 770 2528 ordine
785 2473 892 2530 cuncti.
996 2470 1142 2544 Quidquid
1158 2470 1188 2527 in
1201 2470 1341 2528 humanis
1352 2471 1487 2528 consistit
1502 2473 1635 2531 moribus
1650 2475 1737 2547 aqui,

116 2559 177 2616 llex
192 2560 266 2617 bone
280 2559 418 2617 Silvester
432 2560 483 2616 tibi
497 2561 535 2616 sit
547 2577 599 2634 per
613 2560 719 2617 secula
733 2563 843 2632 dexter,
997 2560 1056 2617 lloc
1072 2560 1149 2616 Deua
1165 2565 1216 2617 aut
1230 2565 1324 2619 totum
1340 2560 1384 2617 vel
1400 2566 1511 2634 portem
1528 2562 1658 2618 condidit
1672 2563 1702 2618 ln
1717 2567 1755 2619 te.

117 2650 216 2722 'l'eque
229 2650 274 2706 sui
290 2650 361 2706 socii
378 2649 551 2707 benedicant
564 2650 665 2706 ordine
680 2652 776 2708 cuncti
997 2651 1091 2715 Onam
1106 2649 1236 2723 prudeus
1251 2649 1356 2721 opifex,
1373 2649 1424 2722 qui
1438 2650 1593 2706 commoda
1607 2650 1740 2709 materiei

117 2737 287 2812 Virginibus
303 2739 395 2794 sacris
410 2738 524 2811 placeas
540 2755 574 2794 ex
589 2739 727 2796 omnibus
742 2739 827 2805 actis,
997 2737 1091 2810 ltlegit
1105 2737 1245 2810 primum,
1261 2737 1297 2792 de
1312 2753 1372 2809 qua
1387 2736 1464 2793 bona
1478 2741 1560 2794 tauta
1575 2743 1707 2812 pararet;

118 2826 227 2883 Omnes
241 2831 269 2883 te
284 2827 376 2883 sancti
394 2827 539 2884 redimant
553 2827 589 2883 de
604 2827 726 2884 crimine
741 2828 863 2884 mundi:
998 2828 1090 2892 Quem
1105 2825 1140 2881 de
1154 2828 1240 2897 geute
1254 2825 1349 2881 virum
1365 2825 1508 2882 Dominus
1519 2826 1698 2886 discerneret
1713 2832 1823 2900 auctor,

118 2915 165 2972 Sit
178 2933 227 2972 rex
242 2921 411 2973 sauctorum
426 2917 522 2973 lantoc
536 2922 606 2973 tuus
621 2921 710 2989 utque
725 2921 842 2973 tuorum
998 2915 1052 2979 Oui
1068 2915 1141 2970 toret
1154 2913 1276 2985 imperio
1291 2913 1378 2969 modo
1395 2919 1462 2986 post
1476 2915 1536 2972 beo
1552 2915 1647 2990 aptior
1658 2916 1733 2976 istol

118 3003 185 3060 Haec
200 3004 263 3074 tibi,
280 3021 339 3071 rex,
357 3005 446 3061 Muses
462 3009 616 3062 cantamus
630 3022 698 3062 voce
713 3023 829 3073 sonora,
999 3004 1114 3070 Forma,
1131 3019 1236 3076 genus,
1253 3001 1383 3076 probitas
1398 3005 1576 3061 concordant
1591 3006 1691 3062 omnia
1704 3007 1779 3080 regi;

117 3094 213 3166 Atque
225 3093 332 3150 chorus
348 3099 448 3150 noster
462 3099 581 3150 renovat
595 3099 646 3150 tua
666 3094 797 3150 carmina
811 3111 942 3168 semper;
999 3093 1105 3150 Omnia
1118 3091 1306 3159 conveniunt,
1322 3096 1502 3148 concurrunt
1517 3099 1622 3151 cuncta
1637 3111 1690 3168 per
1702 3095 1798 3166 illum,

119 3181 158 3239 Ut
169 3181 222 3238 tibi
234 3181 300 3238 laus
315 3188 436 3250 crescat,
453 3184 524 3239 dum
540 3182 583 3239 sol
600 3188 627 3239 et
643 3183 713 3240 luua
728 3188 867 3257 patescat,
958 3167 981 3234 C
1000 3181 1087 3239 Solus
1097 3181 1185 3238 habet
1195 3184 1300 3247 totum,
1316 3182 1393 3254 quod
1411 3180 1511 3255 plures
1526 3187 1646 3240 auxerat
1660 3183 1741 3242 olim.

118 3271 177 3327 Nos
193 3270 298 3327 damus
313 3271 442 3328 officium
459 3289 517 3345 quo
532 3276 643 3328 creseat
658 3271 752 3346 gloria
767 3289 876 3340 rerum,
998 3269 1093 3339 Salve,
1109 3274 1188 3327 certa
1203 3269 1287 3341 quies
1303 3269 1478 3343 populorum
1495 3275 1625 3345 tempore
1641 3278 1741 3330 nostro
1758 3290 1764 3329 :

118 3359 160 3415 llx
170 3358 278 3417 nostris
293 3358 378 3417 donis
391 3359 582 3417 manifestant
595 3361 683 3417 verba
698 3360 836 3431 hieronis,
998 3358 1092 3425 Salve,
1110 3375 1165 3431 pav
1178 3358 1266 3424 orbis,
1283 3359 1387 3414 muudi
1403 3358 1564 3416 fortissima
1575 3361 1676 3428 turris,

119 3449 194 3515 Ouid
208 3448 275 3522 pius
289 3447 389 3517 AEoas,
405 3449 476 3522 quid
491 3451 609 3506 Turnus
624 3455 723 3523 posset
736 3453 766 3506 in
783 3449 882 3506 armis.
998 3449 1101 3505 Hostes
1117 3447 1250 3504 Ecclesia
1266 3464 1330 3520 quae
1345 3448 1454 3505 sternis
1469 3464 1585 3522 semper
1600 3450 1734 3522 abuude;

119 3536 231 3594 Fistula
245 3539 396 3594 Musarum
413 3537 514 3594 Flacco
529 3539 688 3595 dictaverat
701 3540 783 3607 odas,
998 3536 1080 3593 Unde
1094 3537 1139 3594 sui
1155 3536 1259 3609 capitis
1272 3537 1403 3594 mundus
1418 3537 1550 3610 previdit
1561 3539 1714 3596 honorem.

119 3625 157 3683 Ut
170 3626 357 3683 Maecenatem
373 3627 490 3684 lecisset
501 3627 588 3683 laude
599 3644 767 3700 perennem.
998 3627 1042 3683 'l'u
1059 3629 1146 3699 caput
1160 3641 1191 3682 es
1207 3623 1322 3694 mundi,
1338 3629 1426 3698 caput
1441 3630 1486 3682 est
1499 3626 1551 3683 tibi
1564 3630 1660 3685 rector
1674 3627 1801 3703 Olympi,

118 3715 184 3772 llaec
196 3715 297 3772 eadem
314 3716 413 3773 docuit
429 3717 579 3773 Lucanum
596 3715 692 3773 dicero
706 3716 793 3781 bella,
998 3714 1089 3786 Cujus
1105 3715 1237 3770 membra
1251 3713 1329 3787 regis
1340 3714 1422 3793 justo
1436 3715 1636 3772 moderamine
1652 3716 1736 3791 logis.

119 3804 241 3861 Caesaris
256 3808 285 3860 ct
299 3805 398 3878 magni
414 3821 478 3878 qua
489 3806 596 3862 durant
611 3804 716 3861 ultima
731 3805 819 3863 secli.
999 3803 1084 3860 'lalcs
1099 3802 1161 3858 vult
1176 3802 1329 3871 Dominus,
1346 3802 1454 3874 quibus
1470 3809 1514 3860 est
1534 3804 1594 3861 hac
1618 3807 1747 3864 maxima
1768 3808 1826 3864 vir·

119 3892 159 3948 Ex
175 3892 284 3949 uostris
297 3893 418 3950 monitis
434 3894 557 3950 callebat
568 3895 679 3950 Statius
695 3898 796 3951 auctor
1545 3891 1552 3899 ’
1756 3899 1826 3966 [tus,

120 3982 275 4038 Thebanos
286 3983 410 4054 juvenes
424 3983 539 4039 miseris
555 3983 719 4039 discernere
734 3983 872 4039 tlammis.
999 3981 1081 4038 Mens
1095 3978 1217 4036 humilis
1232 3979 1441 4049 multum,cum
1457 3997 1517 4053 qua
1532 3985 1559 4037 te
1571 3981 1707 4039 novimus
1717 3987 1825 4041 ortum.

119 4070 245 4127 Nasonis
257 4071 391 4127 studium
408 4075 487 4128 totus
503 4072 674 4128 recitaverat
687 4072 777 4139 orbis,
999 4069 1144 4126 Cervicem
1161 4085 1282 4142 pronam
1300 4070 1381 4126 decet
1395 4076 1546 4142 acceptare
1561 4087 1710 4128 coronam.

119 4159 159 4214 llx
174 4158 284 4214 uostris
299 4158 377 4215 curis
393 4158 506 4215 ornavit
522 4161 632 4234 scripta
645 4161 757 4234 figuris.
1000 4160 1059 4215 Rex
1075 4158 1319 4227 humilisorescit,
1335 4159 1450 4231 quoties
1460 4159 1571 4219 oriente
1586 4160 1689 4219 diescit

119 4246 249 4321 Regibus
262 4246 392 4320 antiquis
408 4247 509 4304 laudes
524 4250 707 4308 cantavimus
721 4248 803 4306 olim.
999 4250 1034 4305 Et
1044 4248 1122 4305 cadit
1137 4247 1241 4315 elatus,
1257 4264 1374 4321 semper
1387 4246 1488 4305 sevire
1502 4253 1632 4322 pacatus.

860 4421 1078 4495 El’lLOGUS.

118 4576 257 4635 Carmina
267 4578 429 4647 Musarum,
446 4596 505 4648 rex,
521 4578 637 4655 perlege
652 4597 745 4655 pauca
759 4584 888 4650 tuarum,
957 4582 982 4650 D
999 4579 1050 4637 llic
1066 4579 1151 4637 nobis
1165 4579 1238 4635 istos
1251 4578 1397 4651 persuasit
1412 4579 1547 4636 claudere
1561 4596 1673 4637 versus.

118 4667 162 4723 Sit
173 4666 256 4723 locus
271 4666 318 4722 hic
334 4666 400 4723 aliis
415 4668 468 4724 tibi
484 4669 604 4725 reddere
619 4668 720 4725 munia
735 4669 842 4725 laudis.
997 4669 1043 4725 Sis
1059 4668 1174 4725 Christo
1190 4684 1276 4736 curce,
1294 4669 1340 4741 pie
1355 4668 1415 4724 ch
1431 4668 1586 4741 Oasarque
1601 4669 1709 4725 future.

118 4754 226 4829 Wippo
241 4760 311 4812 tuus
326 4756 456 4814 famulus
471 4758 496 4813 si
511 4756 573 4813 vult
587 4759 742 4814 defendere
757 4763 883 4831 tempus,
996 4759 1033 4814 Et
1046 4756 1125 4814 vivas
1139 4773 1230 4814 sanus
1245 4763 1368 4814 centeno
1384 4764 1514 4830 tempore
1531 4773 1633 4814 cauus.

118 4842 155 4899 Ut
170 4843 279 4901 scribat
295 4844 366 4918 regi,
383 4844 459 4917 quod
476 4843 522 4901 lex
536 4845 688 4902 dictaverit
702 4844 755 4912 illi,

590 5019 766 5091 cathon
794 5019 914 5091 LEGlS
940 5019 1022 5092 PRO
1049 5019 1190 5091 thuna
1217 5017 1353 5090 REGIS.

117 5175 160 5231 Ad
177 5176 254 5249 ragis
269 5175 372 5231 laudes
388 5175 445 5232 Lex
459 5175 561 5233 ambas
574 5175 659 5250 erigit
673 5194 770 5234 aures.
999 5177 1051 5233 llis
1066 5176 1138 5233 mibi
1155 5176 1194 5232 sit
1207 5175 1312 5243 verbis,
1331 5174 1409 5247 quod
1424 5190 1489 5232 rore
1503 5173 1666 5232 virentibus
1680 5173 1780 5232 herbis

119 5261 154 5319 Ut
169 5270 283 5337 segetes
299 5263 416 5337 pluviis,
434 5265 475 5322 sic
490 5280 588 5321 cresco
602 5264 739 5321 laudibus
754 5265 828 5322 istis.
999 5265 1119 5330 Ouaudo
1134 5264 1197 5321 dies
1212 5264 1291 5320 verni
1308 5264 1487 5336 reparabunt
1500 5263 1608 5338 gaudia
1622 5263 1735 5320 muudi.

117 5352 181 5408 Nou
197 5352 265 5425 plus
281 5352 390 5410 mulcet
405 5369 476 5427 apes
490 5352 618 5410 mellitos
632 5353 762 5411 lambere
777 5355 873 5421 Ocres,
999 5354 1074 5418 Ouid
1089 5352 1184 5410 satius
1198 5353 1278 5426 Legi,
1294 5369 1383 5425 quam
1400 5353 1496 5409 dicere
1510 5353 1582 5410 talia
1596 5353 1680 5428 regi‘l

117 5442 212 5506 Ouum
226 5458 273 5498 me
286 5441 351 5500 laus
366 5442 453 5515 regia,
470 5458 529 5515 qua
543 5447 658 5500 constat
673 5443 768 5517 pactio
784 5442 866 5516 legis.
1000 5440 1094 5509 Salve,
1112 5441 1165 5498 llos
1180 5442 1290 5514 patrie,
1310 5458 1369 5515 quo
1385 5440 1513 5499 fructum
1528 5442 1609 5517 pacis
1623 5440 1731 5499 habere

152 5574 220 5653 (et)
236 5576 268 5635 lu
283 5556 340 5637 ms.
356 5576 417 5639 hec
431 5578 466 5637 ed
483 5577 647 5659 marginem
662 5582 745 5639 erant
762 5593 769 5638 ι
786 5577 892 5638 Suasio
906 5591 1000 5639 esoce.
