3884 6084
68 252 148 321 tter
552 254 603 319 ΒΕ
624 253 745 321 teuta
767 252 911 319 Pseud.
934 253 984 318 ut
1004 254 1119 319 UAN'l'.
1144 256 1290 324 nubat..
1695 257 1775 329 titt

65 388 177 447 uerterd
201 386 337 446 eantare
359 387 545 462 captiuitatem
566 387 654 463 plebis
679 403 747 449 sue.
762 386 805 446 ltli
830 385 931 463 pri-A
981 386 1078 447 laillo
1094 388 1208 465 psalmo
1224 408 1231 449 :
1248 391 1537 467 Salouramesacpbi
1553 393 1771 457 noscerimus:

65 494 150 539 num
166 494 284 535 versum
299 477 506 550 subsequentis
518 477 623 550 psalmi
630 478 672 536 ita
681 478 789 535 finiunt
800 496 806 534 :
818 479 852 535 dt
861 479 892 535 in
947 478 1059 551 Operuit
1073 482 1197 553 confusio
1210 483 1311 554 sociem
1324 499 1412 540 mam
1419 502 1431 549 ;
1442 481 1485 539 illi
1501 499 1507 539 :
1526 482 1638 557 Operuit
1649 502 1774 545 momen·

61 571 164 626 uirtute
176 575 224 625 tan
239 567 327 624 litera
340 584 397 629 me:
414 584 468 623 nos
482 584 548 624 vero
566 570 619 625 :Et
635 571 665 625 iu
678 570 779 625 uirtute
790 567 892 639 tauja·
946 570 989 626 tia
1001 570 1102 641 [aciem
1123 587 1228 639 meam·
1244 589 1298 628 nos
1314 589 1321 628 :
1339 577 1494 629 extraneus
1515 576 1605 645 suctus
1626 592 1689 632 snm
1712 579 1773 649 {ra-

64 659 129 716 diea
149 674 203 713 nie.
228 656 273 713 Illi
301 660 421 713 cantant
450 674 457 714 ε
488 658 608 722 decadi,
631 659 711 724 lteus,
740 666 892 714 oroteonern
947 658 1113 715 tritusmcis
1127 668 1153 715 et
1164 664 1325 732 pereprinus
1339 663 1514 731 filiismatris
1533 678 1618 731 mecm
1637 664 1679 719 illi
1695 683 1705 721 :
1720 667 1773 732 llo

63 764 167 815 mam,
182 750 210 804 et
223 763 257 803 ne
270 745 424 818 despexeris
437 746 654 818 deprecationem
663 764 764 814 racana
782 747 891 812 intende
945 762 1004 819 spes
1017 749 1087 820 filiis·
1102 752 1199 805 matris
1212 751 1326 807 nramln
1342 750 1393 806 illo
1408 750 1522 824 psalma
1537 770 1544 808 :
1560 753 1774 825 Deasjudicium

64 840 95 894 in
110 853 155 894 nte
166 840 193 893 et
206 835 309 893 cacmli
322 852 445 891 macnus
457 851 523 891 vero
533 852 540 891 :
552 836 664 895 inuade
675 835 746 891 milei
754 840 780 891 et
789 835 891 892 eraudi
947 838 1006 907 repi
1019 835 1109 903 dn,illi
1124 842 1234 894 canunt
1251 854 1258 894 ε
1275 840 1372 895 Omnes
1386 856 1462 911 repes
1477 849 1569 909 terrm,
1581 857 1672 898 omnes
1682 852 1774 915 penes

62 944 119 983 νυ».
136 925 285 981 lacedem
301 924 425 998 psalmo,
440 924 490 980 ubi
505 923 548 980 illi
564 924 755 981 modulantur
774 942 781 981 ε
804 927 894 982 Tirnor
946 927 1064 982 servient
1077 927 1118 993 ei;
1132 943 1186 983 nos
1202 944 1208 983 :
1226 926 1323 984 Omnes
1336 932 1429 998 pentes
1442 930 1559 987 servient
1573 932 1610 986 ei.
1626 935 1659 985 ln
1670 932 1772 989 eodem
1793 990 1799 995 ,

62 1020 206 1073 ottrentae
219 1022 352 1071 cernerent
365 1030 447 1085 super
460 1030 503 1069 nse
516 1021 542 1070 et
555 1018 742 1073 contorserunt¹
756 1031 798 1070 me
822 1018 894 1071 tene·
946 1013 1018 1071 dicit
1041 1019 1072 1069 Β.
1096 1015 1287 1088 {lieronymus
1313 1033 1320 1071 :
1347 1017 1507 1074 Benedictus
1532 1021 1675 1085 Dominus,
1703 1021 1774 1077 Deus

63 1106 143 1171 brem·
155 1120 208 1159 aas
222 1120 229 1158 ε
247 1103 337 1158 Tirrsor
350 1111 376 1158 et
388 1110 490 1158 tremor
501 1104 578 1159 venit
589 1119 673 1174 super
693 1120 747 1170 mc,
762 1112 789 1159 et
800 1108 892 1159 conm—
945 1102 1039 1167 lsrael,
1055 1103 1150 1159 dictus
1164 1103 1192 1159 in
1208 1107 1305 1161 Graeco
1320 1107 1389 1163 Ueus
1403 1106 1449 1162 bis
1464 1123 1522 1162 nan
1536 1107 1647 1176 haberi,
1658 1125 1726 1165 eum
1742 1109 1773 1165 ia

60 1195 108 1251 :sit
121 1210 166 1249 nee
179 1194 300 1248 tenebra.
316 1191 374 1247 Nec
388 1207 439 1246 vos
453 1191 607 1247 conturbet
621 1193 699 1263 quod
720 1192 892 1265 interpretes
946 1192 1086 1249 Hebraico
1098 1197 1128 1248 et
1138 1194 1215 1265 apud
1232 1194 1299 1249 Lxx
1316 1194 1555 1251 manifestissime
1578 1196 1693 1253 Domini
1709 1196 1771 1267 Uei,

61 1284 142 1339 cirea
157 1278 287 1354 regulam
303 1280 500 1352 grammatica
515 1279 587 1335 artis
600 1279 779 1351 singularem
792 1296 893 1336 nume·
946 1298 1009 1353 que
1026 1282 1203 1354 nuncupatio
1220 1283 1392 1355 mysterium
1417 1284 1580 1351 Trinitatis,
1601 1285 1651 1354 sit,
1667 1284 1696 1341 id
1716 1289 1771 1353 est,

61 1388 144 1437 rum,
159 1369 237 1443 quod
251 1372 297 1425 est
308 1369 430 1435 tenebra,
447 1374 607 1440 posuerunt
622 1385 674 1441 pro
685 1368 890 1441 plurati,cum,
946 1369 1107 1426 Benedictus
1121 1372 1252 1426 llominus
1267 1372 1345 1437 oeus,
1361 1375 1432 1427 Deus
1448 1373 1535 1429 lucet
1550 1390 1558 1428 ι
1574 1372 1619 1428 11Ιὶ
1634 1377 1745 1430 canunt
1762 1387 1772 1430 t

59 1464 90 1523 8.
106 1458 246 1532 Gregorio
261 1460 345 1523 teste,
362 1456 449 1513 verba
464 1456 589 1515 coelestis
613 1456 722 1515 oraculi
749 1474 807 1513 non
831 1456 893 1515 sint
946 1458 1017 1527 Quia
1031 1460 1120 1515 aetaoi
1134 1461 1163 1514 in
1178 1461 1379 1527 pncneortous;
1394 1477 1448 1516 nos
1470 1477 1477 1517 ε
1502 1462 1573 1530 Quia
1588 1463 1677 1519 celaui
1690 1478 1774 1535 super

60 1546 239 1605 inflectenda
251 1545 307 1602 sub
320 1544 430 1619 regulis
444 1545 562 1614 bonam
575 1544 737 1602 sinalidem
749 1545 893 1619 Propheta
946 1548 1063 1620 iniquos.
1078 1549 1111 1621 ln
1124 1548 1225 1603 eodem
1242 1546 1354 1620 psalmo
1380 1566 1387 1604 ε
1413 1550 1533 1606 tenuisti
1550 1566 1664 1605 manum
1678 1550 1771 1606 dente·

60 1652 124 1705 aaa
136 1633 248 1693 veritus
262 1633 383 1691 ferulam
400 1634 658 1706 grammaticorum
676 1634 892 1707 posuil:titera
944 1652 1008 1691 rom
1020 1653 1119 1701 meum,
1135 1645 1162 1693 et
1173 1637 1312 1693 celeritate
1325 1646 1374 1694 tua
1385 1637 1524 1694 desinenti
1536 1655 1590 1703 me,
1600 1647 1626 1695 et
1638 1656 1701 1695 curn
1713 1639 1772 1711 plo·

59 1742 106 1793 epe
120 1724 153 1781 de
166 1724 349 1795 suupuinibus
363 1722 448 1796 (Psoi.
465 1740 490 1790 a,
506 1723 561 1794 lb);
572 1728 601 1780 et
615 1724 644 1778 in
660 1723 783 1779 loannis
798 1724 889 1779 Evan-
906 1762 930 1827 B
946 1726 992 1780 rio
1004 1727 1180 1797 assumpsisti
1193 1743 1251 1791 nem
1268 1742 1320 1782 nos
1335 1742 1401 1782 vero
1418 1744 1425 1783 :
1442 1729 1557 1783 Etcum
1573 1729 1664 1798 cloria
1680 1743 1770 1787 tusce-

58 1812 139 1895 gelin
156 1831 163 1869 :
178 1813 235 1885 Qui
248 1828 304 1869 non
318 1828 353 1868 ee
365 1813 562 1881 serupuinibus,
575 1812 680 1885 inquit,
697 1829 784 1885 neque
796 1828 831 1868 ec
845 1828 890 1868 oo-
943 1816 1013 1887 pisti
1025 1831 1078 1871 me.

60 1902 611 1974 tmnncemanequeevonnun
634 1901 893 1969 adramelecitae
982 1900 1013 1957 ln
1030 1901 1143 1974 psalma
1158 1920 1242 1968 amri,
1259 1919 1326 1958 eum
1342 1903 1375 1957 B.
1397 1903 1591 1977 Hieronymus
1615 1908 1773 1978 exponeret
1865 1910 1870 1919 '

58 1994 125 2051 nati
136 1995 202 2048 sunt
217 1995 308 2057 (icon.
323 2007 342 2055 1,
360 1990 501 2061 tapsum
515 1990 555 2047 ibi
576 2006 732 2047 numerum
747 1989 892 2062 pluralem
945 1989 1029 2047 illum
1046 2008 1161 2047 versum
1178 2009 1185 2046 :
1202 1992 1309 2063 ltespice
1334 1994 1364 2048 in
1384 1996 1574 2067 testamentum
1596 2000 1685 2061 mum,
1704 1995 1773 2066 quta

61 2081 162 2157 posuit
176 2096 229 2154 pro
245 2078 398 2153 singulari,
410 2079 449 2134 ita
464 2079 512 2135 hic
524 2078 702 2153 singularem
719 2096 770 2153 pro
786 2077 891 2151 plurali
946 2081 1042 2151 repleti
1057 2089 1131 2147 sunt,
1147 2080 1187 2136 ite
1202 2080 1356 2152 esposuit:
1373 2080 1444 2148 Quia
1454 2081 1591 2138 obsecrati
1603 2091 1669 2138 sunt
1680 2082 1773 2138 dantis

61 2168 172 2253 posuit,
189 2168 334 2226 Hebraice
354 2168 485 2224 venietis
506 2168 728 2224 consonantiam
753 2183 890 2240 sequens,
945 2167 1605 2241 iniquitatumdumi,iniquit,interpretantur,
1620 2168 1773 2241 spiamhi

60 2276 128 2337 que
142 2257 232 2317 dicit:
248 2259 338 2313 Timor
351 2260 378 2313 et
393 2264 495 2314 tremor
509 2259 583 2313 nonu
596 2273 678 2328 super
687 2263 770 2323 mmet
785 2257 893 2328 operuit
945 2271 1013 2329 ergo
1024 2256 1074 2328 qui
1085 2256 1312 2313 obscuraverunt
1328 2255 1581 2328 persecutionibus
1591 2257 1654 2313 suis
1664 2262 1772 2315 terram

58 2364 105 2415 qe
119 2347 219 2417 calino.
235 2344 289 2401 Ubi
304 2343 345 2400 illi
362 2348 472 2400 canunt
488 2360 495 2399 :
511 2348 590 2400 tenta
606 2345 636 2399 in
647 2344 762 2399 Domino
786 2343 890 2411 copita-
945 2348 1027 2400 tuam
1053 2344 1154 2417 repleti
1180 2349 1252 2400 sunt
1274 2344 1410 2401 sensibus
1434 2344 1610 2417 iniquitatis.
1626 2346 1670 2401 'Pu
1693 2362 1771 2413 vero,

59 2444 122 2495 tuna
134 2444 229 2500 tuam,·
244 2450 298 2490 uos
313 2433 448 2489 canimus
463 2448 469 2487 ε
486 2436 566 2492 tacta
580 2432 819 2506 supercommune
842 2446 890 2487 cu·
945 2433 1130 2506 Uomiue‚qui
1147 2451 1198 2506 per
1212 2434 1433 2489 Testamentum
1444 2437 1528 2489 tuum
1540 2433 1600 2491 sive
1610 2434 1701 2491 Vetus
1712 2433 1774 2493 sive

59 2542 125 2582 ram
137 2532 223 2581 tuam.
945 2522 1069 2590 Novum,
1085 2522 1154 2595 quia
1171 2528 1331 2593 utrumque
1346 2539 1364 2577 a
1378 2527 1406 2578 to
1422 2523 1666 2593 praecedentiam
1692 2522 1773 2595 quod

95 2614 129 2671 ln
143 2612 193 2670 illa
209 2611 459 2686 quinquagesimo
475 2615 557 2667 sexto
573 2611 685 2683 psalmo
703 2610 750 2667 ille
764 2626 889 2667 versus:
946 2628 1039 2667 unum
1055 2612 1190 2676 habetur,
1208 2610 1367 2682 promisisti
1391 2614 1540 2682 protegere
1565 2626 1628 2673 nos,
1648 2609 1773 2667 succisis

63 2703 197 2767 Enattara
208 2718 289 2774 super
302 2702 392 2767 celos,
411 2699 523 2765 brunin
539 2701 634 2756 medio
647 2704 675 2756 et
688 2700 716 2755 in
733 2701 790 2755 llne
807 2699 891 2772 poni·
946 2716 1025 2757 nunc
1048 2698 1141 2772 spinis
1166 2715 1235 2754 erue
1262 2716 1324 2753 rrae.
1341 2703 1372 2753 ta
1388 2695 1577 2771 diapsalma,
1594 2697 1644 2755 ubi
1659 2696 1702 2753 illi
1724 2715 1772 2754 ca·

59 2797 129 2859 tur3
147 2791 176 2847 in
191 2791 286 2846 medio
297 2790 455 2845 babeturet
464 2790 492 2844 in
502 2806 608 2845 curnem
616 2797 718 2845 terram
728 2790 818 2861 plocio
828 2797 890 2856 tua3
947 2792 1022 2844 nunt
1038 2805 1045 2844 ε
1063 2792 1163 2843 Vouete
1178 2795 1204 2843 ct
1222 2786 1326 2842 reddite
1348 2786 1461 2843 omnim
1484 2787 1538 2842 lieo
1560 2793 1646 2843 oestro
1668 2802 1772 2855 omnes,

61 2882 93 2938 in
109 2882 178 2948 llne,
194 2885 221 2937 et
235 2896 317 2953 super
330 2895 438 2935 omnem
453 2882 556 2934 terram
569 2878 659 2948 plenia
684 2886 741 2934 tna.
759 2878 812 2933 Ubi
839 2893 893 2933 nus
946 2879 995 2950 pai
1019 2878 1050 2932 in
1068 2877 1190 2932 circuitu
1212 2875 1272 2945 epu
1297 2874 1400 2946 opertis
1422 2891 1556 2942 munera,-
1581 2891 1635 2932 aas
1650 2891 1657 2930 :
1675 2877 1730 2944 Qui
1742 2877 1776 2933 ia

60 2969 232 3029 alternatim
256 2969 286 3024 in
313 2968 416 3023 chroro
432 2965 566 3022 canimus
584 2983 590 3022 :
606 2968 676 3023 Deus
690 2966 805 3023 ostendit
823 2967 894 3021 miti
946 2965 1134 3037 circuituejus
1148 2962 1265 3037 caperent
1285 2978 1409 3019 rnurmra.
1432 2962 1464 3019 ln
1489 2960 1541 3018 illa
1561 2962 1709 3020 atterenda
1730 2962 1774 3020 illi

60 3076 113 3135 per
128 3059 254 3116 inimmos
267 3074 349 3124 remos,
365 3073 400 3112 ne
414 3055 520 3112 occidas
546 3072 599 3125 eos,
615 3071 649 3110 ne
671 3055 779 3127 picando
794 3056 892 3111 obtini—
947 3058 1057 3111 cassant
1073 3069 1079 3109 :
1098 3054 1181 3109 Terra
1203 3052 1316 3107 tremuit
1338 3054 1366 3108 et
1388 3051 1489 3123 quierit
1493 3070 1506 3117 ,·
1520 3067 1575 3108 nes
1601 3068 1608 3107 :
1636 3053 1718 3109 Terra
1736 3053 1774 3109 ti-

60 3156 176 3207 seanrm
188 3147 284 3220 populi
305 3148 377 3210 mei,·
401 3142 443 3199 illi
472 3162 478 3201 :
504 3147 573 3200 lteus
595 3161 670 3200 nreus
693 3143 810 3199 csmrndit
824 3144 893 3199 mitt
908 3129 929 3197 C
945 3145 1016 3199 irrisit
1030 3150 1054 3199 et
1068 3142 1179 3214 quierit.

63 3238 137 3295 tona
152 3238 225 3293 inter
239 3236 363 3290 inimicos
376 3249 459 3300 meos,
477 3250 511 3289 ne
525 3232 654 3289 occideris
667 3249 721 3299 cos,
737 3249 772 3288 ne
785 3231 893 3304 perarida
983 3234 1013 3288 ln
1030 3231 1079 3287 illo
1095 3229 1208 3303 pentano
1224 3228 1359 3295 saxscujn
1374 3227 1424 3286 illo
1440 3246 1535 3298 versu,
1550 3229 1601 3285 ubi
1617 3228 1703 3287 multi
1725 3246 1773 3287 ca·

62 3328 265 3385 etliobccrtur
280 3324 350 3392 lepis
363 3330 429 3380 tua.
443 3322 519 3377 Utin
535 3322 668 3394 sequenti
682 3338 766 3377 versu
782 3339 833 3393 pro
848 3339 892 3389 en,
948 3326 1022 3377 nunt
1038 3338 1044 3375 :
1059 3322 1090 3376 t't
1104 3319 1247 3375 rmnlitutns
1261 3322 1340 3373 nocte
1351 3333 1414 3373 cunc
1427 3318 1505 3373 corde
1519 3325 1616 3385 meoet
1633 3320 1776 3391 scopebam

63 3416 144 3489 qued
158 3430 211 3471 nes
225 3412 361 3468 canimus
377 3428 383 3466 :
400 3412 506 3483 Depone
519 3427 573 3479 cos,
589 3418 721 3483 protector
738 3428 824 3478 meus,
840 3412 894 3466 lto·
947 3412 1078 3483 spiritum
1092 3426 1191 3477 oneum,
1205 3407 1249 3463 vel
1260 3407 1405 3478 scopabam
1422 3425 1428 3462 :
1444 3406 1638 3480 Hieronymus
1662 3407 1704 3465 ita
1722 3424 1775 3480 po-

63 3505 155 3571 minc3
171 3501 215 3558 illi
228 3501 331 3558 dicunt
347 3517 353 3555 :
372 3505 485 3557 Uestrue
508 3516 563 3565 cos,
578 3508 712 3571 protector
730 3515 817 3565 metes,
841 3506 893 3558 oo-
949 3499 993 3555 nit
1009 3501 1062 3555 :Et
1075 3497 1229 3553 mentatum
1243 3498 1376 3568 spiritum
1388 3512 1489 3561 meum
1510 3494 1565 3552 hnc
1586 3500 1642 3564 est,
1666 3494 1774 3569 inquit,

64 3596 152 3651 mine.
949 3587 1094 3645 fodiebam
1111 3583 1194 3657 quasi
1211 3602 1326 3657 agrum,
1342 3589 1375 3641 ut
1389 3584 1430 3640 ibi
1445 3583 1592 3641 mitterem
1607 3600 1708 3642 semen
1720 3585 1775 3643 dn-

100 3682 136 3739 la
158 3679 271 3754 psalmo
296 3696 340 3735 ms
364 3677 490 3734 habetur
512 3695 519 3734 :
545 3678 618 3734 inula
639 3694 689 3733 rex
711 3694 797 3742 naeus,
820 3676 897 3732 dont
949 3676 1111 3737 ctrinsrum
1128 3673 1252 3730 bomini.
1269 3672 1300 3729 ln
1319 3673 1368 3728 illo
1383 3689 1479 3741 versu,
1496 3671 1546 3729 ubi
1570 3673 1686 3730 canitur
1702 3689 1709 3729 :
1728 3673 1776 3731 Sa·

65 3772 124 3829 etta
136 3771 197 3843 spei
209 3784 299 3826 ntem:
316 3768 345 3823 in
370 3765 529 3823 centesimo
554 3767 680 3839 septimo
706 3782 713 3820 ι
737 3766 812 3822 ldocb
826 3767 897 3822 tetes
949 3766 1066 3823 cerdotes
1079 3780 1174 3820 eorum
1189 3764 1218 3818 in
1234 3763 1327 3831 plantio
1341 3761 1508 3830 ceciderunt,
1533 3762 1619 3818 multi
1641 3760 1744 3820 dieunt
1766 3777 1775 3819 ι

64 3861 127 3933 spei
138 3874 218 3917 mea.
237 3857 291 3914 Ubi
303 3873 358 3913 nos
374 3856 500 3911 dicimus
516 3872 523 3910 :
540 3855 606 3912 lliti
620 3855 898 3927 attentpcnnsnttitt
950 3858 983 3911 lit
1004 3853 1096 3910 vidum
1119 3868 1212 3907 cortem
1234 3867 1290 3905 non
1311 3849 1501 3922 merebuntur,
1517 3850 1616 3906 lutura
1629 3854 1776 3923 temporez

64 3952 147 4017 κινῇ
164 3945 287 4004 Romani
303 3962 312 4002 s
328 3945 396 4001 tlibi
412 3945 556 4017 ¹allophyli
568 3943 673 4000 subditi
692 3953 767 4000 sunt.
784 3944 815 3999 ln
840 3943 898 4000 llne
951 3943 1071 4003 sed'nos
1087 3940 1194 3996 rectius
1218 3938 1275 3995 dici
1301 3943 1440 4009 putamus
1464 3937 1609 4009 preterito
1622 3942 1776 4010 tempore:

66 4038 157 4095 istius
180 4034 286 4109 psalmi
308 4033 443 4090 canimus
459 4050 466 4089 :
484 4035 517 4089 dt
532 4035 587 4104 ipse
601 4033 637 4088 cd
648 4033 769 4088 nibilum
788 4032 900 4089 deducet
951 4032 1010 4089 lion
1022 4027 1290 4101 pinnatensem-pria
1300 4026 1442 4099 propbeta
1453 4024 1613 4095 prseteritos
1628 4040 1779 4081 sermones

66 4125 314 4188 antunnacum
335 4122 364 4177 in
386 4120 443 4178 alio
461 4139 467 4178 :
484 4124 517 4178 Et
532 4124 589 4194 ipsc
603 4121 638 4177 od
652 4121 774 4178 nibilum
789 4121 900 4179 deducet
953 4118 1037 4192 quasi
1053 4118 1338 4181 transcendissent,
1355 4117 1384 4169 et
1399 4111 1572 4169 llebraicum
1583 4111 1652 4168 huic
1665 4114 1781 4169 sentem

68 4216 200 4275 minna
213 4211 363 4269 nostraaln
379 4209 428 4266 illo
446 4228 531 4267 versu
557 4227 564 4266 :
594 4209 688 4267 Onsrris
710 4219 785 4267 terra
807 4210 902 4267 adoret
953 4207 1000 4264 tie
1015 4204 1159 4278 congruit,
1175 4220 1241 4259 curn
1258 4200 1515 4259 dicitzsnerdotes
1528 4200 1588 4272 ejus
1600 4199 1692 4271 pisidio
1711 4200 1780 4256 ceci·

67 4302 322 4376 teetpsaltottibi,
341 4300 388 4357 ubi
404 4299 444 4354 illi
471 4298 810 4372 concludunt,psatmum
827 4301 902 4356 dicat
954 4298 1063 4360 derunt,
1076 4301 1102 4351 et
1116 4292 1208 4351 tridua
1232 4292 1292 4363 ejus
1316 4306 1370 4347 uon
1394 4297 1459 4348 sunt
1480 4289 1562 4359 {lette-
1579 4287 1634 4345 Ubi
1649 4286 1783 4345 illizea·
1893 4294 1904 4311 ‘

67 4393 250 4455 nominituo,
267 4392 396 4455 Uornine3
412 4389 611 4445 Romanorum
636 4388 725 4445 editio
738 4388 836 4453 habet,
851 4405 901 4445 no·
954 4392 1069 4444 asserunt
1090 4382 1219 4438 creortutia
1243 4396 1384 4436 seruorum
1406 4386 1531 4446 tuorum·
1557 4393 1610 4434 nos
1630 4375 1780 4434 dicimus:
1842 4408 1851 4417 -

70 4483 145 4541 mini
158 4490 218 4546 tuo,
233 4479 400 4545 Altisssinec3
420 4480 520 4533 nostra
536 4477 751 4546 tantummodo,
766 4478 903 4549 psalmum
919 4497 941 4561 ὓ
955 4476 1099 4531 Uorticiuu
1112 4486 1251 4527 seruorum
1266 4476 1386 4524 lucris-m.
1402 4466 1458 4523 Ubi
1481 4466 1524 4522 illi
1549 4483 1556 4522 ε
1583 4467 1637 4535 Qui
1648 4463 1723 4523 sedes
1736 4478 1783 4521 stt-

70 4571 146 4629 dicnt
159 4570 270 4625 nominat
292 4570 356 4624 tuo:
380 4564 521 4622 Hebraica
544 4564 632 4633 canit,
652 4566 829 4621 nominituo.
847 4564 901 4621 Ubi
953 4581 1004 4638 per
1019 4562 1174 4625 Cherubim,
1199 4574 1301 4630 appare
1326 4573 1419 4613 corum
1440 4557 1572 4629 Ephrem·
1584 4572 1638 4612 nos
1653 4572 1660 4612 :
1676 4556 1725 4627 qut
1744 4570 1785 4611 se-

72 4659 117 4717 llli
131 4661 245 4715 canunt
261 4674 267 4713 :
284 4657 365 4723 oeus,
381 4657 411 4711 in
426 4655 482 4711 loco
496 4661 588 4710 scaete
602 4669 661 4720 suo,
678 4658 750 4708 ltcus
765 4655 813 4726 qui
826 4654 906 4709 inlsa·
958 4654 1004 4709 des
1018 4667 1100 4715 super
1115 4647 1270 4713 Ctterubim,
1286 4646 1466 4717 triceniscstare
1479 4662 1571 4703 eorum
1592 4645 1736 4717 Ephraim·
1752 4646 1785 4699 tn

73 4750 164 4807 bitere
177 4747 246 4819 fucit
259 4746 406 4801 anarrimes
427 4745 457 4800 in
480 4743 569 4808 domo,
586 4759 640 4798 nas
664 4741 814 4798 dicimus:
836 4744 906 4798 ltens
959 4739 1008 4799 illo
1022 4736 1142 4797 introitu
1160 4754 1166 4793 :
1183 4737 1324 4791 liasuturte
1339 4739 1395 4791 ttco
1405 4734 1528 4807 adjutori
1540 4740 1643 4798 nostro,
1660 4730 1710 4801 ubi
1731 4728 1785 4799 illi,

73 4838 233 4895 tmaotcnre
245 4836 412 4907 taciturnius
426 4833 511 4888 moris
526 4832 658 4887 inclamo.
676 4831 716 4887 De
739 4830 794 4887 boe
809 4848 905 4897 versu,
959 4833 1090 4887 canant:
1109 4828 1203 4883 Cunite
1218 4826 1298 4880 initio
1324 4825 1426 4881 niensis
1449 4824 1531 4885 aeta:
1554 4837 1608 4877 nos
1629 4818 1786 4875 canimus:

74 4927 126 4999 qni
142 4923 221 4997 apud
238 4922 411 4995 contegitur
427 4938 433 4977 ι
451 4921 582 4977 Viderunt
601 4921 739 4991 inpressas
759 4921 810 4987 tui,
825 4920 905 4983 deus.
960 4918 1110 4973 buccinate
1124 4916 1153 4969 in
1165 4915 1290 4969 consertio
1302 4910 1467 4984 [nconreniu]
1482 4909 1558 4965 tuta.
1574 4907 1606 4963 Ia
1621 4906 1671 4963 illo
1689 4923 1787 4977 uersu,

74 5014 148 5073 dicit
162 5011 406 5082 B.llieronpmus:
416 5027 514 5083 ergon
529 5008 613 5065 nobis
628 5008 669 5065 ita
679 5007 835 5081 legendum
845 5013 905 5069 est:
961 5004 1011 5061 ubi
1028 5004 1067 5060 illi
1084 5006 1209 5059 canunt:
1219 5002 1345 5072 Scapulis
1360 5002 1437 5067 suis‚·
1453 5015 1507 5055 nos
1524 5014 1530 5051 :
1548 4997 1709 5069 Inscoputis
1719 4998 1788 5053 suis.

77 5104 210 5162 l'ideruut
232 5103 370 5173 inpressas
389 5107 458 5165 tuos,
483 5100 563 5165 ltcus,
587 5102 616 5153 et
639 5096 789 5170 scriptoris
805 5096 908 5153 vitium
963 5094 1006 5151 Illi
1024 5096 1134 5149 canunt
1150 5108 1156 5147 :
1174 5088 1388 5146 Perarnlrutuute
1410 5090 1441 5144 in
1465 5087 1583 5143 tenebris
1597 5087 1695 5153 aruin,·
1711 5102 1787 5143 nos:

76 5188 371 5264 relinquendumqui
380 5187 591 5244 nominativum
600 5185 696 5258 posuit
707 5202 759 5258 pro
770 5186 910 5242 accusati·
966 5182 1009 5237 ab
1025 5183 1134 5235 incursu
1149 5186 1175 5234 ct
1189 5177 1325 5234 decennio
1338 5171 1547 5230 meridianollli
1562 5191 1569 5229 :
1585 5174 1790 5241 innocenitme,¹

76 5278 182 5338 vabi
198 5274 910 5346 illiennuntmlsceudeusinultinncaptiocunducit
965 5288 1018 5329 uns
1036 5288 1042 5326 :
1060 5270 1196 5325 Glssnmuit
1217 5265 1253 5321 ud
1276 5280 1329 5320 me.
1351 5263 1404 5319 Ubi
1427 5262 1470 5318 illi
1495 5266 1604 5319 canunt
1624 5264 1740 5320 :taetus
1762 5268 1794 5323 er
1872 5284 1883 5291 ·

76 5369 276 5443 captiuitatem,
291 5366 367 5423 dedit
380 5367 450 5423 dorsu
471 5366 639 5429 leominitus,
665 5380 718 5419 nus
743 5362 877 5420 canimus
902 5380 909 5419 ε
964 5361 1056 5427 pistum
1070 5358 1188 5428 florebit,
1203 5357 1274 5410 sicut
1291 5353 1395 5421 cedrsu,
1411 5368 1474 5426 quta
1488 5354 1519 5408 in
1539 5353 1642 5408 Libano
1654 5359 1704 5419 eet,
1719 5351 1793 5406 mul-

77 5456 232 5517 mandate·
245 5457 276 5513 in
291 5456 485 5528 atcumccptsst
498 5453 827 5526 captiuitatem,arrrepisti
839 5452 912 5509 dona
966 5448 1156 5521 tiptic·otitur;
1180 5461 1234 5499 nou
1251 5460 1257 5498 ε
1274 5444 1367 5497 dicatus
1390 5450 1421 5497 nt
1441 5442 1538 5514 palmo
1559 5441 1676 5513 docebit,
1701 5448 1733 5496 ut
1755 5454 1795 5495 ce·

54 5600 57 5605 .
79 5566 111 5627 ps
124 5546 293 5606 bominibus.
966 5540 1032 5595 ‹lrus
1048 5536 1148 5593 titoni
1170 5532 1413 5604 rnnttiplicubitur.
1429 5529 1473 5587 llll
1489 5535 1600 5589 canunt
1629 5546 1636 5585 τ
1662 5529 1795 5589 Dominus
