3884 6084
57 305 120 365 sot

675 302 885 392 Expostulo
906 302 1163 365 Psatnoaun.

1712 305 1772 367 302

59 437 186 495 ecclesia
202 455 208 493 :
226 441 328 510 pastor
341 438 450 511 quippe
465 437 598 512 sequitur
613 453 691 508 oves,
706 436 771 492 ideo
784 436 892 493 dicitur
903 437 932 504 Α
946 435 1118 508 petire,quia
1131 434 1261 490 officinm
1277 438 1321 491 ost
1337 432 1465 506 pietatis,
1479 432 1647 492 volatilibus
1662 451 1695 492 ao
1721 436 1772 495 bc·

60 527 279 601 postfetantes,
295 544 353 583 aon
368 531 444 583 ante.

57 619 94 671 77
133 618 249 672 Poscere
260 616 343 673 lacot
356 632 465 672 servum
479 631 584 671 suum:

133 709 169 761 m
181 705 268 760 lsrael
278 704 468 762 hereditatem
479 721 569 760 suant.

94 797 116 848 C
130 794 294 850 Possumus
307 810 360 866 per
372 793 461 850 Jacob
476 791 638 864 intelligere
653 791 794 864 populum
808 789 891 846 Chri-

63 883 205 949 stianum,
222 882 273 954 qui
298 881 346 938 hio
368 882 448 956 degit
471 883 500 938 in
524 882 621 947 terris,
638 881 661 936 H
676 884 705 936 et
723 880 893 953 supplantat

58 971 132 1027 uitia
144 976 172 1026 ct
183 969 314 1027 carnalia
325 969 710 1027 desideria.CHaereditatem
725 985 792 1025 uero
804 966 893 1023 lsrael

58 1059 194 1116 laturam
205 1059 472 1133 congregationem,
489 1076 552 1131 quio
576 1058 693 1115 Domini
712 1056 891 1129 contemplu-

59 1150 141 1205 tions
156 1149 303 1222 pascenda
315 1153 369 1205 est.
481 1174 485 1179 -

57 1248 94 1302 78
131 1248 169 1302 Et
181 1248 318 1320 peniteas
333 1249 363 1302 in
378 1248 538 1303 irenacenlia
552 1245 641 1302 cardis
655 1247 700 1301 sui
715 1264 724 1300 .·

131 1337 165 1391 Et
178 1337 209 1391 ln
225 1337 412 1392 intellectibus
426 1352 560 1392 manuum
573 1352 690 1391 suarum
708 1333 822 1390 deduxit
837 1348 890 1389 eos.

93 1434 115 1489 C
132 1433 214 1488 Parit
225 1433 305 1489 enim
319 1437 481 1505 Praeoeptor
495 1432 718 1506 egregius,quos
733 1433 836 1487 docere
850 1429 892 1486 di·

57 1521 200 1595 dignetus
212 1523 348 1586 est‚sicut
362 1522 424 1595 ipse
437 1522 594 1577 dinitzHon
609 1522 638 1576 in
654 1521 716 1577 solo
730 1537 806 1594 pane
822 1519 893 1575 vivit

58 1609 149 1666 homo
161 1612 268 1683 (auu.
282 1613 331 1679 ιν).
347 1610 515 1667 intellectus
534 1626 601 1666 voro
623 1625 777 1677 marinum,
792 1612 892 1664 actua-

57 1697 118 1755 lsm
144 1699 293 1773 significat
315 1700 512 1766 sanctitatem,
530 1699 566 1754 sd
589 1715 678 1771 quam
702 1697 803 1753 tideles
822 1713 892 1752 snos

943 524 1007 580 stiis
1018 525 1143 595 abiicere
1153 540 1264 597 magnae
1276 520 1456 579 crudelitatis
1466 527 1580 579 constat
1590 525 1770 598 exemplum.

944 614 961 668 3
1015 613 1175 685 Effuderunt
1198 614 1360 685 sanquinem
1374 628 1470 668 aarum
1483 619 1614 686 tanquam
1628 631 1727 688 apuam
1742 618 1772 674 in

1050 703 1168 758 circuitu
1179 703 1337 758 Herusalem
1352 721 1361 758 :

1016 791 1395 864 Hmmwwm.

980 879 1001 934 G
1015 879 1181 936 Secundum
1192 879 1320 937 litteram
1335 881 1371 938 ds
1384 881 1491 953 populo
1506 882 1576 938 dicit
1589 882 1769 958 ludeorum,

945 968 996 1040 qui
1012 985 1029 1022 a
1042 968 1178 1041 gentibus
1190 986 1247 1025 non
1259 969 1353 1025 solum
1365 969 1445 1026 intra
1454 971 1671 1040 urbem,verum
1681 975 1770 1033 etiam

945 1055 1022 1112 eirca
1036 1073 1138 1113 muros
1152 1057 1274 1114 civitstis
1288 1063 1333 1114 est
1347 1058 1699 1133 interemptus,quatenus
1710 1063 1771 1120 offi-

945 1145 1023 1200 cinm
1052 1145 1209 1219 sepultura
1235 1146 1335 1203 nullas
1364 1146 1485 1221 implere
1512 1148 1662 1220 valuisset,
1698 1153 1769 1210 dum

945 1250 999 1306 par
1013 1234 1140 1291 conditio
1156 1252 1258 1292 omncs
1271 1242 1332 1291 tam
1345 1236 1422 1292 circa
1432 1254 1532 1295 muros
1543 1255 1632 1311 quam
1645 1241 1674 1297 in
1684 1242 1770 1299 corde

945 1323 1072 1379 civttatis
1088 1323 1254 1381 involveret.
1272 1325 1295 1381 H
1311 1326 1376 1382 Hac
1392 1327 1510 1398 quidem
1522 1332 1588 1384 ante
1602 1328 1708 1386 Christi
1722 1331 1770 1387 ad·

944 1416 1063 1468 ventum
1089 1413 1118 1468 in
1143 1414 1325 1470 Hierusalem
1351 1420 1414 1471 acta
1440 1419 1520 1482 sunt,
1537 1417 1587 1472 sed
1603 1419 1770 1490 passionem

944 1499 1102 1557 insontium
1115 1502 1288 1575 figurarunt,
1296 1504 1345 1559 ubi
1361 1506 1390 1560 et
1404 1520 1507 1561 carnes
1521 1521 1622 1561 eorum
1632 1506 1733 1564 bestiis
1743 1511 1772 1565 ot

945 1587 1111 1644 volucribus
1127 1590 1264 1661 exposite
1280 1594 1357 1659 sunt,
1372 1590 1401 1645 id
1422 1595 1467 1648 est
1480 1593 1728 1664 persecutoribus,
1744 1597 1773 1651 et

945 1680 1027 1732 tanta
1041 1678 1194 1750 sanguinis
1211 1678 1368 1735 multitudo
1378 1679 1570 1751 otlusuest,nt
1580 1683 1627 1739 vix
1639 1683 1772 1741 omnium

60 1789 160 1860 (prout
171 1789 235 1860 ipse
251 1788 367 1855 tribuit)
382 1787 512 1861 gloriosa
523 1787 686 1843 imitatione
699 1786 843 1859 perduxit.
906 1808 929 1874 B
946 1771 1065 1837 l>⁰⁵³⁸⁰¹lt
1079 1766 1253 1839 ⁰⁰HlUS⁰¹¹Hl
1267 1767 1394 1840 Ssslellll·

285 1921 386 1960 ORATIO
406 1922 441 1961 EX
460 1920 539 1960 PSAL.
562 1920 664 1960 mvn.

95 2019 193 2076 Refice
212 2036 265 2077 nos
280 2036 394 2076 manne
410 2018 552 2092 spiritalis
568 2019 715 2088 alimento,
733 2017 892 2091 opulentis·

54 2109 135 2165 sime
150 2107 280 2182 largitor.
295 2108 496 2181 Omnipotens,
513 2112 546 2163 nt
561 2109 589 2163 in
606 2125 727 2164 sensum
748 2122 889 2162 manuum

51 2202 178 2254 tuarum
191 2197 303 2271 directi,
329 2213 495 2254 mereamur
519 2198 548 2252 in
574 2202 672 2253 monte
696 2201 747 2252 tua
764 2195 890 2268 acquisi-

52 2291 122 2342 tum
138 2284 397 2360 dexteragloriari.
415 2287 468 2342 Per
488 2287 644 2342 Dominum
669 2289 813 2355 nostrum,
834 2289 888 2340 oto.

307 2401 473 2458 PSALHUS
493 2401 638 2457 Lxxvlu.

254 2507 456 2546 aneunanrun
478 2507 556 2546 esan.
579 2508 691 2547 mxvrn.

88 2604 114 2662 G
129 2605 192 2662 Vox
203 2603 371 2661 Judaeorum
387 2604 558 2672 dicentium,
574 2609 684 2677 quanta
703 2605 732 2660 in
753 2621 888 2677 porsecu-

51 2695 140 2752 tione
149 2693 285 2752 Antiochi
298 2693 344 2750 vel
359 2694 489 2766 gentium
506 2693 690 2767 pertulerint,
705 2693 815 2766 Deique
837 2711 887 2766 po·

50 2784 152 2839 tentia
166 2782 397 2858 supplicantium
410 2784 598 2839 correctionis
613 2787 678 2838 voto
693 2782 847 2838 vindicari.
863 2783 887 2838 H
943 2833 949 2845 ,

50 2873 125 2938 Quae
141 2878 240 2929 tamen
255 2872 418 2945 persecutio
433 2872 469 2927 ad
485 2871 625 2939 aninrem,
642 2888 706 2944 ques
722 2888 798 2944 saepe
817 2870 885 2928 civi·

51 2966 102 3018 tas
118 2960 267 3029 scribitur,
285 2960 436 3018 referenda
450 2964 504 3017 est.

317 3059 374 3115 ΤΤ.
394 3059 518 3115 Psalmis
531 3059 630 3132 asaph.

56 3246 191 3318 psalmus
206 3245 237 3300 iu
252 3245 459 3302 lamentatione
473 3245 597 3318 positus,
623 3245 673 3317 qni
698 3245 796 3300 futura
810 3249 884 3300 tem·

58 3332 369 3406 poravelutpraterita
378 3333 659 3407 deplorat.Deplorat
673 3349 740 3389 vero
750 3332 884 3388 Antiochi

59 3420 303 3494 persecutionem,
332 3424 462 3494 tempore
486 3420 736 3477 Macchabaeorum
767 3421 884 3488 laetam,

61 3515 128 3566 tnnc
142 3510 286 3573 laturam,
299 3510 350 3566 sed
366 3510 395 3566 in
411 3511 516 3583 spiritu
532 3510 701 3583 prophetico
714 3508 798 3583 quasi
814 3527 885 3582 pras·

64 3598 185 3666 teritum,
202 3602 321 3672 propter
335 3599 539 3655 certitudinem
552 3602 682 3655 eventus.

70 3696 81 3750 t
131 3698 209 3767 Deus,
234 3704 369 3752 aenariam
389 3705 479 3768 pentes
501 3698 531 3752 in
555 3697 744 3753 haereditatem
769 3700 846 3752 luam
875 3714 885 3751 .·

165 3785 324 3858 polluerunt
336 3785 466 3858 templum
480 3790 606 3842 sanetum
621 3794 700 3841 tuum
715 3802 721 3842 z

136 3878 287 3931 posuerant
303 3875 480 3931 Hierusalem
495 3877 525 3930 in
538 3890 682 3946 pomarum
697 3874 866 3930 custodiam:

102 3971 124 4028 H
138 3972 283 4046 Propheta
297 3973 333 4028 de
356 3972 559 4045 persecutione
573 3971 728 4044 gentilium
750 3973 891 4030 adversus

76 4058 222 4118 &cladem
236 4061 288 4119 Dei
301 4062 377 4134 (qun
392 4064 436 4119 est
450 4061 604 4118 haereditas
619 4062 705 4132 ejus),
722 4061 780 4116 siro
791 4060 891 4117 Hieru-

79 4147 168 4216 salem,
181 4148 252 4205 dioit
268 4167 275 4205 :
292 4150 377 4219 Deus,
389 4149 467 4205 etot}
481 4153 557 4206 Gens
572 4148 651 4206 enirn
668 4148 745 4205 diota
755 4149 891 4222 estquod

81 4250 128 4292 uno
141 4237 178 4294 sit
190 4253 297 4311 genere
321 4242 481 4310 procreata.
503 4237 682 4306 Polluarnnt,
706 4254 773 4293 oum
795 4237 891 4310 impin

85 4330 171 4395 genus
181 4327 210 4382 in
222 4325 418 4384 sanctissimis
430 4326 610 4383 Hierusalem
623 4330 651 4382 et
660 4324 761 4399 templi
772 4325 844 4382 locis
857 4324 894 4382 si·

10 4444 12 4453 ·
87 4412 202 4471 malaura
223 4415 349 4473 nefanda
374 4418 546 4488 posuerunt.
562 4415 585 4469 H
601 4415 682 4470 Siout
704 4414 783 4470 enirn
794 4431 891 4488 poma,

946 1855 962 1908 t
1016 1855 1092 1911 Facti
1104 1872 1198 1912 sarnus
1211 1858 1387 1928 opprobrium
1402 1859 1500 1914 uicinis
1515 1862 1616 1916 nostris
1631 1877 1638 1916 τ

1015 1943 1199 2000 Subsannatio
1213 1949 1239 2000 et
1254 1945 1346 2000 illusio
1361 1946 1403 2000 lu's
1424 1946 1473 2017 qui
1496 1947 1525 2001 in
1548 1948 1667 2004 circuitu
1680 1957 1771 2006 nostra

1051 2041 1123 2089 suern.

980 2122 1000 2177 C
1015 2121 1090 2177 Dicit
1105 2123 1182 2178 onim
1198 2123 1331 2180 Hebraeos
1348 2124 1439 2180 tuisse
1453 2124 1483 2179 ia
1498 2125 1688 2198 opprobrium
1700 2131 1729 2183 et
1739 2127 1769 2185 iu

945 2211 1086 2278 derisum,
1103 2212 1153 2284 qui
1168 2212 1250 2284 prins
1264 2213 1379 2269 lucrant
1394 2212 1508 2269 Domini
1525 2214 1678 2272 devotione
1693 2231 1771 2272 reve-

944 2301 1016 2356 di.H
1032 2300 1226 2374 Opprobrinm
1243 2301 1329 2357 eiiam
1344 2303 1419 2357 liunt
1432 2302 1525 2357 sancti
1544 2302 1591 2358 bis
1614 2304 1664 2376 qui
1688 2304 1770 2377 prius

945 2390 1048 2445 tratres
1062 2389 1193 2458 luerunt3
1218 2389 1269 2461 qni
1293 2389 1428 2446 meliores
1450 2390 1542 2447 laotos
1566 2392 1624 2447 odii
1648 2391 1769 2450 stimulo

942 2482 1170 2552 persequuntur.

942 2569 961 2623 5
1016 2569 1163 2640 Usquequa,
1179 2570 1301 2635 bomiuc,
1320 2569 1447 2624 irasceris
1462 2570 1492 2624 in
1505 2570 1612 2640 traam:

1014 2656 1180 2713 accendetur
1193 2658 1266 2714 velut
1281 2659 1355 2727 ipsis
1369 2658 1443 2714 aelus
1457 2662 1538 2715 tuus?

978 2745 1100 2818 CRogat
1112 2744 1189 2801 onim
1205 2746 1287 2819 pium
1299 2745 1441 2818 judicem,
1466 2762 1502 2803 ne
1525 2747 1661 2820 usquein
1679 2748 1768 2805 finem

942 2838 1085 2889 irascatur
1099 2834 1177 2906 genti
1193 2834 1332 2901 ludaicae,
1348 2835 1398 2890 sed
1416 2839 1448 2890 ut
1460 2835 1665 2893 incenderetur
1687 2836 1766 2893 zelus

940 2921 1019 2978 illius
1045 2923 1074 2977 in
1099 2923 1151 2991 eis,
1177 2923 1254 2978 siout
1277 2923 1306 2977 in
1332 2922 1495 2979 Mathathia
1509 2924 1534 2993 (l
1547 2924 1673 2994 itachia)
1691 2942 1698 2979 :
1715 2923 1767 2996 qui

940 3010 1621 3084 zelopotorumtraditionisinconsua,quemdanr
1635 3011 1770 3068 Judaeum

256 3157 261 3167 ,
831 3156 836 3167 ,
937 3100 1024 3157 idolis
1036 3100 1237 3157 immolantem
1251 3117 1340 3172 supra
1355 3100 1435 3172 ipsas
1449 3117 1514 3156 aras
1530 3099 1646 3156 occidit.

89 3156 222 3229 Casaph
238 3157 384 3229 significat
397 3171 583 3229 spasmeam
595 3159 640 3213 est
651 3171 719 3228 orgo
732 3159 811 3211 totns
829 3160 884 3212 rste
904 3175 925 3242 C
939 3192 956 3246 6
1010 3192 1031 3244 Ε

1031 3189 1125 3261 ffunde
1141 3192 1212 3245 iram
1226 3196 1301 3244 tuam
1315 3191 1345 3244 in
1360 3196 1452 3259 pentes
1475 3203 1538 3261 quae
1562 3193 1588 3244 te
1611 3205 1666 3245 uon
1681 3203 1763 3245 acoe-

1045 3286 1135 3335 runt:

1011 3369 1042 3424 Et
1056 3370 1086 3424 ia
1101 3384 1184 3440 rauna
1199 3384 1258 3440 qum
1272 3384 1370 3423 nomen
1385 3372 1465 3423 tuum
1485 3382 1540 3423 nors
1560 3368 1769 3423 intremuerunt.

975 3461 995 3512 G
1009 3457 1131 3513 Hllnnde
1147 3457 1220 3511 iram
1233 3473 1321 3528 super
1336 3456 1520 3523 adversarios
1531 3456 1714 3525 Judaeorum3
1728 3456 1770 3512 in·

941 3546 1141 3620 dignationem
1157 3551 1237 3600 tuam
1251 3545 1435 3601 abundanter
1447 3544 1560 3613 emitte,
1578 3549 1611 3601 ut
1634 3545 1712 3602 sicut
1724 3543 1769 3600 illi

942 3652 995 3691 nos
1010 3634 1218 3707 comprimunt,
1232 3633 1273 3689 ita
1288 3634 1347 3690 tuis
1359 3633 1472 3689 viribus
1483 3634 1699 3709 opprimantur.
1712 3633 1770 3691 Neo

941 3728 1025 3780 vacat
1038 3724 1114 3797 qnod
1128 3727 1195 3778 nuto
1220 3722 1293 3777 dixit
1316 3721 1345 3777 in
1372 3727 1483 3794 gentes,
1500 3725 1605 3794 postea
1619 3722 1649 3779 in
1660 3737 1770 3796 regnn3

943 3813 1025 3888 prius
1041 3812 1119 3868 enim
1136 3810 1254 3885 populis
1270 3812 1449 3883 imprecatus
1464 3811 1627 3880 est,deinde
1643 3810 1716 3884 ipsis
1727 3826 1774 3867 ro·

943 3903 1019 3976 gnis,
1034 3919 1098 3974 quae
1114 3900 1184 3957 talia
1200 3901 1263 3956 Hori
1279 3900 1472 3972 imperabant.

942 3995 960 4046 7
1016 3989 1394 4060 Quiaeomederuntlaaob:

1015 4082 1047 4135 Et
1062 4081 1150 4135 locum
1163 4079 1221 4151 ejus
1235 4077 1434 4133 desolaverunt.

982 4170 1002 4226 C
1025 4169 1152 4225 Dicendo
1177 4167 1255 4222 enirn
1285 4165 1485 4230 comoderunt,
1509 4161 1650 4220 sevitiam
1675 4160 1772 4233 impin

946 4258 1041 4332 gentis
1057 4255 1205 4322 ostendis;
1222 4253 1412 4310 comederunt
1426 4269 1493 4308 vero
1504 4250 1651 4325 significat
1660 4247 1774 4306 comedi

947 4348 1086 4412 lecerunt,
1104 4345 1176 4399 dum
1191 4343 1332 4397 cadavera
1346 4345 1529 4396 mortuorum
1544 4340 1671 4396 terarum
1698 4352 1775 4394 mor·

947 4435 1031 4492 sibus
1045 4434 1250 4506 exposuerunt.
1267 4431 1375 4486 Locum
1391 4428 1606 4496 desolaverunt,
1624 4443 1693 4484 oum
1708 4423 1774 4500 pul·

88 4515 141 4557 rom
156 4502 895 4576 maturescerecoeporint,ditigentiuscustodiuntur
910 4546 933 4611 D
949 4522 1124 4581 ,hemmam
1150 4519 1296 4576 civitatem
1320 4518 1428 4575 civium
1455 4535 1577 4576 suorum
1596 4515 1777 4573 habitatione

10 4578 12 4641 ἶ
88 4594 239 4665 naturaque
255 4591 370 4649 facilius
387 4591 616 4660 devorantur,ita
632 4591 816 4647 adversarius
830 4608 896 4647 con-

951 4613 1145 4668 nudaverunt.

89 4676 208 4737 uitatem
222 4681 279 4738 sibi
295 4681 426 4738 animam
446 4679 585 4746 custodit,
599 4681 691 4736 donec
716 4681 751 4735 ad
774 4679 894 4752 plenum
949 4705 966 4758 g
1020 4701 1059 4758 Ne
1084 4700 1242 4756 mem-nm,
1264 4698 1443 4770 iniquitatum
1466 4701 1625 4754 πωπω
1649 4693 1776 4764 amiqua.

88 4778 138 4821 eam
149 4769 239 4826 valeat
250 4770 454 4826 devorarellst
467 4769 546 4825 enim
562 4767 611 4824 Doi
626 4768 780 4824 haereditas
796 4768 896 4824 anima

88 4860 179 4913 meu.
195 4857 227 4914 In
243 4858 329 4930 cujus
342 4857 478 4931 figuram,
493 4860 614 4913 terrenas
629 4854 811 4912 Hierusalem
827 4873 894 4929 oap-

87 4940 210 5003 tiritatem
224 4945 359 5020 deplorat
368 4946 521 5020 Propheta.

1057 4807 1120 4845 rum
1134 4790 1186 4845 cito
1200 4788 1354 4859 anticipent
1365 4803 1414 4842 nos
1428 4783 1628 4841 misericordia
1642 4789 1699 4838 tnae
1715 4797 1722 4835 :

1023 4880 1093 4948 Quin
1106 4893 1240 4950 pauperes
1253 4876 1324 4947 strati
1334 4889 1430 4928 sumus
1444 4874 1539 4928 m'mis.

985 4969 1009 5024 H
1026 4966 1183 5023 Praeroniat
1198 4980 1262 5031 nos,
1281 4977 1460 5035 quesumus,
1478 4955 1777 5028 Domine,misen'cor·

86 5038 100 5093 ²
142 5047 294 5101 ''illumi'‘
323 5046 471 5101 mmmm
503 5059 644 5100 servarant
678 5047 787 5098 Horum
823 5060 896 5100 9⁵⁶(ss
950 5050 1444 5127 diatua,quiestUnigenitustuns
1463 5047 1624 5106 utvouieus
1642 5044 1779 5120 propitie-

159 5133 335 5217 'natatilibus
350 5134 430 5190 coti:
951 5151 999 5203 tur
1015 5142 1221 5216 iniquitatibus
1236 5139 1355 5205 nostris,
1380 5141 1410 5194 et
1432 5142 1516 5194 eruat
1538 5154 1592 5194 nos
1608 5134 1780 5210 apeaoatis3

139 5224 243 5280 cmm
257 5231 414 5279 ‘mmmm
429 5226 538 5278 mmm
553 5222 644 5278 beluli
656 5225 749 5278 Wlffl-
952 5250 1095 5310 pauperes
1109 5231 1188 5288 onim
1197 5229 1263 5285 tacti
1274 5226 1416 5283 sumusin
1431 5227 1540 5283 mundo
1552 5229 1669 5300 propter
1682 5222 1778 5280 illum.

10 5356 13 5361 -
110 5316 129 5373 C
158 5318 288 5376 Dicendo
322 5320 467 5393 Propheta
497 5337 504 5375 ε
539 5322 701 5392 posuerunt
734 5319 896 5386 morticino,
952 5321 1173 5380 CContossiono
1186 5319 1283 5390 itaque
1299 5311 1779 5389 delictorumpropitiumsibired-

80 5412 215 5483 martyres
245 5408 404 5483 significat,
431 5409 481 5482 qni
516 5407 546 5463 in
573 5407 623 5463 illa
655 5408 822 5479 captivitate
851 5425 899 5465 co·
954 5410 1149 5484 ditjudicem,
1165 5405 1257 5478 etqui
1274 5405 1517 5477 timetjudicium
1537 5401 1663 5472 Domini,
1678 5397 1780 5458 antici-

77 5495 154 5569 ll⁰⁵³
175 5499 381 5573 persecutione
404 5498 576 5564 ssorusmnt,
592 5502 620 5553 et
633 5495 783 5569 elegerunt
805 5499 900 5573 magis
955 5501 1017 5577 pari
1041 5517 1072 5557 se
1087 5499 1150 5570 ejus
1169 5493 1782 5564 misericordisrectedesideratpauperes·

75 5588 155 5663 miri,
172 5604 265 5669 quam
279 5587 353 5647 cibis
368 5604 386 5647 a
400 5587 524 5647 Domina
535 5585 633 5646 vetitis
648 5585 841 5663 coinquinari.
851 5593 899 5650 Se·
956 5607 1012 5672 que
1028 5590 1120 5648 factos
1135 5582 1207 5644 dicit
1222 5580 1327 5656 nimis;
1343 5586 1501 5661 paupertas
1526 5586 1570 5642 est
1592 5579 1671 5640 enirn
1695 5573 1782 5640 nohis
