3884 6084
129 229 186 320 aa

582 272 586 280 -
680 232 684 237 ·
742 231 950 298 sxrasrrre
971 200 1226 297 rsannouou.

1780 236 1840 300 ate

124 365 226 447 jacarla
241 368 544 441 pennatalhomiunm
556 370 909 444 pectoratraasloderuut.
923 368 956 422 Et
970 368 997 434 Α
1013 367 1160 422 νιίιίιιιιιιι
1174 384 1229 422 rroa
1243 377 1281 423 est
1297 371 1382 434 octar,
1397 365 1442 424 aad
1458 368 1574 424 lintella.
1592 371 1650 424 ,ιιι
1665 379 1704 426 eat
1718 372 1793 426 enim
1808 372 1841 427 de

129 456 334 524 conturbabis,
352 458 462 515 scilicet
477 458 555 516 bona
569 460 752 517 contritionis
769 458 936 515 turbatione
952 475 959 514 :

128 545 200 617 quia
213 544 257 602 sio
267 545 351 619 prius
360 547 482 621 turbati,
495 553 596 623 postea
608 549 664 606 lati
677 553 772 607 erunt.
784 550 840 606 Eos
850 551 959 616 auteur,

128 633 167 690 ad
184 638 303 691 montes
318 635 503 694 referendum
519 643 572 696 est.

146 725 165 779 8
202 725 309 780 Emitte
320 741 435 782 ιιιιιιιιιιι
451 735 526 784 mam
539 727 572 784 de
585 729 641 786 alta
658 745 664 786 :
681 730 755 802 cripe
777 745 821 785 are
834 736 860 785 et
874 729 962 784 litera

239 829 284 869 me
298 811 332 869 ds
345 816 425 887 aenis
436 816 553 872 mallia:

203 902 237 956 dt
250 901 285 958 de
297 918 382 958 arana
395 904 520 974 filiamve
528 905 693 962 alienarum.

1016 458 1100 511 aetem
1114 456 1185 530 lege,
1203 472 1261 511 non
1275 458 1311 512 de
1326 456 1486 541 prophetis,
1505 476 1562 514 raon
1577 459 1613 514 de
1628 459 1777 531 apostolis,
1790 461 1840 515 sod

1015 543 1051 600 de
1066 545 1149 600 novis
1165 545 1315 618 magistris
1330 545 1461 602 suborta.

1016 634 1049 690 ll
1086 635 1167 692 sitis
1180 650 1274 690 coram
1288 637 1472 708 comparitae:

1088 722 1197 779 Circam
1213 731 1322 781 ornata
1335 733 1365 781 al
1378 725 1532 780 similitudo
1547 728 1650 798 templi.

1051 812 1075 868 H
1092 810 1170 867 Filiae
1184 829 1286 872 coram
1298 812 1365 884 (hoo
1379 819 1425 869 est
1438 814 1526 870 verba
1538 813 1753 884 haereticorum)
1763 833 1842 872 eom·

1016 900 1117 973 posite
1128 900 1168 970 (id
1183 906 1238 969 est,
1248 905 1351 957 ornata
1361 918 1379 957 a
1388 902 1532 974 sapientia
1546 902 1699 972 seculari),
1712 906 1762 960 sed
1774 906 1845 976 quia

166 988 258 1046 Cilic
273 991 309 1046 ad
324 991 440 1048 Patrem
465 994 555 1050 verba
579 995 730 1066 convertit,
746 1013 866 1052 manum
892 995 964 1051 dicit
1016 989 1082 1044 filiae
1098 994 1168 1047 sunl
1191 1007 1248 1045 non
1275 991 1338 1060 filii,
1349 991 1426 1047 vires
1449 1008 1507 1048 non
1532 992 1774 1049 habentcireum
1797 1011 1843 1051 or·

130 1077 294 1135 Dominum
311 1079 500 1152 salvatorem,
513 1099 601 1156 quem
621 1084 718 1141 venire
738 1086 919 1157 deprecatur,
931 1088 965 1141 ut

1018 1085 1092 1135 natae
1109 1083 1141 1134 ul
1153 1079 1316 1135 similitudo
1331 1080 1432 1152 templi
1446 1085 1493 1137 :et
1507 1080 1626 1153 pulchre
1650 1083 1725 1137 dixit
1739 1081 1846 1138 simili·

130 1165 275 1224 liberaret
301 1170 446 1226 mundum
471 1172 507 1228 de
530 1171 599 1241 alto,
620 1173 649 1228 id
675 1176 720 1229 est
747 1174 782 1230 de
812 1173 964 1247 potestatis
1018 1167 1200 1239 tudolempli
1214 1185 1221 1221 ι
1234 1168 1380 1224 nonenim
1396 1169 1612 1226 habentveram
1625 1170 1780 1227 Ecclesiam
1794 1175 1846 1228 aut

132 1255 263 1325 excelso,
275 1257 325 1313 ubi
341 1274 407 1314 cum
428 1260 511 1316 Patra
526 1266 628 1335 regnat
646 1262 791 1334 parilitate
805 1263 921 1319 virtutis
936 1266 965 1320 et
1019 1254 1172 1328 templum,
1185 1256 1234 1312 sed
1252 1256 1476 1313 similitudinem
1491 1257 1635 1314 Ecclesiae.
1648 1258 1669 1313 C
1681 1260 1793 1333 Quippe
1804 1261 1845 1315 si-

133 1345 249 1402 nnitate
269 1346 451 1404 substantia.
470 1353 507 1405 De
527 1350 613 1422 aquis
635 1361 743 1418 autem,
759 1351 787 1406 id
804 1357 848 1408 est
862 1351 897 1407 de
914 1369 963 1424 po·

134 1434 216 1506 pulis
231 1435 365 1508 undosis,
378 1441 407 1493 et
423 1438 506 1510 quasi
523 1437 650 1511 procella
664 1439 825 1496 sevissima
838 1440 964 1495 concita-

136 1523 185 1578 tis.
197 1523 238 1579 De
253 1539 344 1580 manu
360 1523 488 1583 liliorum
500 1543 507 1582 ι
520 1526 556 1583 dc
569 1526 617 1584 his
632 1529 681 1600 qui
698 1528 833 1585 fidelibus
846 1545 965 1602 parcere

138 1609 284 1680 nesciunt,
297 1612 367 1685 quia
381 1613 418 1669 de
433 1614 551 1672 diabolo
572 1622 751 1689 generantur
764 1617 814 1690 qai
832 1617 900 1673 aliis
915 1617 965 1675 Dei

1019 1343 1154 1400 militudo
1169 1361 1227 1400 non
1244 1345 1332 1400 babet
1342 1345 1492 1402 veritatem
1507 1365 1512 1402 :
1526 1348 1574 1402 sed
1587 1347 1712 1419 alicuius
1724 1349 1764 1403 rei
1776 1348 1845 1403 sub-

1019 1432 1150 1491 sistentis
1166 1437 1261 1505 portat
1276 1433 1446 1506 imaginem.

1020 1525 1054 1578 15
1091 1525 1287 1594 Promplaaria
1302 1539 1396 1579 eoram
1407 1524 1516 1596 plecta:

1092 1612 1253 1666 Emetaalla
1267 1609 1402 1677 arliae-1*
1421 1613 1451 1666 in
1472 1616 1478 1674 ζ
1499 1612 1578 1667 illud.

139 1700 340 1757 adversantur.
353 1701 438 1759 Recte
449 1701 539 1776 igitur
549 1704 656 1761 diaboli
668 1705 719 1760 alii
731 1705 817 1763 alieni
828 1708 967 1762 dicantur
981 1739 1005 1806 B
1055 1700 1076 1754 C
1090 1698 1293 1770 Pr⁰fflplflflri⁸
1308 1702 1396 1754 sunt:
1410 1714 1473 1770 lluffl
1495 1699 1612 1757 ⁰0l¹³fi³
1627 1701 1732 1775 lulglffl
1747 1702 1847 1776 appel·

140 1787 240 1844 afiliis
265 1790 314 1845 ilci
330 1807 337 1844 ε
354 1790 424 1862 quia
449 1791 647 1849 haereditatem
664 1810 730 1850 cum
748 1795 820 1868 ipsis
843 1797 872 1851 in
897 1796 968 1853 coelo
1021 1787 1073 1855 lat,
1084 1791 1113 1842 et
1124 1785 1324 1842 bucolicorum
1338 1788 1425 1843 cerda
1436 1787 1653 1861 significat2nbi
1666 1792 1847 1849 diversarum

143 1877 252 1934 nullam
270 1878 392 1935 hahent.

156 1967 176 2020 9
210 1971 335 2038 (ὶιιιιιιιιι
348 1985 378 2025 os
393 1969 512 2027 beatam
526 1976 565 2028 est
581 1973 730 2029 siceitatem
744 1991 754 2030 :

210 2059 245 2112 Et
259 2057 371 2114 derlera
386 2074 481 2115 eorum
493 2059 605 2117 asara
622 2063 788 2134 iniquilatis.

179 2145 253 2202 ces
267 2162 368 2203 eorum
393 2164 469 2203 vana
491 2148 639 2222 loquitur:
654 2152 795 2223 quoniam
820 2169 837 2206 a
862 2152 968 2208 divinis

143 2234 252 2306 regalis
281 2235 447 2310 discrepare
476 2244 788 2309 praesumuntvanum
815 2246 859 2297 eat
888 2243 967 2296 enirn

142 2338 229 2378 omne
244 2323 388 2396 quidquid
403 2325 517 2381 veritati
531 2327 710 2383 contrarium
725 2333 779 2384 est.
792 2328 913 2386 Dextera
927 2347 969 2385 re·

137 2413 300 2484 proborum
313 2430 320 2470 :
332 2413 511 2487 prosperitas
523 2416 666 2488 ipsorum,
678 2418 755 2473 unde
764 2418 866 2474 elevati
883 2417 969 2475 licen-

135 2498 213 2556 tiam
228 2501 284 2557 sibi
300 2503 441 2575 peccandi
456 2509 623 2560 assumunt.

142 2589 184 2643 10
213 2591 284 2646 llere
298 2592 435 2647 malicum
448 2609 549 2651 aonam
563 2594 677 2652 canalo
691 2597 744 2651 lili
760 2612 766 2650 :

213 2680 245 2734 la
255 2680 386 2752 psalterio
400 2680 565 2738 decoctamda
576 2683 696 2755 psallam
710 2686 771 2741 riti.

186 2766 325 2825 thorum
348 2769 451 2826 merito
466 2769 575 2827 dicitur
595 2771 702 2828 Christi
725 2774 883 2842 cauticum,
899 2775 969 2847 quia

148 2854 368 2914 danaaladaeis
384 2875 442 2915 uon
464 2859 502 2916 sil
526 2864 659 2932 receptus
674 2861 794 2934 (quibus
818 2863 913 2920 luerat
936 2869 969 2920 ut

147 2946 254 3003 veniret
268 2947 456 3020 promissus),
469 2949 603 3005 transivit
617 2950 653 3005 ad
668 2956 779 3023 gentes.
796 2951 907 3008 Novum
923 2958 968 3009 est

1022 1893 1120 1933 rerum
1149 1876 1272 1948 species,
1292 1875 1336 1931 vel
1365 1875 1566 1933 doctrinarum
1593 1879 1685 1951 apale
1715 1882 1849 1954 repositae

1022 1970 1110 2023 sunt:
1127 1971 1156 2022 el
1170 1965 1237 2020 iude
1254 1965 1393 2022 emittunt
1407 1966 1538 2022 diversas
1553 1969 1749 2026 eructationes
1758 1971 1850 2043 pessi·

1023 2072 1096 2111 mas.
1108 2055 1186 2119 Quos
1201 2054 1225 2110 si
1241 2054 1413 2110 auctoritate
1432 2056 1598 2125 convincas,
1610 2058 1647 2113 ad
1672 2059 1849 2132 interprete·

1022 2144 1136 2199 tionum
1153 2143 1301 2216 nequitias
1318 2144 1553 2200 transferuutur:
1571 2161 1639 2201 curn
1655 2146 1849 2220 indeqnoque

1023 2232 1130 2289 luerint
1143 2233 1266 2288 Domino
1275 2232 1397 2303 juvante
1408 2235 1548 2305 superati,
1560 2235 1595 2289 ed
1608 2234 1807 2306 sophistarum
1819 2254 1851 2294 se
1930 2237 1938 2246 '

1022 2322 1166 2378 versutias
1180 2322 1403 2393 calumniasque
1425 2326 1598 2379 convertunt
1613 2340 1620 2377 ε
1637 2328 1665 2378 ct
1678 2324 1720 2380 ita
1735 2341 1769 2380 ex
1792 2341 1851 2383 una

1024 2416 1104 2484 parte
1114 2414 1231 2466 vertunt
1241 2428 1272 2466 se
1286 2410 1315 2466 in
1327 2409 1426 2477 aliam,
1439 2428 1555 2484 semper
1564 2411 1628 2483 vagi
1639 2417 1668 2468 et
1678 2412 1849 2471 instabiles:
1903 2401 1904 2404 ¹

1023 2500 1093 2573 quia
1108 2499 1235 2555 radicem
1251 2506 1403 2571 noqueunt
1417 2500 1525 2558 babere
1539 2501 1679 2558 veritalis.

1024 2590 1057 2646 te
1095 2592 1159 2645 tlaes
1190 2604 1284 2645 coriam
1318 2592 1413 2660 setosae
1445 2589 1615 2647 abundantes
1643 2593 1673 2647 ia
1700 2593 1851 2663 caracallas

1129 2694 1196 2733 sais.

1094 2770 1178 2823 Boves
1192 2783 1287 2822 eoram
1301 2769 1399 2824 massi.

1058 2856 1260 2912 CSocundum
1275 2855 1404 2912 litteram
1428 2856 1458 2912 hi
1482 2858 1575 2914 setosa
1590 2858 1730 2915 dicantar
1744 2859 1852 2917 habere

1022 2961 1142 3020 pecora:
1156 2945 1227 3000 dnm
1237 2943 1293 3018 ipsi
1305 2946 1362 3000 fide
1372 2945 1486 3002 steriles
1498 2963 1562 3002 esse
1574 2947 1743 3003 doceantur.
1755 2948 1853 3005 liban.

151 3035 243 3103 etiam,
254 3037 332 3109 qnod
348 3053 401 3093 nos
416 3053 536 3110 corpore
557 3041 586 3093 et
606 3039 749 3112 sanguine
765 3057 818 3096 suo
833 3042 968 3115 saginare
1022 3036 1096 3091 dans
1111 3033 1219 3106 quippe
1234 3034 1329 3089 dictus
1345 3038 1401 3101 est,
1413 3034 1449 3089 ab
1465 3035 1554 3103 unda,
1566 3035 1652 3107 quasi
1668 3037 1850 3094 redundans.

155 3120 292 3194 dignatur.
308 3124 413 3182 Decem
428 3125 602 3182 chordarum
618 3126 801 3199 psalterium,
813 3129 969 3204 decalogus
984 3110 1006 3177 C
1027 3125 1092 3197 lpse
1115 3140 1231 3196 qnoque
1256 3139 1369 3195 pecora,
1383 3140 1447 3195 quae
1472 3123 1579 3181 habore
1608 3131 1777 3196 cernuntur,
1794 3143 1851 3182 nou

163 3217 197 3265 at
208 3211 293 3270 datus
306 3211 443 3270 tribubus
457 3214 655 3271 hebraeorum.

168 3299 189 3352 ll
221 3302 274 3382 (lai
296 3301 346 3358 das
368 3304 484 3360 salalem
509 3305 618 3374 rapidas
632 3325 642 3360 :
656 3307 706 3378 qui
728 3306 867 3363 redemisti
886 3309 972 3364 llaoid

252 3407 362 3447 seuam
375 3396 454 3452 taam
468 3410 474 3446 :

218 3483 260 3536 De
273 3480 365 3554 gladio
378 3483 500 3554 maliano
510 3485 585 3555 eripe
598 3500 651 3539 sae.

187 3567 317 3643 Choges,
329 3569 463 3626 homines
475 3571 573 3642 justos
588 3572 734 3645 significat
746 3576 774 3629 el
784 3590 909 3641 veraces,
922 3576 972 3649 qui

163 3663 252 3730 regam
265 3673 388 3730 corpora
402 3676 466 3715 aua.
477 3659 544 3715 lstis
554 3660 604 3715 dat
614 3659 750 3729 salntem,
762 3679 829 3717 curn
844 3680 894 3720 eos
905 3663 974 3721 libe-

160 3759 197 3802 ιιι
217 3764 234 3802 ι
255 3746 335 3803 vitiis
359 3746 437 3803 lacit.
464 3747 607 3817 Redemit,
624 3750 659 3805 de
683 3767 782 3824 pugna
807 3751 890 3819 Golia
904 3770 914 3808 .·
928 3753 973 3809 vel

162 3834 348 3905 spiritualiter,
360 3835 395 3890 de
409 3835 498 3893 vitiis.
511 3836 551 3891 De
560 3835 657 3908 gladie
671 3839 799 3910 maligue
811 3857 817 3894 :
830 3840 900 3913 quia
913 3841 974 3914 gla-

162 3920 214 3979 lius
229 3922 338 3980 diaboli
349 3922 497 3997 malignus
511 3928 566 3994 est,
578 3926 718 3996 quoniam
728 3927 973 3986 dividitabouis:

163 4007 293 4085 benignus
314 4015 412 4068 aulem
427 4011 545 4080 Christi,
558 4013 698 4085 quoniam
715 4021 860 4088 separata
875 4018 972 4075 malis.

164 4098 187 4152 ll
218 4103 250 4157 El
264 4117 333 4157 erne
346 4116 390 4156 me
402 4100 436 4158 de
448 4118 536 4157 anana
548 4102 671 4173 fillonem
685 4103 862 4161 alienorum:

218 4191 341 4259 caeram
354 4206 384 4247 aa
397 4191 515 4246 badam
530 4199 569 4247 est
583 4192 733 4249 venialem
748 4211 757 4248 :

216 4281 251 4335 m
264 4278 378 4335 &alera
389 4295 484 4335 eornm
496 4279 610 4336 dextera
624 4282 794 4353 iniquilatis.
877 4261 896 4278 ⁶

183 4367 204 4422 C
216 4367 301 4424 Hunc
312 4383 429 4431 versum
440 4368 504 4440 laur
515 4368 645 4425 diximus
657 4385 663 4423 ι
673 4385 761 4442 quem
776 4369 842 4426 ideo
859 4373 974 4445 repetit,

158 4459 181 4512 nt
193 4454 428 4514 detestabiliores
441 4455 559 4529 iniquos
578 4455 716 4514 homines
731 4459 834 4516 reddat
849 4459 913 4533 ipsa
927 4477 975 4536 ge·
990 4477 1014 4544 Ι)
1030 4461 1088 4515 rint
1101 4478 1107 4516 :
1118 4458 1226 4515 teneris
1249 4456 1384 4514 inclusus
1400 4476 1406 4514 :
1424 4476 1481 4516 non
1505 4464 1588 4532 potes
1611 4461 1689 4517 exire
1705 4477 1712 4516 :
1730 4478 1788 4517 non
1812 4464 1857 4517 est

153 4547 291 4605 minatio:
308 4549 337 4602 el
351 4544 477 4602 maxime
493 4563 570 4602 nunc
584 4546 621 4602 de
636 4546 780 4604 hereticis
793 4551 881 4607 verba
895 4550 978 4607 inlel-
1030 4549 1116 4605 ruiua
1137 4564 1231 4621 neque
1245 4546 1397 4604 transitus.
1409 4547 1482 4604 Cum
1498 4548 1541 4605 eis
1561 4549 1756 4617 consenseris,
1772 4553 1802 4605 et
1815 4548 1856 4606 ibi

149 4624 266 4712 liganda
280 4639 361 4703 sunl,
376 4634 444 4692 licet
462 4634 540 4692 enirn
560 4637 713 4709 sequeutia
735 4638 811 4694 sicut
825 4643 854 4695 et
868 4656 977 4713 prace-

146 4719 247 4784 dentia
262 4723 298 4780 ad
314 4722 442 4780 litteram
458 4741 525 4779 vera
539 4724 599 4780 sint
613 4724 778 4781 intellecta:
793 4727 864 4799 quia
877 4731 976 4786 lamen

141 4799 283 4872 litteralis
304 4829 410 4870 sensas
435 4817 555 4886 apertas
577 4818 630 4885 est,
643 4814 765 4887 mystice
790 4815 890 4889 aliqua
914 4834 976 4874 car-

140 4903 245 4968 uenas
260 4906 341 4959 sunt.

140 4986 183 5050 ¹3
219 4993 345 5062 moram
356 4993 412 5065 tilii
425 4994 495 5051 sicat
509 4993 625 5051 inulta
640 4993 827 5065 plantationes
843 5012 851 5050 t

219 5086 241 5140 Α
252 5082 367 5156 jamme
381 5099 443 5139 aaa.

182 5169 397 5228 GFtliosenim
418 5169 498 5239 dicit,
509 5171 560 5244 qui
575 5174 752 5245 generantur
775 5172 979 5244 predicatione

136 5258 230 5331 prun
244 5260 406 5335 dogmatis.
423 5260 473 5317 lati
489 5260 611 5318 novellis
621 5259 854 5334 plantationibus
865 5277 981 5334 compa·

137 5354 254 5407 mter
265 5368 273 5407 :
286 5351 357 5424 quia
371 5349 454 5407 nulla
466 5349 556 5407 veteri
567 5353 623 5406 eta
637 5349 771 5407 Patribus
784 5350 893 5408 tradita
906 5367 978 5423 pre-

137 5438 297 5515 dicatione
306 5439 473 5514 viguerunt,
486 5440 537 5496 sed
548 5437 631 5496 novis
641 5439 791 5497 erroribus
803 5440 831 5512 (a
845 5440 979 5512 patribus

1026 3213 1097 3268 dixit
1108 3229 1157 3268 cos
1167 3213 1196 3266 iu
1209 3211 1403 3284 ingressibus,
1412 3213 1462 3268 sed
1472 3213 1499 3269 iu
1509 3213 1677 3286 egressibus
1687 3215 1851 3287 possidere:

1026 3302 1096 3375 qnia
1110 3306 1202 3357 lotum
1231 3301 1266 3356 ab
1291 3298 1333 3357 eis
1362 3301 1518 3374 egreditur,
1531 3304 1647 3374 quando
1664 3304 1719 3376 ipsi
1735 3319 1853 3376 quoque

1015 3389 1148 3464 'perituri
1164 3406 1229 3445 esso
1244 3391 1491 3446 monstrarrtur.H
1507 3390 1631 3447 Pulchre
1650 3408 1767 3466 quoque
1781 3393 1855 3449 dixit

1026 3482 1230 3538 hereseorum
1253 3479 1343 3536 crassi
1362 3498 1369 3536 :
1386 3497 1512 3552 quorum
1531 3480 1608 3538 Deus
1630 3488 1730 3540 venter
1754 3488 1808 3551 est,
1826 3485 1856 3540 et

1026 3568 1118 3644 gloria
1133 3586 1232 3627 eorum
1249 3568 1278 3623 ia
1295 3569 1466 3625 contusione
1480 3571 1595 3644 (Philip.
1612 3571 1666 3642 rut.

1028 3662 1061 3715 17
1099 3659 1156 3715 Non
1171 3667 1210 3714 eal
1225 3660 1307 3714 ruina
1322 3662 1450 3715 maceriae
1465 3676 1551 3731 acaac
1566 3663 1699 3717 transitus
1715 3680 1725 3716 .·

1099 3754 1190 3820 Neque
1204 3748 1350 3805 clamecin
1363 3750 1461 3821 plateis
1475 3765 1580 3806 coram.

1066 3839 1085 3893 tl
1097 3838 1159 3894 Non
1174 3841 1219 3893 ost
1233 3838 1319 3893 ruina
1330 3855 1336 3892 :
1349 3837 1457 3894 dificile
1467 3840 1546 3895 enirn
1559 3839 1729 3898 haereticum
1742 3841 1856 3898 invenis

1029 3925 1208 3999 imperitum.
1221 3926 1329 3982 Omnes
1344 3927 1423 3982 enim
1444 3927 1578 4000 magistri
1594 3933 1673 3997 sunt,
1689 3936 1718 3985 et
1733 3930 1855 3987 scicntia

1029 4013 1161 4072 saeculari
1178 4015 1360 4080 instructi,et
1374 4015 1524 4071 immuniti
1546 4017 1686 4073 doctrinis
1706 4017 1854 4090 apestolo-

1029 4120 1106 4160 rum.
1118 4102 1148 4158 Si
1159 4107 1254 4158 tecum
1266 4102 1436 4174 disputant:
1450 4105 1537 4161 verba
1545 4120 1646 4160 eorum
1662 4105 1759 4162 brevia
1774 4110 1854 4175 sunl,

1029 4192 1071 4250 sie
1081 4191 1239 4248 aaiacioso
1250 4208 1383 4248 sermone
1394 4192 1540 4261 conclusa,
1551 4199 1584 4249 nt
1593 4194 1714 4250 evadere
1724 4193 1792 4250 inde
1802 4194 1856 4250 dil·

1029 4282 1104 4337 llcile
1114 4281 1163 4337 sit.
1174 4279 1248 4336 Cum
1257 4278 1335 4336 enirn
1351 4285 1379 4337 le
1393 4279 1548 4353 ligaverint
1557 4287 1586 4337 et
1595 4282 1754 4339 clauserint
1767 4282 1854 4356 syllo-

1030 4371 1134 4445 gismis
1148 4369 1221 4439 suis,
1234 4372 1262 4425 et
1281 4369 1365 4440 quasi
1382 4371 1539 4426 maceriam
1560 4369 1764 4445 syllogismum
1775 4376 1855 4428 lexo-

1030 4636 1186 4694 conclusns
1196 4636 1285 4693 lucris
1295 4654 1301 4692 :
1312 4635 1369 4693 eris
1379 4636 1408 4692 iu
1421 4635 1524 4708 plateis
1535 4643 1682 4706 eoram,ct
1691 4639 1722 4694 iu
1731 4639 1789 4693 lata
1799 4636 1855 4705 via,

1031 4743 1094 4799 quae
1109 4727 1144 4780 ad
1158 4725 1306 4781 internum
1321 4724 1401 4781 ducit
1413 4744 1419 4782 ε
1431 4732 1460 4782 et
1473 4743 1531 4782 neu
1545 4726 1575 4782 ιιι
1588 4731 1712 4798 angusta
1722 4725 1779 4792 via,
1792 4742 1856 4796 qnae

1031 4816 1111 4871 ducit
1126 4815 1161 4870 ad
1186 4815 1275 4869 vitam
1287 4815 1392 4885 (llallle.
1404 4821 1464 4883 vu),
1482 4832 1545 4887 que
1567 4818 1613 4872 cst
1634 4813 1776 4870 transitus
1792 4829 1857 4868 san-

1031 4909 1155 4961 ctorum.
1172 4903 1271 4974 Neque
1295 4901 1407 4957 clamor
1421 4902 1491 4958 lesu
1507 4901 1569 4973 (qui
1586 4901 1621 4957 ad
1637 4917 1668 4957 se
1690 4916 1793 4957 omnes
1807 4917 1857 4957 vo·

1032 4992 1089 5064 cal)
1105 4992 1134 5047 in
1152 4989 1254 5063 plateis
1268 4989 1469 5046 hereticorum
1486 4994 1531 5048 est
1544 5006 1551 5045 ι
1565 4989 1615 5046 sed
1631 4989 1661 5047 in
1676 4988 1858 5062 angustavia

1032 5084 1086 5139 est.

1033 5171 1068 5225 18
1104 5171 1250 5235 Beatam-1*
1267 5168 1398 5225 dr'ceraal
1418 5174 1425 5235 ζ
1442 5168 1630 5240 popalamcai
1643 5167 1702 5226 laec
1715 5172 1804 5224 saal:

1105 5261 1205 5314 Beatus
1219 5258 1335 5330 popalus
1348 5258 1428 5329 cajus
1442 5257 1575 5313 Dorainas
1589 5259 1659 5314 lleas
1673 5257 1742 5330 ejaa

1069 5345 1185 5403 thulti
1201 5345 1374 5414 nescienteS,
1389 5347 1490 5403 beatos
1504 5345 1577 5404 tales
1593 5351 1742 5420 palant,et
1757 5346 1860 5402 dicunt

1033 5438 1151 5493 beatum
1163 5433 1303 5508 populum
1314 5435 1360 5491 cui
1373 5435 1433 5492 haec
1443 5441 1522 5492 sunt.
1535 5438 1593 5492 Nes
1604 5440 1699 5493 autem
1712 5435 1858 5499 dicamus,

140 5522 283 5606 ipsoram
300 5527 427 5604 traditis)
440 5526 632 5604 pullularunt.
646 5527 669 5586 u
682 5528 822 5588 Plantatia
836 5530 910 5588 enim
920 5529 979 5592 aa·
1032 5527 1136 5589 beatus
1146 5523 1283 5602 populus,
1295 5525 1380 5601 cujus
1395 5529 1440 5585 est
1455 5525 1599 5588 Dominus
1609 5525 1686 5585 Deus
1700 5525 1775 5600 ejas.
1786 5522 1859 5589 Quia
