3884 6084
123 223 206 317 rasi
277 217 284 229 ’
644 254 745 319 acra
767 257 935 320 coactio
960 227 1247 321 nsnovrcausr's
1268 256 1308 319 n.
1753 256 1828 318 raas

448 386 570 445 SDSSlO
590 388 625 445 ll.
645 389 648 395 '
959 391 988 458 Α
1003 389 1136 445 membra
1145 387 1200 445 hoe
1211 389 1289 445 idem
1301 389 1442 462 debemus
1450 386 1608 461 suscipere,
1616 390 1644 443 et
1655 388 1735 444 omni
1746 405 1830 446 vene·

123 476 263 534 Celebrate
278 491 328 533 arn
343 476 478 533 driuides
487 478 807 534 Decembris-luseris
818 485 856 535 est
868 494 948 534 enar·
1001 477 1114 533 ratione
1129 475 1265 549 amplecti
1281 494 1288 544 ;
1304 480 1333 532 et
1355 476 1424 549 quia
1448 476 1499 548 qui
1523 480 1696 549 potestatem
1717 475 1828 550 ligandi

157 549 228 604 mliii
244 563 337 604 imm
355 550 386 603 in
412 549 528 605 ⁶⁰²2⁶²ll0
555 550 741 605 mmmcmlii
754 567 763 604 ¹
778 565 850 606 ΜΟ
869 549 945 606 ¹⁰¹9·
1002 569 1089 639 atque
1105 565 1235 622 solvendi
1250 565 1366 638 proprie
1380 582 1398 621 a
1410 564 1534 632 Christo,
1550 564 1580 620 in
1596 565 1681 622 terris
1695 564 1726 622 in
1740 581 1827 624 carne

157 628 302 692 ⁹⁶⁸va·
1001 653 1098 709 adhuc
1113 654 1246 727 degente,
1261 658 1447 727 acceperunt,
1464 655 1574 726 absque
1598 653 1689 710 dubio
1703 653 1829 727 apostoli

156 745 289 800 Secundo
303 742 415 800 interea
433 744 549 801 concilii
565 745 623 811 die,
634 748 702 818 post
716 745 947 802 anniversariam
1001 747 1091 812 eunt;
1106 743 1219 815 etquis
1238 759 1324 799 nemo
1346 742 1543 799 contradicere
1557 758 1625 798 vero
1639 745 1744 815 potest,
1760 743 1827 800 bea·

121 832 278 889 Dominioe
290 832 416 889 basilice
428 833 644 890 solemnitatem
653 850 946 907 excursameurgen-
1001 834 1064 887 tum
1080 820 1243 889 Martialem
1258 849 1276 887 a
1289 831 1404 889 Christo
1418 830 1449 887 in
1464 831 1551 888 terrie
1574 830 1605 886 in
1630 847 1717 888 carue
1732 830 1828 889 adhue

120 928 164 978 tes
180 921 308 994 episcopi
318 922 355 977 ad
371 921 555 993 psallendum
571 927 639 980 ante
653 922 759 991 lucem,
775 929 862 996 atque
877 939 946 979 curn
1001 920 1123 993 degente
1146 925 1321 992 potestatem
1336 919 1446 993 ligandi
1471 924 1500 977 et
1524 918 1655 977 solvendi
1675 936 1744 977 cum
1759 919 1828 977 reli-

121 1026 227 1066 aurors
245 1009 320 1066 lucis
334 1010 417 1067 daret
432 1011 561 1083 primurn
575 1011 693 1068 initium
708 1012 765 1084 ipsi
774 1012 829 1068 diei
836 1011 947 1082 ,altaris
1001 1009 1068 1082 quis
1087 1009 1228 1081 apostolis
1250 1009 1407 1083 accepisse.
1425 1009 1524 1065 Sancti
1549 1010 1637 1066 etiem
1653 1009 1786 1066 doctores
1800 1011 1830 1066 et

120 1098 293 1172 mysterium
303 1099 427 1156 Domino
442 1099 652 1172 persolventes,
667 1100 751 1157 valde
762 1104 946 1169 manarate·
999 1103 1099 1172 patres
1115 1099 1206 1155 nostri
1220 1099 1343 1171 antiqui,
1359 1098 1502 1154 columne
1521 1098 1656 1156 Scelesie
1682 1097 1828 1168 tortiores,

120 1186 527 1260 quamclariusillucescerct,
539 1190 575 1245 ad
585 1190 737 1247 basilicam
748 1195 855 1246 sancte
866 1189 946 1246 sedis
999 1187 1183 1260 proclamant
1197 1205 1300 1246 omnes
1312 1188 1363 1261 qui
1374 1188 1532 1244 Dominum
1543 1188 1573 1243 in
1584 1203 1671 1246 carne
1681 1187 1827 1256 viderunt,

121 1276 282 1350 aggregati,
296 1277 642 1353 congruentietdisposto
653 1279 947 1336 ordineintraverunt
999 1292 1125 1348 eumque
1141 1282 1241 1349 postea
1256 1276 1498 1350 predicaverunt,
1512 1276 1603 1333 luisse
1618 1274 1766 1349 apostolos
1779 1293 1829 1350 sp-

119 1365 156 1420 ad
172 1365 341 1421 concilium.
359 1366 505 1422 litaniam
516 1366 722 1440 imposuitillis
737 1369 831 1424 tribus
841 1367 946 1423 diebus
999 1364 1132 1437 pellates.
1146 1366 1180 1421 Dt
1195 1365 1261 1438 quis
1277 1365 1424 1438 negaverit
1434 1366 1552 1422 beatum
1568 1369 1725 1438 patronum
1736 1363 1828 1423 istum

115 1453 180 1524 jam
195 1453 293 1510 dictus
308 1455 438 1511 domnus
461 1456 629 1526 azenerius,
658 1455 835 1513 venerabilis
864 1460 947 1527 pater
998 1453 1829 1527 vidisseDominumincarne,eteumposteapredicassel

118 1542 365 1599 monasteriorum
375 1544 469 1601 sancti
483 1544 600 1600 Martini
614 1542 946 1613 Masoiacensis,Sancti·
999 1542 1108 1601 Paulus
1123 1559 1239 1616 quoque
1249 1544 1353 1599 doctor
1362 1542 1495 1617 gentium
1506 1541 1589 1612 alios,
1599 1544 1727 1616 exceptis
1739 1542 1829 1600 unde·

120 1646 177 1704 que
192 1631 339 1688 Benedicti
356 1632 558 1700 Floriarensis,
576 1633 625 1706 qui
641 1650 700 1689 una
719 1649 787 1689 cum
812 1632 944 1688 antistite
999 1634 1067 1703 cim,
1083 1633 1186 1689 scribit
1199 1649 1264 1689 esse
1280 1636 1438 1705 apostotos,
1454 1631 1574 1689 dicens:
1592 1633 1726 1709 Apparuit
1738 1633 1831 1689 Demi·

120 1718 291 1776 bituricensi
307 1721 343 1777 ad
355 1721 511 1777 concilium
524 1722 728 1779 lemovicense
742 1721 944 1778 advenerat.ln
999 1740 1051 1779 aus
1075 1722 1222 1787 undecim
1239 1721 1336 1778 deiride
1359 1722 1489 1794 apostolis
1514 1723 1641 1781 erunibus
1656 1721 1679 1794 (l
1691 1720 1752 1779 Cor.
1768 1721 1827 1794 xv),

124 1807 350 1881 quibuslitaniis
360 1810 479 1866 beatum
488 1809 650 1867 Martialem
659 1810 735 1866 inter
744 1809 868 1866 aliorum
880 1826 946 1883 apo-
960 1764 983 1831 B
1000 1813 1054 1869 boc
1068 1815 1113 1869 est
1122 1811 1309 1885 septuaginta
1321 1810 1447 1876 duobus,
1460 1811 1496 1866 de
1505 1809 1615 1883 quibus
1629 1810 1829 1867 indubitanter

124 1896 267 1954 stolorum
281 1899 401 1955 nomina
415 1900 578 1955 enuntiavit
592 1917 643 1972 per
653 1899 786 1973 singulos
796 1899 945 1956 diesNam
999 1919 1091 1958 unum
1101 1901 1319 1958 esseeredimus
1328 1901 1446 1956 beatum
1455 1899 1710 1957 Martialem.Nam
1721 1903 1827 1956 etcum

119 1984 180 2043 hec
195 1986 238 2042 illi
254 1991 284 2043 et
298 1987 360 2044 suis
388 1988 510 2060 antiqua
533 1989 628 2045 inerat
648 1989 839 2058 consuetudo,
870 1989 946 2045 sicut
999 1990 1143 2048 Dominus
1159 1990 1267 2045 diceret
1283 2006 1290 2044 :
1307 1991 1400 2045 Nonne
1414 2004 1460 2045 rus
1474 1989 1616 2046 duedecim
1630 1990 1722 2061 slepi?
1736 1989 1825 2062 (locu.

118 2074 182 2148 ipse
206 2076 318 2133 cunctis
335 2076 365 2131 in
393 2074 516 2133 concilio
532 2077 651 2150 publice
676 2077 861 2152 predicabat.
879 2077 946 2133 Erat
998 2084 1050 2149 vr.)
1065 2078 1201 2151 nunquid
1216 2077 1289 2134 dixit
1306 2095 1312 2132 :
1328 2077 1430 2134 Nonne
1445 2095 1496 2134 roe
1508 2078 1664 2134 duodecim
1678 2077 1827 2150 apostolos

118 2168 217 2220 autem
225 2164 549 2238 appprimeliberalium
561 2166 670 2223 artium
677 2166 799 2238 peritus,
809 2165 860 2237 qui
871 2165 945 2222 dice·
998 2168 1094 2243 elegi?
1109 2168 1208 2225 Potius
1232 2167 1419 2235 subauditur,
1442 2167 1599 2239 discipulos,
1616 2167 1827 2224 teste·Joanne
1907 2240 1910 2243 Ι

118 2252 171 2308 bat
185 2252 270 2309 valde
284 2253 346 2309 lieri
376 2254 596 2322 inconveniens,
613 2271 681 2311 eum
705 2254 755 2328 qui
772 2258 945 2327 potestatem
998 2255 1185 2330 evangelista,
1195 2256 1246 2328 qui
1260 2255 1300 2311 ait
1311 2273 1318 2312 :
1330 2257 1409 2312 Multi
1420 2255 1618 2327 dissipatorum
1626 2255 1685 2327 ejus
1699 2256 1828 2311 obierunt

117 2341 229 2414 ligandi
240 2345 269 2398 et
278 2341 409 2399 solvendi
422 2343 639 2416 alledemptore
650 2360 716 2400 eum
728 2342 793 2399 aliie
804 2341 945 2415 apostolis
998 2353 1079 2415 retro,
1096 2350 1122 2402 et
1132 2346 1193 2417 jem
1207 2361 1261 2400 neu
1276 2360 1339 2399 cum
1361 2344 1411 2399 itio
1435 2343 1613 2399 ambutabunt
1628 2342 1733 2415 (teia).
1749 2341 1827 2398 Dixit

119 2434 280 2504 acceperat,
296 2430 434 2489 intereos
459 2436 577 2490 sanctos
606 2432 657 2506 qui
685 2448 743 2488 non
773 2435 945 2505 acceperant
998 2449 1066 2506 ergo
1095 2434 1181 2490 iesus
1210 2433 1245 2488 ad
1274 2429 1641 2498 duedecimsubauditur,
1666 2430 1825 2502 decipulas.
1876 2470 1881 2479 -

121 2519 280 2592 predicari.
299 2519 470 2578 bicetenim
499 2537 585 2578 omne
612 2518 742 2594 episcopi
770 2523 943 2592 potestatem
998 2524 1092 2580 Nonne
1102 2538 1147 2577 cos
1156 2521 1307 2587 duodecim,
1316 2519 1558 2592 subintelligitur,
1567 2519 1827 2592 discipulos,ete9it

120 2606 248 2665 babeant
263 2608 373 2682 ligandi
388 2609 571 2679 etsolvendi,
587 2626 644 2666 non
657 2613 755 2665 umen
765 2624 830 2664 eam
840 2607 945 2664 atlhri·
997 2612 1033 2667 st
1048 2611 1175 2684 proiecto
1190 2614 1304 2666 constat
1324 2607 1543 2664 multitudinem
1558 2608 1649 2663 luisse
1666 2606 1825 2680 discipulo·

119 2701 165 2753 sto
178 2696 312 2769 privatim
328 2696 377 2754 alii
394 2703 580 2771 acceperunt,
596 2696 654 2754 nisi
681 2696 885 2753 matummodo
899 2694 944 2751 illi
999 2717 1064 2755 rum
1080 2699 1207 2766 Domini,
1222 2696 1348 2769 illosque
1371 2695 1537 2769 specialiter
1551 2694 1642 2751 luisse
1664 2694 1824 2768 apostolos,

121 2784 172 2857 qui
187 2801 254 2841 eum
271 2785 301 2840 in
316 2802 403 2841 carne
417 2787 513 2842 beatis
528 2785 621 2842 oeulis
637 2784 774 2841 viderunt
800 2787 829 2838 et
849 2782 944 2839 secuti
999 2804 1073 2859 quos
1083 2787 1145 2860 ipsa
1156 2786 1299 2842 Dominus
1308 2784 1405 2857 elegit,
1414 2789 1443 2840 et
1453 2782 1534 2839 misit
1544 2783 1581 2838 ad
1592 2783 1823 2855 predicandum.

122 2877 201 2941 sunt,
213 2878 242 2929 et
256 2873 293 2929 ab
319 2890 352 2929 eo
369 2873 588 2945 predicandum
614 2872 698 2929 missi
721 2877 809 2939 eunt;
829 2870 944 2928 dicente
999 2875 1100 2931 Nonne
1118 2873 1200 2930 electi
1222 2875 1259 2930 ad
1285 2873 1503 2947 predicandum
1519 2871 1638 2929 luerunt
1652 2871 1694 2928 illi
1708 2874 1745 2930 de
1759 2873 1825 2947 qui·

122 2961 245 3017 murino
262 2977 269 3018 :
285 2960 360 3016 Sicut
373 2962 449 3016 misit
463 2977 507 3017 oie
521 2963 612 3028 Peter,
628 2968 653 3017 et
667 2975 715 3030 eqo
730 2961 807 3023 mitto
821 2975 875 3015 uos.
891 2961 945 3016 lice
998 2964 1054 3019 bus
1076 2964 1169 3020 Lucas
1194 2963 1234 3018 ait
1258 2960 1457 3035 evangelista:
1474 2961 1630 3031 Desiqrrovit
1650 2963 1782 3018 Dominus
1799 2971 1827 3021 et

122 3065 184 3104 cum
198 3048 319 3116 dixisset,
334 3051 499 3121 insufflavit,
516 3057 542 3105 et
555 3049 627 3104 dicit
640 3050 680 3106 eis
694 3067 704 3105 .·
719 3050 837 3120 Accipite
855 3048 942 3120 Spiri-
998 3054 1067 3109 otios
1080 3053 1256 3124 septuaginta
1270 3051 1346 3117 dues,
1361 3055 1388 3107 et
1401 3052 1477 3107 misit
1492 3051 1564 3119 ittos,
1580 3051 1672 3106 diceas
1687 3069 1697 3107 .·
1712 3053 1825 3118 lte,eeee

121 3145 180 3193 tum
192 3142 317 3194 sonetum
335 3156 342 3194 :
358 3154 476 3210 querum
489 3139 650 3194 remiseritis
660 3147 783 3210 peccam,
797 3139 942 3194 remittuu·
958 3127 981 3196 C
997 3158 1046 3212 eqo
1060 3143 1138 3198 mitte
1162 3157 1208 3196 eos
1230 3142 1301 3197 sieut
1323 3157 1408 3211 apros
1433 3142 1506 3197 inter
1529 3140 1606 3213 lupos
1621 3141 1696 3214 (Luc.
1711 3142 1750 3215 x).
1768 3142 1824 3199 Sed

120 3235 165 3283 tus
178 3229 239 3294 eis:
254 3234 280 3284 et
293 3244 411 3300 querum
436 3229 617 3295 retinueritis,
642 3233 749 3284 retente
775 3236 839 3284 uini
852 3229 941 3298 (loen.
997 3231 1066 3304 quia
1079 3229 1257 3286 centendunt
1271 3230 1307 3285 de
1320 3229 1405 3285 beato
1416 3229 1553 3302 Dionysio
1569 3233 1597 3286 et
1607 3228 1673 3285 aliis
1688 3230 1824 3288 Patribus

119 3315 185 3387 xx.)
200 3315 289 3372 Porro
304 3332 372 3373 cum
388 3320 522 3373 orassent
544 3332 647 3376 omnes
670 3317 700 3372 in
722 3333 826 3382 unum,
850 3321 879 3372 et
891 3317 942 3373 ab·
996 3319 1126 3392 antiquis
1141 3317 1312 3385 Galliarum,
1329 3317 1463 3390 nunquid
1478 3317 1634 3391 Dionysius
1650 3322 1677 3374 et
1693 3318 1824 3377 Saturni·

119 3404 322 3461 archidiacono
337 3406 408 3461 data
421 3409 499 3462 esset
513 3420 645 3478 congrua
658 3404 755 3472 lectio,
785 3408 814 3461 et
837 3405 943 3474 deinde
997 3426 1063 3474 nus,
1079 3409 1184 3481 genere
1209 3407 1343 3480 gentiles,
1367 3408 1403 3463 ab
1428 3406 1493 3480 ipso
1514 3408 1595 3473 iesu,
1612 3412 1769 3480 antequam
1791 3409 1822 3465 in

118 3493 307 3565 consequenti
323 3493 425 3550 ordine
440 3494 476 3549 ab
491 3510 524 3550 eo
540 3493 589 3566 qui
605 3495 726 3550 verbum
736 3491 942 3550 declamatorie
996 3496 1083 3555 celos
1098 3497 1277 3565 ascenderet,
1291 3499 1465 3569 acceperunt
1479 3501 1653 3569 potestatem
1668 3495 1778 3570 ligandi
1794 3501 1823 3554 et
1892 3562 1896 3571 ¹

115 3582 289 3653 jubentibus
303 3582 449 3655 episeopis
479 3571 555 3651 iecit,
569 3583 702 3640 doctrina
721 3599 755 3638 ex
783 3581 942 3655 Scripturis
996 3586 1125 3644 solvendi
1141 3603 1208 3642 cum
1224 3585 1271 3641 hie
1293 3585 1343 3657 qui
1367 3584 1525 3641 Dominum
1539 3585 1570 3641 in
1586 3600 1672 3642 carne
1686 3585 1823 3642 viderunt

120 3670 227 3727 divinis
241 3676 270 3727 et
285 3672 320 3728 de
334 3673 391 3728 fide
407 3671 549 3729 catholica
564 3671 749 3746 promulgata
770 3677 848 3729 esset
864 3688 871 3729 :
888 3671 941 3727 ite·
995 3681 1023 3732 et
1037 3676 1129 3732 secuti
1145 3674 1237 3731 sunt?
1251 3674 1388 3746 Nunquid
1406 3690 1499 3746 usque
1519 3674 1605 3731 bodio
1619 3675 1820 3744 inveniuntur,
1910 3708 1915 3715 =

122 3775 188 3814 rum
203 3759 280 3815 inter
294 3761 447 3833 episcopos
465 3778 560 3818 sermo
575 3761 692 3817 babitus
707 3768 753 3818 eet
764 3762 801 3819 de
822 3762 941 3818 veritate
995 3764 1065 3838 quia
1094 3764 1129 3820 de
1159 3764 1286 3819 novitate
1308 3769 1477 3831 caueantur,
1495 3763 1615 3819 nomina
1638 3764 1768 3838 Dionysii
1793 3769 1822 3822 et

118 3848 349 3920 requirenda,et
368 3850 512 3921 usquead
541 3855 666 3907 mortem
697 3850 941 3919 observanda,de
995 3853 1146 3910 Saturnini
1162 3852 1272 3925 scripta
1287 3851 1403 3922 uspiam
1419 3868 1471 3924 per
1485 3851 1604 3907 litanias
1617 3851 1695 3909 inter
1707 3858 1822 3926 aposto·

117 3935 232 3993 fallacia
243 3938 374 3994 notanda
387 3938 592 3994 etadnihilum
599 3938 939 4012 redigendadejustitia,
994 3941 1089 3999 lorum
1106 3941 1247 3998 nominat
1263 3939 1385 4012 liquido
1401 3943 1517 3995 constat
1540 3956 1605 3997 vero
1620 3940 1690 4012 quia
1701 3957 1753 4014 per
1768 3958 1820 3998 an·

116 4024 152 4081 de
167 4042 248 4097 paee,
263 4027 299 4082 de
311 4027 431 4084 Patrum
448 4027 566 4083 statutis
578 4027 785 4084 inviolabiliter
794 4028 938 4086 tenendis.
993 4032 1177 4104 tiquissimos
1193 4029 1317 4097 codices,
1329 4044 1418 4101 penes
1433 4027 1604 4084 innumeros
1618 4027 1699 4086 loces
1713 4033 1742 4085 et
1752 4046 1821 4103 gen-

116 4113 149 4171 ln
175 4114 279 4188 primis
306 4115 418 4188 itaque,
448 4119 607 4188 antequam
634 4117 670 4173 de
690 4116 839 4189 aliquibus
864 4116 941 4173 inter
992 4124 1036 4176 tes
1051 4119 1351 4193 longinquas,beatua
1361 4116 1504 4174 Martialis
1515 4133 1574 4172 una
1588 4133 1656 4173 cnm
1672 4117 1738 4174 aliis
1754 4135 1821 4191 apo·

115 4203 268 4277 episcopos
282 4205 480 4262 contabulatio
495 4204 586 4273 fieret,
611 4205 699 4263 exstit
716 4221 752 4261 ex
776 4206 939 4278 maioribus
992 4207 1078 4265 stolis
1092 4208 1220 4280 scriptus
1235 4211 1289 4264 est.
1304 4205 1463 4280 Apostolus
1486 4222 1555 4279 ergo
1579 4205 1618 4262 sit
1637 4205 1733 4276 nobis,
1749 4206 1821 4279 quia

114 4292 235 4364 quidam
251 4292 301 4366 qui
317 4293 536 4367 archiepiscopo
551 4295 698 4352 discretz«
710 4293 939 4366 Quosdampha·
992 4300 1021 4354 et
1030 4302 1091 4352 erat
1105 4295 1245 4371 antiquis.
1258 4295 1340 4363 Quod
1353 4293 1479 4367 denique
1493 4293 1632 4351 debeatis
1643 4294 1779 4367 Dionysio
1790 4297 1820 4351 et

114 4380 231 4438 rissime
246 4382 341 4454 Pater,
361 4400 395 4439 ex
411 4383 583 4440 clericorum
600 4384 702 4440 ordine
713 4385 742 4440 in
759 4383 813 4440 hac
827 4385 896 4440 sade
909 4387 939 4441 et
991 4385 1148 4442 Saturnino
1159 4384 1229 4451 dixi,
1238 4384 1339 4440 eodem
1352 4384 1438 4439 modo
1449 4382 1561 4439 dictum
1574 4388 1644 4455 pute
1655 4384 1691 4440 de
1702 4382 1817 4450 Ursino,

112 4469 143 4525 in
159 4470 213 4527 bac
230 4472 301 4529 urbe
312 4473 399 4529 modo
409 4489 474 4530 esse
485 4473 743 4546 deprehendimus,
760 4472 810 4546 qui
823 4490 881 4529 non
895 4490 937 4530 ra·
951 4497 976 4564 D
991 4475 1027 4532 de
1041 4473 1257 4538 austremonio,
1274 4473 1310 4528 de
1331 4472 1436 4528 Fronto
1455 4487 1561 4544 genere
1575 4470 1766 4539 Petraeorieo,
1782 4471 1819 4530 de

112 4559 201 4627 tione,
215 4561 264 4617 sed
273 4559 390 4618 levitate
400 4563 505 4619 vestris
515 4561 702 4636 nonobsequi
712 4567 817 4637 parant
826 4563 935 4633 verbis,
990 4564 1107 4621 iuliano
1123 4560 1345 4632 cenomanensi,
1362 4576 1468 4634 genere
1492 4561 1633 4630 Romano,
1649 4564 1679 4617 et
1697 4561 1732 4617 de
1751 4559 1819 4618 aliis

114 4649 222 4721 quibus
246 4649 390 4707 hesterno
416 4651 541 4709 concilio
569 4651 712 4724 agitatum
741 4660 785 4710 eet
801 4654 836 4710 de
852 4655 937 4711 beato
991 4653 1042 4727 qui
1051 4651 1198 4725 apostolos
1207 4650 1342 4706 viderunt
1353 4649 1382 4705 in
1394 4666 1481 4706 carne
1491 4648 1535 4705 vel
1544 4649 1816 4722 viderepotuerunt,

116 4737 248 4795 Martiale
262 4739 425 4811 equitanie
440 4742 568 4809 doctore,
577 4746 609 4797 ut
620 4740 718 4813 potius
733 4741 810 4798 inter
823 4747 938 4815 aposto
991 4742 1042 4815 qui
1057 4747 1118 4797 tam
1134 4756 1150 4795 a
1165 4741 1250 4796 beato
1264 4738 1347 4795 Petro
1363 4753 1452 4811 quam
1463 4755 1480 4793 a
1491 4739 1574 4795 beato
1586 4737 1744 4807 Clemente,
1756 4737 1817 4794 sive

113 4824 158 4882 los
173 4843 263 4898 quam
279 4828 356 4884 inter
369 4830 551 4887 consessores
556 4829 741 4902 pronuntiari
751 4830 787 4887 ab
798 4831 936 4888 omnibus
990 4830 1209 4887 successoribus
1232 4828 1307 4899 ejus,
1323 4827 1353 4883 in
1378 4825 1501 4884 Galliam
1523 4830 1589 4900 post
1603 4828 1721 4885 beatum
1737 4827 1817 4884 Mer-

112 4920 191 4971 reete
210 4916 359 4974 debeatur.
377 4919 472 4991 Super
486 4935 545 4992 qua
558 4935 590 4976 re
605 4916 724 4992 quidam
739 4918 847 4988 adbuc,
857 4918 937 4977 velut
989 4920 1089 4978 tialem
1104 4917 1261 4992 predicare
1276 4915 1360 4973 missi
1386 4920 1465 4972 sunt.
1488 4914 1531 4971 llli
1547 4932 1605 4972 non
1621 4914 1786 4989 specialiter
1799 4932 1817 4974 a

112 5005 249 5061 novitatis
261 5007 337 5062 nacti
348 5008 738 5075 occasionem,murmurant
748 5007 779 5063 in
790 5007 935 5082 angulis.»
990 5009 1116 5076 Christo,
1132 5007 1183 5063 sed
1199 5007 1235 5063 ab
1251 5005 1293 5063 eis
1308 5005 1359 5079 qui
1382 5003 1449 5061 illos
1463 5004 1493 5059 in
1515 5005 1702 5077 episcopatus
1715 5005 1816 5061 ordine
1895 5042 1898 5049 ,

147 5094 934 5171 (tuiarehiepiscopueitaresponditz«Nulluenostrum
988 5101 1205 5165 consecrarunt,
1217 5099 1390 5169 potestatem
1406 5092 1517 5167 ligandi
1533 5092 1723 5168 solvendique
1737 5110 1816 5151 sece-

110 5181 236 5255 ignorat,
248 5183 564 5259 besterno[die]coram
574 5185 713 5242 omnibus
723 5185 936 5244 rationabiliter
988 5182 1562 5262 perunt,quemadmodumetegoipsam
1572 5186 1746 5256 potestatem
1756 5200 1814 5240 noa

110 5287 176 5328 esse
187 5272 354 5342 delinitum,
371 5275 450 5347 quod
466 5275 543 5333 beati
556 5274 699 5331 Martialis
719 5273 873 5348 legationis
888 5279 933 5332 te·
989 5293 1053 5333 meo
1069 5275 1183 5342 merito,
1199 5274 1249 5330 sed
1265 5272 1359 5347 gratia
1374 5271 1435 5341 Dei,
1446 5271 1483 5328 ab
1493 5287 1527 5328 ea
1538 5271 1590 5344 qui
1605 5271 1677 5328 mibi
1689 5271 1814 5346 gratiam

110 5359 283 5418 stimonium
309 5363 498 5437 abantiquis
525 5367 760 5437 preoccupatam
775 5367 804 5420 et
830 5364 933 5422 testiti-
987 5366 1091 5423 tribuit
1105 5363 1302 5438 episcopatus,
1319 5364 1519 5418 consecratore
1532 5363 1761 5434 meo,preeente
1774 5356 1816 5414 vi·

110 5454 208 5506 catum
225 5452 283 5520 sit;
303 5455 332 5509 et
347 5452 426 5526 quia,
441 5454 619 5527 sieutcuput
648 5456 781 5510 nostrum
802 5453 934 5513 Romana
988 5448 1578 5522 delicetdomnelordono,buJ‘ussancte
1592 5449 1671 5506 sedis
1686 5445 1815 5504 Lemovi-

110 5543 212 5608 sancts
227 5540 388 5624 apostoliea
401 5544 487 5607 sedes
511 5542 691 5626 comprobat,
718 5541 760 5603 ita
788 5559 842 5604 nos
869 5545 934 5624 ejus
988 5533 1815 5620 oerrsispaetore,accepi.Sedquidadhuepturareespitu·
