3884 6084
132 251 200 332 ild

746 269 957 338 expostulo
978 271 1236 341 PSALMORUM.

1785 272 1848 342 dli

129 396 263 473 suasos,
280 400 444 478 quisatiari
456 402 560 478 poculo
575 404 782 477 vitalinoluut,
797 408 848 465 sed
862 424 962 483 saepe·
976 412 1005 480 Α
1021 409 1055 464 19
1092 409 1202 468 llerodii
1225 409 1320 468 mosas
1342 408 1401 467 dac
1422 416 1460 468 eet
1483 426 1577 468 eorum
1591 426 1598 466 :
1614 418 1719 469 etentes
1746 409 1849 470 excelsi
1891 435 1893 442 s

130 495 215 548 eunt
226 492 257 549 iu
272 491 323 549 siti
337 493 431 550 donee
446 492 598 568 plenitudo
612 496 745 571 gentium
760 498 922 555 intraverit.

131 608 167 664 ¹3
205 608 296 684 Super
308 625 342 666 eu
355 610 477 668 uolumen
490 611 553 669 cati
567 613 733 670 habitabunt
748 632 757 670 :

202 705 241 756 lle
254 697 344 757 scedio
355 703 501 773 petrarum
513 699 618 758 dobant
632 718 732 761 uocem.

166 795 187 853 C
202 795 344 854 Volucres
357 797 423 854 caeli
440 816 447 854 :
464 799 579 856 animas
590 805 707 858 sanetas
718 801 889 874 pontificum
899 801 962 858 vult

131 884 271 959 intelligi,
286 886 339 960 qui
353 903 443 961 supra
455 888 578 961 populos
593 889 720 959 Domini,
732 891 843 947 sanctis
858 891 961 964 pradi-

129 974 300 1031 cationlbus
322 975 467 1032 habitant.
484 981 523 1033 De
553 978 650 1036 medio
673 984 824 1052 petrarum
850 980 962 1036 dabunt

128 1079 232 1120 vocem
247 1081 255 1121 z
269 1065 387 1138 quando
397 1065 596 1139 apostolorum
608 1071 636 1125 et
645 1067 853 1141 prophetarum
866 1085 961 1125 exem·

130 1151 198 1226 plis,
213 1150 314 1226 eliqua
328 1154 486 1227 predicare
500 1160 670 1226 noscuntur,
687 1157 716 1213 id
732 1159 778 1214 est
791 1158 827 1215 de
842 1156 959 1215 illorum

129 1239 288 1297 traditione
303 1258 358 1300 sua
369 1241 448 1299 dicta
462 1243 589 1301 firmare.

132 1356 162 1412 ll
199 1358 306 1428 Ripam
320 1368 424 1417 montes
437 1359 470 1416 de
484 1361 670 1434 supetioribae
684 1361 742 1417 sais
760 1379 766 1418 :

197 1451 241 1503 De
252 1448 347 1519 [tacta
360 1464 473 1521 opertam
486 1457 596 1506 tuorum
610 1451 761 1508 satiabitur
774 1458 857 1508 terro.

160 1543 185 1600 ll
201 1543 316 1618 Riguus
331 1551 457 1618 montes,
472 1546 527 1605 boc
538 1551 585 1606 est
598 1549 755 1621 apostolos.
773 1555 811 1607 lte
824 1552 957 1624 superio·

130 1632 210 1689 ribus
226 1650 234 1689 ι
250 1635 406 1693 effundens
418 1652 508 1710 super
522 1652 573 1694 eos
587 1637 728 1711 Spiritum
744 1645 891 1696 sanctum.
903 1642 954 1698 Sa-

1126 502 1223 557 cercis

1071 590 1153 646 Petra
1166 591 1305 661 retugium
1321 591 1462 646 erinaciis.

1053 677 1237 735 Hherodius
1263 680 1358 751 major
1380 683 1426 734 est
1446 677 1580 735 omnium
1605 679 1780 748 volatilium,
1796 679 1847 754 qui

1017 767 1146 841 aquilam
1162 768 1254 825 uincit
1275 771 1304 824 et
1325 768 1471 824 comedit:
1488 771 1517 824 et
1530 767 1678 842 significat
1696 768 1847 828 homiuem

1016 861 1163 926 sanctum,
1188 857 1372 913 habitantem
1399 856 1430 912 in
1458 857 1546 914 domo
1575 857 1636 926 Dei,
1664 859 1845 930 adjutorium

1015 950 1204 1019 prostantem
1220 946 1286 1002 aliis
1302 947 1338 1002 ad
1363 946 1542 1003 vincendum
1565 946 1728 1003 diabolum.
1739 947 1846 1021 Aquila

1015 1036 1096 1092 enim
1112 1052 1187 1109 sape
1203 1053 1254 1109 pro
1269 1034 1385 1091 diabolo
1401 1035 1560 1107 ponitur.G
1574 1035 1682 1092 Cervus
1697 1036 1844 1109 significat

1014 1124 1125 1192 fideles,
1142 1125 1192 1197 qui
1209 1128 1374 1197 serpentem
1390 1124 1541 1194 devorant,
1558 1124 1587 1180 id
1611 1129 1656 1181 est
1678 1124 1840 1196 diabolum,

1013 1230 1082 1270 oum
1098 1215 1259 1287 nequitiam
1283 1214 1347 1285 ojus
1371 1214 1406 1269 ud
1432 1213 1550 1270 laudem
1573 1212 1621 1270 lici
1645 1218 1840 1273 convertunt:

1013 1301 1149 1360 habitant
1164 1301 1371 1370 humentibus,
1386 1301 1415 1357 id
1435 1305 1480 1358 est
1506 1300 1647 1375 apostolis
1659 1307 1688 1359 et
1712 1304 1839 1377 propho-

1012 1391 1226 1448 tisllrinacius
1249 1408 1316 1447 vcro
1344 1395 1399 1458 est,
1422 1407 1508 1463 quem
1538 1408 1678 1449 vocamus
1701 1392 1838 1463 crinium,

1012 1478 1120 1537 animal
1136 1480 1285 1547 timidum,
1303 1483 1408 1536 natura
1427 1484 1584 1549 armatum,
1601 1480 1632 1535 in
1653 1480 1731 1538 saxis
1753 1481 1838 1538 habi-

1011 1573 1078 1627 tans
1093 1585 1129 1626 ne
1145 1568 1311 1625 inveniatur
1327 1588 1334 1625 :
1351 1573 1379 1624 et
1394 1571 1576 1640 peccatorem
1602 1567 1759 1643 significat,
1775 1571 1842 1643 qui,

1011 1658 1144 1715 futurum
1166 1657 1313 1732 judicium
1336 1663 1481 1725 metucns,
1499 1659 1535 1714 ad
1552 1662 1666 1732 petram
1688 1658 1838 1716 Christum
1926 1684 1932 1695 ⁴

130 1720 249 1778 inbitur
262 1725 353 1792 terra
367 1724 397 1781 id
411 1728 467 1792 est,
482 1726 590 1783 terreni
601 1726 637 1784 de
652 1726 802 1787 benefieiis
823 1728 952 1805 largitio-
1012 1747 1129 1820 refugii,

130 1809 170 1867 nis
184 1809 310 1868 Christi.
324 1812 346 1869 C
360 1812 413 1870 Vel
435 1818 550 1872 montes
566 1815 712 1889 :quilibet
730 1817 864 1875 lleeleeia
883 1820 952 1876 boni
969 1791 993 1856 B
1008 1837 1043 1891 20
1079 1836 1259 1895 pecittunam
1272 1837 1301 1892 in
1316 1844 1436 1908 tempore
1451 1854 1461 1892 .·

130 1897 245 1971 praelati,
259 1899 424 1975 irrigentur
439 1903 547 1962 caelesti
564 1905 697 1963 doctrina
712 1923 719 1964 :
735 1910 766 1964 et
780 1924 881 1964 eorum
903 1909 954 1965 do-

129 1987 260 2047 etrinaet
271 1991 341 2061 rita,
357 1993 465 2048 terreni
480 1993 511 2050 in
536 1994 641 2051 melius
666 1995 782 2064 mutati,
799 1996 952 2054 satiantur.

129 2103 158 2161 15
194 2105 354 2163 hedam
367 2109 463 2180 senum
473 2109 633 2180 jamesius

191 2195 228 2252 Et
246 2193 361 2252 tetam
372 2198 500 2253 seruituti
512 2198 666 2254 torniacum.

1079 1926 1125 1981 Sol
1138 1926 1262 1997 cognovit
1276 1941 1401 1982 oceasum
1414 1942 1505 1982 suam.

1043 2015 1160 2070 CLuna
1174 2013 1318 2086 significat
1335 2014 1513 2070 Ecclesiam:
1528 2032 1591 2088 qua
1606 2014 1636 2071 in
1651 2017 1834 2089 temporibus

1007 2103 1151 2170 recteest,
1167 2104 1285 2176 quando
1300 2120 1365 2159 eam
1381 2103 1474 2159 minui
1490 2104 1634 2177 contingit
1647 2108 1677 2160 et
1693 2121 1833 2162 creseere.

1006 2193 1053 2250 Sol
1071 2212 1077 2250 ε
1094 2194 1238 2259 Christus,
1255 2191 1304 2249 ille
1319 2193 1455 2265 coguovit
1469 2209 1606 2249 occasum
1621 2210 1722 2262 suum,
1739 2194 1768 2250 id
1788 2200 1834 2251 est

154 2282 952 2358 Ghdmonetprophetamtterrailla,coelestiimbre
1005 2281 1129 2355 gloriam
1145 2301 1204 2339 sure
1220 2282 1453 2355 passionis,eum
1468 2281 1621 2355 discipulis
1637 2282 1834 2340 diceret:Ve·
1917 2350 1920 2358 ¹

123 2371 240 2440 ειιίιιι,
256 2374 402 2446 producat
415 2376 527 2448 fenum,
538 2375 567 2432 id
582 2381 627 2434 est
641 2376 841 2452 eleemosynas
852 2379 949 2449 faeiat,
1005 2373 1049 2429 nit
1064 2372 1146 2440 hora,
1162 2375 1191 2428 et
1203 2371 1295 2428 Filius
1307 2370 1435 2428 hominis
1453 2372 1583 2428 tradetur
1598 2372 1628 2427 in
1645 2388 1751 2430 manus
1767 2390 1834 2446 pec-

116 2461 275 2532 lumentis,
285 2461 314 2519 id
331 2466 376 2520 est
390 2462 637 2538 pauperihus,his
647 2466 697 2539 qui
713 2466 948 2540 pessimpetunt.
1004 2466 1136 2518 tutorum
1148 2461 1251 2534 (Mutila
1268 2461 1356 2533 tw)-

118 2551 250 2608 llerham
264 2567 332 2608 vero
349 2551 482 2610 servituti
491 2553 645 2611 homiuum
658 2573 665 2611 ε
678 2555 732 2612 hoe
747 2559 838 2628 estut
848 2556 889 2613 illi
902 2575 950 2614 ne·
1002 2551 1036 2606 21
1074 2552 1198 2607 Potuisti
1212 2551 1337 2607 tenebrat
1350 2555 1376 2606 0²
1386 2553 1462 2623 sm
1474 2558 1513 2607 ⁶³²
1523 2566 1579 2607 '¹0³⁶
1593 2570 1602 2606 ·'

116 2638 251 2698 mesaria
265 2640 443 2710 tribuantur,
459 2642 496 2700 de
510 2660 569 2717 quo
579 2645 722 2717 scriptum
737 2649 781 2702 cst
797 2663 804 2701 :
822 2646 949 2704 Desudct

117 2727 307 2802 eleemosyna
316 2728 346 2786 in
361 2746 452 2788 manu
463 2734 523 2800 tua,
532 2732 624 2789 donee
633 2733 763 2791 invenies
773 2735 889 2807 justum
900 2737 946 2792 cui

1074 2639 1105 2694 ln
1122 2641 1183 2711 ipse
1195 2641 1408 2712 pertransibunt
1422 2656 1514 2696 omem
1529 2640 1624 2698 bestia
1638 2640 1726 2698 silea.

1037 2728 1058 2783 C
1073 2728 1174 2784 Posuit
1189 2729 1324 2784 tenebras
1337 2744 1344 2783 ε
1357 2727 1387 2783 in
1402 2731 1533 2801 tempere
1546 2727 1831 2801 passionis,quando

116 2831 183 2874 eam
199 2818 313 2883 tradas,
322 2817 352 2876 id
367 2823 422 2887 est,
433 2836 491 2892 pree
505 2821 681 2879 verecundia
694 2826 723 2879 ot
737 2822 877 2896 patientia
889 2842 946 2882 non
1001 2817 1045 2874 sol
1058 2817 1233 2874 obscuratus
1248 2820 1303 2872 cst.
1315 2816 1376 2871 Non
1394 2816 1483 2873 etiam
1499 2815 1558 2873 illis
1575 2815 1693 2891 luit,qui
1704 2816 1830 2874 carnali·

116 2907 241 2980 poterut
253 2908 277 2963 Α
290 2906 342 2966 Vel
357 2909 502 2967 ministris
515 2909 649 2968 lleclesiae
664 2912 785 2970 verbum
794 2913 844 2970 Dei
861 2914 947 2971 mini-

116 2997 283 3054 strantibus
297 3000 327 3054 et
341 2999 530 3072 pauperibus.

119 3112 153 3168 le
188 3112 609 3188 tlteducaepanemdeterra:

186 3201 222 3258 Et
235 3203 333 3258 etnam
347 3203 467 3276 laetificet
481 3220 528 3261 cer
541 3204 670 3264 bominis.

152 3289 174 3346 C
187 3289 279 3349 Panis
295 3296 394 3349 noster
407 3295 454 3350 est
464 3292 665 3367 Christus,qui
675 3296 711 3353 de
723 3299 799 3354 terra
810 3298 943 3370 produci-

121 3377 298 3452 tnr,quando
305 3376 417 3455 aliquid
427 3381 706 3458 indigentibus,ejus
717 3401 816 3443 amore
827 3390 945 3460 prasio·

121 3471 174 3525 tur.
183 3468 296 3525 Vinum
310 3468 439 3527 laetificet
452 3487 503 3528 cor
515 3488 521 3527 :
533 3472 563 3528 id
577 3476 622 3530 est
636 3478 846 3544 mentem,cum
857 3476 945 3533 luerit

123 3562 266 3614 uerutum
281 3558 311 3615 in
328 3561 500 3633 sanguinem
516 3560 622 3619 Christi
637 3568 666 3620 et
687 3563 844 3622 honorifice
864 3581 944 3647 acce·

127 3763 155 3817 lt
188 3765 488 3838 ustauhanaim
503 3768 534 3823 in
548 3769 629 3825 oleo:

186 3855 221 3910 m
235 3855 319 3925 panis
333 3869 380 3913 eur
394 3855 514 3914 hominii
529 3858 678 3929 matrinae.

152 3939 376 4001 CExhilaratur
390 3944 480 4003 iacies
494 3964 610 4020 quoque
623 3947 651 4003 in
669 3946 731 4005 oleo
744 3966 750 4004 :
763 3966 830 4004 cum
857 3949 946 4023 regali

128 4028 276 4089 &domate
290 4034 421 4108 ungitur.
435 4034 458 4092 ll
473 4035 524 4091 Vel
541 4036 744 4095 misericordia
757 4038 900 4095 exhilarat
916 4039 946 4095 in

126 4116 179 4178 eleo
191 4119 284 4178 inuias
295 4121 446 4193 justorum
462 4140 562 4181 eoram
575 4126 644 4182 Deo.
662 4126 750 4183 Panis
762 4127 810 4184 hic
825 4128 861 4183 ad
880 4128 946 4183 ani·

127 4221 194 4265 mem
210 4210 385 4269 referendus
399 4215 454 4277 est,
471 4212 522 4286 qui
537 4214 680 4285 perlectos
695 4215 785 4271 elficit
807 4215 946 4272 Christia-

130 4310 181 4353 nos.
196 4298 220 4353 Α
233 4298 370 4356 Christus
385 4300 432 4358 ille
445 4300 530 4374 panis
545 4306 599 4370 est,
616 4304 676 4360 sive
687 4303 815 4377 justitia.

131 4410 155 4467 te
186 4414 395 4473 Saturubuotar
407 4417 485 4490 liqna
497 4420 589 4491 compi
609 4425 674 4485 ÷et
694 4426 700 4485 ζ
723 4421 799 4480 cedri

190 4505 295 4561 titani
309 4521 378 4578 puae
389 4507 530 4580 plantavit
544 4525 552 4563 :

183 4593 247 4649 tuse
258 4609 382 4666 paueret
396 4595 588 4666 nidificmant.

152 4677 421 4739 llSaturabuntur:
435 4685 471 4741 de
483 4702 551 4742 vera
566 4685 706 4760 religione
717 4687 939 4762 Christi.higua‚

126 4763 201 4826 idest
215 4769 409 4830 rationabiles
423 4771 567 4831 homines.
580 4773 663 4831 Codri
677 4792 684 4831 t
702 4776 874 4834 excelsiores
884 4794 942 4834 me·

125 4853 169 4914 rito
181 4856 289 4928 uncti,
305 4876 380 4932 quos
395 4863 537 4935 plantavit
551 4862 582 4919 in
603 4863 715 4921 unitate
737 4864 941 4922 ecclesiastice

123 4942 217 5005 testu
232 4947 340 5005 Passer
354 4950 469 5009 minuta
479 4951 540 5009 avis
551 4955 595 5009 est
605 4953 813 5010 eteautissima
828 4955 916 5012 nimis
934 4973 940 5013 :

121 5036 303 5112 sisigniiieat
317 5040 529 5098 monachorum
543 5041 779 5116 parvitatemqui
794 5043 823 5098 in
835 5044 940 5111 cedris,

119 5119 199 5182 idest
211 5125 244 5183 in
260 5125 432 5186 haereditate
447 5130 746 5203 potentium,velutin
762 5132 940 5205 quibusdam

118 5215 211 5282 nmis,
224 5214 360 5285 nidos,id
375 5221 420 5274 est
434 5219 621 5286 monasteria,
630 5219 684 5276 eibi
700 5221 842 5279 adificare
854 5240 939 5279 mon-

116 5305 243 5361 drantur
260 5322 267 5360 :
284 5321 446 5381 eorumque
464 5309 567 5366 robore
587 5311 753 5378 sustentati,
769 5310 849 5368 velut
873 5329 939 5385 pas·

114 5407 201 5462 teres,
216 5394 324 5451 laudes
346 5397 461 5453 Domini
491 5398 611 5455 assidua
630 5416 699 5456 voce
726 5400 937 5473 frequentant:

111 5481 236 5541 eoeleatis
252 5483 281 5541 in
300 5488 378 5543 terra
393 5487 593 5558 vita,imitatio
608 5488 738 5545 fidelium
755 5490 935 5562 angelorum,

110 5569 242 5631 incarne
257 5578 365 5649 prater
377 5593 497 5638 caruem
512 5577 615 5636 vivere.

999 2911 1044 2962 ter
1054 2905 1202 2963 Christum
1212 2905 1242 2960 in
1251 2922 1336 2961 cruce
1347 2905 1487 2962 intuendo
1498 2905 1620 2962 comiter
1640 2905 1829 2962 estimabant

1000 2994 1084 3053 mori.
1100 2999 1132 3051 ln
1148 2995 1202 3050 hac
1219 2998 1302 3050 noete
1327 2994 1427 3051 hestia
1452 2993 1606 3050 exierunt:
1623 2994 1652 3050 td
1665 3001 1705 3050 est
1722 2993 1825 3051 wma-

997 3102 1044 3142 aes
1056 3091 1209 3158 qtiaereetes
1221 3085 1327 3156 aliquos
1336 3083 1475 3140 deverare.
1490 3083 1514 3139 ll
1530 3082 1643 3151 Quando
1656 3090 1682 3141 ct
1694 3084 1822 3139 aedisset

958 3160 1113 3248 Gjastitiae
1128 3173 1337 3240 aceldama
1361 3175 1481 3230 metrae
1503 3180 1576 3241 sent,
1592 3179 1618 3229 et
1640 3179 1705 3229 tanc
1727 3173 1758 3226 in
1771 3186 1822 3228 eos

993 3271 1186 3338 pertranseunt
1200 3263 1263 3319 iste
1280 3261 1378 3318 bestiae
1392 3261 1482 3329 silva,
1498 3260 1606 3318 diaboli
1616 3259 1738 3319 seilicet.

996 3357 1033 3410 22
1076 3353 1215 3418 ÷Cateti
1248 3359 1255 3418 ζ
1279 3353 1388 3408 leonum
1403 3352 1539 3423 repentes
1554 3359 1584 3407 at
1598 3351 1719 3424 rapiant.

1069 3444 1102 3498 Et
1117 3446 1244 3515 quarunt
1259 3458 1275 3496 a
1289 3440 1348 3498 'Deo
1363 3457 1451 3498 escam
1462 3441 1527 3497 citi.

1034 3531 1055 3586 C
1070 3532 1179 3587 Leones
1192 3549 1198 3586 ι
1212 3530 1344 3587 diabolos
1360 3529 1528 3603 significant
1542 3532 1660 3602 propter
1669 3528 1825 3586 crudelite-

1001 3623 1069 3677 tem.
1087 3619 1180 3676 (tetuli
1197 3619 1277 3693 (dicti
1293 3636 1326 3676 eo
1339 3619 1416 3692 quod
1439 3617 1565 3675 calleant
1588 3631 1676 3676 sensu
1696 3617 1824 3688 uarium)

1000 3708 1168 3783 significant
1180 3709 1331 3765 ministros
1342 3706 1518 3780 diaboli‚qui
1535 3707 1655 3782 rugiunt
1669 3712 1702 3765 ut
1717 3725 1824 3764 nocen-

999 3802 1059 3854 tem
1084 3800 1216 3872 perdaut.
1233 3801 1372 3864 Quaerunt
1394 3813 1461 3854 vero
1486 3796 1574 3853 istum
1599 3813 1698 3854 eseam
1711 3814 1729 3854 a
1742 3797 1826 3854 Deo:

1001 3904 1086 3944 nemo
1101 3887 1178 3944 enim
1203 3887 1365 3942 immundis
1386 3885 1540 3958 spiritibus
1562 3886 1625 3959 rapi
1650 3890 1756 3959 potest,
1770 3885 1828 3944 nisi

1000 3977 1061 4049 qui,
1078 3995 1132 4033 sua
1146 3978 1278 4050 exigente
1294 3975 1417 4048 culpae
1432 3976 1491 4031 Deo
1507 3975 1596 4031 luerit
1610 3974 1830 4032 derelictus.Ni·

1001 4065 1041 4122 hil
1055 4066 1133 4121 enim
1151 4083 1168 4120 a
1183 4082 1333 4137 quoquam
1348 4065 1411 4119 fieri
1428 4063 1600 4137 potest,nisi
1616 4063 1693 4136 quod
1709 4063 1772 4135 ipse
1787 4080 1831 4120 se·

1000 4160 1077 4212 creto
1089 4152 1213 4226 judicio,
1225 4158 1276 4209 aut
1299 4154 1335 4209 ad
1361 4152 1565 4225 probationem
1595 4156 1648 4208 aut
1667 4150 1826 4208 vindictam

1000 4243 1167 4301 iaciendum
1182 4259 1246 4299 esse
1262 4239 1437 4315 permiserit.

999 4334 1035 4390 23
1073 4332 1153 4389 uriae
1166 4339 1206 4388 eat
1219 4331 1270 4398 sot,
1284 4335 1311 4387 et
1325 4329 1483 4403 congregati
1494 4335 1559 4385 suut
1572 4346 1582 4383 .·

1072 4423 1104 4477 Et
1120 4424 1150 4477 in
1164 4421 1302 4477 cubilibus
1315 4422 1374 4476 cais
1389 4421 1601 4478 collocabuntur.

958 4533 982 4598 D
1036 4513 1153 4568 C'lunc
1175 4515 1257 4567 ortus
1285 4513 1330 4567 est
1351 4509 1394 4566 sol
1410 4527 1418 4566 t
1434 4509 1553 4582 quaudo
1578 4507 1711 4567 Christus
1726 4524 1827 4565 resur·

997 4602 1130 4668 renitet
1158 4604 1229 4655 tuno
1254 4598 1394 4657 satellites
1417 4597 1526 4655 diaboli
1556 4597 1734 4673 cougregati,
1760 4599 1825 4670 ejus

996 4691 1180 4763 majestatem
1196 4690 1318 4745 minime
1333 4687 1522 4757 sustinentes,
1539 4704 1570 4745 se
1584 4687 1613 4744 in
1638 4687 1701 4744 suis
1718 4685 1825 4742 eubili-

997 4780 1065 4847 bus,
1083 4779 1113 4835 id
1129 4777 1217 4835 estin
1234 4778 1427 4852 pertinacium
1442 4777 1609 4851 pectoribus
1634 4774 1824 4832 collocabant.

995 4869 1043 4925 Sol
1059 4872 1103 4925 est
1118 4867 1215 4924 dictus
1230 4885 1237 4924 :
1254 4867 1332 4942 quod
1348 4866 1429 4924 solus
1442 4866 1483 4922 ita
1498 4864 1584 4932 lucet,
1601 4866 1634 4920 ut
1650 4879 1686 4920 ex
1706 4878 1740 4920 eo
1762 4862 1825 4921 dies

996 4958 1057 5014 ssat.

996 5049 1032 5104 at
1068 5047 1164 5102 Exibit
1178 5045 1256 5102 hoino
1273 5044 1311 5101 ad
1327 5059 1394 5116 opus
1408 5059 1505 5098 saum:

1066 5140 1100 5191 Et
1114 5135 1149 5190 ad
1164 5136 1350 5206 operationem
1363 5148 1444 5188 auam
1457 5146 1543 5204 suque
1557 5129 1592 5187 ad
1606 5145 1754 5203 vesperam.

1030 5226 1050 5281 C
1066 5225 1124 5280 lste
1139 5224 1217 5280 enim
1234 5240 1306 5278 usus
1322 5226 1367 5277 est
1382 5219 1569 5277 mortalium:
1582 5219 1758 5293 utquandiu
1773 5219 1822 5276 hio

994 5312 1244 5381 sumus,veniente
1260 5312 1306 5368 die
1317 5309 1440 5367 diversis
1450 5326 1627 5382 occupemur
1636 5308 1819 5366 actionibus:

993 5421 1071 5459 unus
1087 5402 1155 5459 colit
1167 5399 1362 5474 agrum‚ulter
1377 5416 1408 5455 se
1423 5398 1508 5455 hellis
1523 5402 1655 5454 exercet:
1669 5402 1725 5454 lete
1738 5397 1818 5465 dicit,

994 5492 1042 5548 ille
1066 5493 1169 5549 docet:
1187 5494 1215 5546 et
1235 5489 1376 5562 quidquid
1405 5488 1568 5545 mortalitas
1592 5488 1662 5561 agit,
1678 5487 1820 5560 probatur

992 5582 1126 5640 concludi
1137 5581 1267 5654 vespera,
1284 5578 1313 5635 id
1327 5583 1373 5636 est
1386 5577 1568 5653 linc-saeuli.
1835 5574 1836 5579 ’
