3884 6084
129 279 205 350 tarr
600 242 1380 345 concauusnsuoucnnstsnuseorns.'
1762 273 1840 340 aare

128 440 143 470 ιι
161 417 239 474 nime
254 415 284 473 in
298 415 395 474 locum
408 413 678 474 indesubstitutus
689 411 949 485 lueritpraesertim
962 410 991 480 A
1007 411 1116 469 tionem
1131 413 1306 485 recolebant,
1324 413 1415 470 donec
1425 407 1660 487 juniores,quasi
1677 410 1789 469 melius
1799 431 1840 468 ze·

128 528 143 559 ιι
157 523 225 563 cum
241 506 401 563 anteriores
413 503 567 561 duodecim
583 507 673 560 testes
686 501 729 559 vel
747 500 892 576 grandavi
907 499 950 556 vel
1007 499 1105 568 lando,
1117 502 1176 558 ime
1192 502 1321 559 deterius
1336 503 1486 575 sapiendo,
1502 508 1656 577 ceperunt
1677 501 1841 560 novitatem

126 617 141 646 ιι
157 595 290 667 perlecta
305 599 403 650 essent
418 592 577 659 etatis,hic
594 596 693 649 autem
705 592 836 647 nondum
848 588 952 663 imple·
1005 590 1122 656 inferre,
1138 591 1267 648 dicentes
1284 610 1290 648 ε
1309 615 1324 642 ιι
1342 592 1422 650 Licet
1436 592 1522 649 nobis
1536 597 1697 665 patronum
1721 595 1843 666 Aquita·

127 705 143 736 ι
157 688 217 740 tam
232 683 361 755 corporis
379 687 494 739 atatem
519 681 657 737 haberet?
671 681 700 737 Si
726 684 823 736 autem
848 678 950 747 David,
1006 698 1022 729 ιι
1037 678 1091 734 nia
1112 681 1147 736 de
1172 679 1234 736 loco
1256 681 1466 753 apostolorum,
1483 683 1513 738 in
1535 699 1593 755 quo
1616 699 1699 738 nunc
1716 682 1843 739 ultimus

124 796 139 825 ιι
156 789 223 829 cum
240 770 335 827 adhue
351 777 428 828 esset
442 770 650 839 adolescens,a
665 769 788 826 Domino
799 767 909 824 electus
920 767 950 822 in
1006 788 1020 818 a
1036 772 1090 837 est,
1117 773 1327 836 transmutare,
1345 774 1377 827 ιιι
1402 770 1442 826 sit
1468 771 1553 826 nobis
1580 770 1796 838 honorabilior,
1817 772 1841 826 ri

127 883 139 911 r
156 877 290 934 regnum,
302 864 331 916 et
345 877 378 916 eo
391 860 515 931 jubente
530 859 747 916 consecratione
756 858 835 931 regia
845 861 950 912 vinctus
1005 879 1019 906 ι
1037 856 1166 929 ριιιιιιιιιι
1181 858 1210 913 in
1226 859 1429 915 confessorum
1444 859 1518 915 serie
1533 876 1602 915 eum
1628 859 1787 927 dicamus;
1804 861 1843 916 sit

124 953 315 1017 «esttamen
331 966 388 1005 non
405 953 472 1004 ante
488 964 609 1021 regnare
624 948 711 1020 ooepit
725 963 814 1018 quam
829 945 951 1019 triginta
1005 967 1019 995 ιι
1037 945 1122 1000 nobis
1143 946 1321 1019 principium
1349 948 1561 1015 consessorum,
1577 965 1636 1004 nou
1663 950 1841 1005 extremitas

124 1060 138 1090 ιι
154 1036 249 1094 atatis
261 1037 420 1109 compleret
435 1054 538 1102 annos,
556 1037 624 1110 quid
642 1036 750 1091 mirum
762 1036 787 1090 si
808 1034 950 1090 Martialis
1006 1055 1020 1084 κ
1035 1034 1233 1107 apestolorum
1246 1052 1251 1090 :
1264 1035 1401 1108 eligimus
1421 1041 1454 1091 ut
1475 1037 1719 1109 sitprimusante
1735 1055 1841 1094 omnes

123 1149 138 1179 ιι
154 1130 238 1183 atate
252 1126 348 1182 adbuc
365 1125 533 1182 adolescens
549 1126 714 1181 unctionem
740 1125 832 1179 sancti
855 1123 950 1195 Spiri-
1005 1143 1020 1173 a
1035 1123 1318 1196 confessores,quam
1335 1125 1456 1181 ultimus
1472 1125 1501 1180 in
1518 1125 1692 1198 apostolis.»
1706 1128 1766 1183 lloc
1783 1127 1841 1182 ita-

123 1237 138 1266 «
154 1218 203 1273 tus
218 1215 248 1271 in
265 1219 405 1289 potestate
421 1215 529 1288 ligandi
543 1220 631 1286 atque
647 1213 788 1280 solvendi,
804 1217 832 1268 et
847 1216 951 1268 catera
1003 1227 1060 1284 que
1074 1212 1198 1285 arbitpio
1214 1213 1343 1269 humano
1358 1213 1440 1269 nulla
1458 1214 1569 1270 ratione
1589 1215 1675 1282 tulto,
1694 1214 1839 1288 paulatim

123 1326 138 1355 ιι
154 1304 315 1378 gratiarum
340 1304 519 1360 charismata
542 1304 578 1358 ad
603 1302 732 1359 osticium
756 1301 948 1373 apostolicum
1004 1300 1147 1372 usquead
1164 1300 1226 1358 haec
1250 1306 1382 1374 tempora
1399 1307 1499 1358 nostra
1522 1301 1590 1358 tulis
1612 1302 1739 1360 increvit
1763 1322 1838 1372 mos,

123 1415 138 1443 ιι
155 1393 409 1465 pertinentiarum
423 1392 488 1447 aliis
504 1393 653 1447 aDomino
670 1391 780 1463 aceepit
792 1390 949 1462 apostolis‘l
1003 1405 1061 1443 non
1077 1394 1174 1445 tamen
1190 1390 1220 1444 in
1237 1390 1376 1446 omnibus
1391 1390 1473 1447 locis.
1490 1390 1642 1448 Nonnulla
1660 1392 1775 1466 quippe
1787 1395 1840 1450 Ec·

122 1504 137 1532 ιι
154 1480 208 1538 Ubi
221 1482 282 1552 jam
295 1482 371 1535 oraim
391 1481 521 1553 pervenit
544 1485 577 1535 nt
606 1480 724 1552 integra
747 1483 824 1536 esset
844 1480 948 1544 etatis,
1002 1477 1097 1533 elesiae
1112 1477 1256 1550 hodieque
1272 1478 1326 1534 hac
1343 1479 1629 1552 inreentiquiorem
1647 1480 1779 1538 retinere
1798 1484 1840 1537 vi·

122 1591 137 1620 ιι
154 1569 208 1624 hoc
223 1576 268 1625 est
280 1586 424 1625 annorum
441 1569 571 1641 triginta,
581 1585 632 1641 per
646 1568 722 1624 beati
738 1567 815 1623 Petri
831 1566 949 1639 legatio·
1002 1565 1108 1622 dentur
1122 1567 1351 1636 observantiam,
1365 1585 1455 1640 quum
1469 1568 1537 1625 licet
1549 1568 1598 1625 alii
1614 1575 1840 1642 permutassent

122 1681 137 1709 ιι
155 1673 221 1713 nem
237 1657 415 1730 Aquitanicae
437 1656 609 1729 gentilitatis
632 1656 828 1729 apostolatum
850 1655 948 1711 eldea·
1001 1654 1031 1709 in
1047 1654 1322 1723 terris,nullatenus
1335 1660 1432 1712 tamen
1447 1661 1567 1730 potuere
1577 1659 1644 1730 ejus
1657 1657 1839 1717 imminuere

122 1767 138 1796 ιι
154 1746 273 1802 sissimo
298 1761 384 1818 opere
407 1762 424 1801 a
441 1745 561 1801 Domino
585 1745 724 1818 suscepit.
742 1745 822 1808 Quod
849 1749 947 1801 sutem
1001 1760 1096 1816 neque
1112 1745 1268 1801 obscurare
1283 1745 1408 1818 gloriam
1423 1747 1452 1801 in
1468 1746 1559 1812 coelis,
1575 1746 1625 1803 ubi
1642 1747 1753 1821 ingens
1769 1766 1837 1822 spo·

122 1855 137 1885 «
152 1834 294 1891 Dominus
305 1835 397 1905 jussit
409 1835 491 1890 Petro
506 1838 539 1890 ut
566 1833 703 1907 dirigeret
726 1832 888 1889 Martialem
911 1833 947 1889 ad
1002 1831 1138 1889 stolicum
1164 1834 1263 1900 decus,
1280 1835 1310 1889 in
1333 1834 1461 1908 glorioso
1482 1835 1606 1892 rutilans
1630 1836 1837 1908 apostolorum

121 1944 136 1974 ιι
153 1923 371 1996 praedicandum
394 1923 552 1994 provinciis
563 1922 734 1990 Galliarum,
751 1923 828 1979 idem
844 1926 888 1978 est
907 1921 946 1977 si·
1001 1919 1099 1988 choro,
1116 1924 1182 1977 ante
1194 1924 1384 1994 conspectum
1400 1924 1563 1995 majestatis
1579 1923 1681 1996 glorie
1706 1924 1761 1982 Dei
1788 1942 1836 1998 pe-

121 2035 136 2065 «
153 2011 310 2068 millimum
327 2011 369 2067 illi
386 2029 444 2084 quo
459 2011 627 2068 doctoribus
641 2011 799 2069 Antiochia
815 2011 947 2084 degenti·
1000 2009 1130 2066 renuiter
1144 2009 1321 2082 possidetSi
1337 2026 1405 2085 argo
1430 2012 1528 2085 priora
1550 2016 1580 2068 et
1593 2012 1767 2086 antiquiora
1790 2031 1837 2087 ps·

120 2122 136 2152 ιι
151 2101 207 2157 bns
222 2100 263 2156 ait
276 2099 403 2173 Spiritus
419 2105 540 2158 sanctus
555 2119 562 2157 :
578 2101 723 2171 beraeae
737 2101 808 2156 mihi
826 2100 948 2156 Paulum
999 2098 1258 2167 trum,secundum
1279 2099 1430 2156 veritatem
1444 2105 1475 2156 et
1489 2101 1693 2159 rationabilem
1707 2103 1835 2159 auctori-

121 2210 136 2241 «
151 2195 177 2245 et
191 2189 388 2245 Borestorum
404 2206 470 2261 opas
484 2206 536 2262 qao
549 2191 682 2262 assumpti
695 2206 748 2245 eos.
767 2193 796 2244 lt
811 2190 945 2245 illioron-
999 2190 1099 2243 tatem.
1116 2188 1173 2243 Deo
1186 2187 1359 2261 inspirante,
1378 2205 1586 2262 recuperamus
1601 2189 1834 2258 instituta,olim

120 2299 135 2328 a
151 2284 188 2334 tes
202 2282 228 2333 et
237 2278 396 2350 jejunantes
416 2279 605 2351 imposuerant
619 2280 659 2334 eis
672 2296 781 2347 monus,
797 2287 823 2334 et
836 2278 946 2334 dimise·
999 2275 1138 2332 humanis
1162 2276 1418 2335 adinventionibus
1438 2278 1536 2335 ablata
1556 2283 1644 2352 atque
1659 2279 1832 2353 depravata,

18 2426 20 2432 Α
123 2373 303 2422 remulcet
318 2366 385 2437 (Act.
402 2365 442 2439 u).
458 2366 493 2421 lit
516 2367 594 2422 sicut
619 2367 662 2423 illi
687 2368 771 2423 missi
795 2368 946 2423 luerunta
999 2364 1087 2437 idque
1100 2366 1216 2438 agimus
1240 2366 1406 2422 renovando
1430 2368 1526 2440 magis
1551 2385 1642 2442 quam
1666 2369 1830 2427 novitatem

120 2477 135 2506 ιι
153 2453 263 2527 Spiritu
278 2453 532 2526 ssnnto,quamvis
548 2472 599 2528 per
611 2456 806 2512 ministerium
819 2455 945 2528 discipu·
999 2453 1237 2527 presumptivam
1266 2455 1419 2524 tradendo,
1437 2456 1541 2528 utquid
1571 2456 1732 2530 culpamur
1753 2458 1833 2516 velut

119 2566 135 2596 ι
152 2542 260 2610 lorum,
275 2542 316 2599 sic
327 2542 469 2600 Martialis
485 2544 595 2602 missus
607 2549 652 2601 est
667 2563 684 2602 a
699 2544 823 2603 Domino
833 2545 862 2600 in
876 2543 946 2601 Gal·
998 2547 1230 2615 transgressores
1240 2547 1431 2615 paternorum
1447 2545 1652 2613 terminorum,
1666 2547 1706 2602 de
1721 2547 1832 2620 quibus

120 2655 135 2685 ιι
147 2631 299 2702 liam,licet
312 2647 365 2705 per
374 2631 586 2706 legationemet
597 2633 943 2691 consultumbestiPetri.
999 2630 1142 2703 scriptum
1159 2634 1204 2687 est
1220 2649 1226 2686 :
1243 2634 1284 2688 Ne
1310 2633 1526 2703 transgredieris
1541 2635 1673 2690 terminos
1703 2638 1832 2710 uatiqsos

77 2778 80 2787 Α
118 2743 133 2772 ι
150 2720 215 2788 Qui,
232 2724 352 2777 vocante
368 2724 397 2776 et
408 2720 534 2794 eligente
549 2739 580 2778 se
604 2722 737 2790 Domino,
748 2722 843 2780 aetatis
858 2721 944 2795 qnin-
997 2736 1064 2793 qeos
1075 2727 1226 2793 posuerant
1238 2725 1330 2792 patres
1345 2723 1405 2777 tait
1415 2721 1505 2795 (Pras.
1522 2725 1604 2792 xxva.)
1617 2722 1831 2798 Gur,inquan1,

120 2831 135 2862 ι
150 2809 245 2865 decim
260 2826 353 2866 annes
376 2809 547 2883 impleverat
564 2813 779 2878 tantummodo,
790 2812 944 2886 tribusque
998 2808 1105 2865 durum
1116 2807 1144 2864 id
1156 2807 1304 2881 aliquibus
1318 2810 1505 2878 videbitur,si
1521 2815 1631 2868 rectam
1646 2811 1784 2871 veritatis
1796 2814 1831 2870 li-

121 2919 136 2949 ι
151 2914 218 2954 cum
233 2914 267 2954 eo
282 2899 453 2971 permansit,
474 2900 502 2956 id
518 2905 563 2956 est
577 2917 671 2973 usque
682 2901 718 2956 ad
735 2901 901 2973 passionem
916 2903 945 2956 et
999 2913 1083 2953 neam
1099 2896 1262 2969 sequimur,
1278 2898 1303 2954 si
1318 2897 1546 2971 perspicaciores
1569 2905 1667 2973 patres
1689 2901 1830 2976 antiquos

54 3035 56 3039 ,
119 3006 135 3037 a
151 2987 362 3056 ascensionem,
379 2992 445 3060 post
459 2988 616 3044 adventum
632 2988 758 3062 denique
773 2989 867 3044 sancti
878 2988 942 3061 Spi·
996 2985 1053 3042 hac
1067 2984 1096 3041 in
1113 3003 1143 3041 re
1163 2985 1323 3055 imitemur,
1340 2986 1365 3043 si
1385 2988 1484 3045 minus
1509 2994 1611 3045 acutos
1636 3006 1695 3046 non
1722 2992 1828 3048 sectari

120 3096 135 3126 ιι
152 3075 225 3132 ritus
244 3092 334 3148 super
355 3074 503 3149 apostolos
526 3076 556 3132 in
582 3078 662 3144 Sion,
689 3094 783 3134 annos
813 3077 944 3150 quinque
998 3075 1120 3148 dignum
1136 3075 1300 3131 ducamus?
1313 3077 1414 3133 Nonne
1430 3077 1478 3134 hic
1497 3081 1580 3151 pater
1600 3078 1773 3148 Azenerius,
1789 3085 1828 3136 ab

120 3185 135 3215 ιι
151 3163 229 3237 apud
244 3164 375 3221 Judaam
395 3165 471 3232 lecit,
487 3171 517 3222 et
530 3171 597 3238 post
610 3183 676 3223 cum
691 3166 774 3222 Petro
784 3165 942 3222 Antiochia
957 3149 979 3216 C
997 3179 1054 3238 que
1062 3164 1237 3220 Benedictus
1250 3168 1345 3221 rector
1360 3166 1529 3223 monasterii
1543 3167 1637 3224 Clusa
1659 3168 1761 3224 Sancti
1777 3170 1828 3227 Mi·

123 3274 134 3303 ι
152 3258 262 3327 septem
278 3253 495 3326 permansit:ot
507 3271 574 3311 vero
588 3255 694 3312 dehinc
708 3256 940 3327 sequentianno,
995 3251 1116 3321 chaelis,
1133 3251 1257 3325 plusque
1282 3253 1332 3309 alii
1355 3255 1517 3312 doctissimi
1543 3260 1572 3312 et
1595 3258 1827 3315 reverentissimi

121 3363 136 3395 ιι
151 3343 312 3416 imperante
327 3341 462 3413 Domino,
476 3344 664 3415 Aquitaniam
685 3344 823 3409 introivit,
838 3343 868 3400 in
884 3359 943 3416 qua
996 3342 1116 3399 abbates
1129 3344 1158 3397 et
1171 3341 1309 3414 episcopi,
1320 3346 1381 3399 ιιιιιι
1396 3347 1553 3416 presentes
1569 3360 1659 3417 quam
1675 3347 1825 3416 absentes,

38 3436 40 3440 ·
121 3453 136 3482 ιι
151 3447 203 3504 per
217 3429 320 3504 viginti
335 3434 399 3486 octo
415 3447 508 3487 annos
523 3432 722 3504 predicationi
738 3431 942 3488 institissem.
996 3448 1055 3489 una
1069 3446 1135 3486 cem
1152 3430 1284 3487 Romana
1306 3431 1466 3504 apostolica
1487 3433 1565 3502 sede,
1578 3432 1647 3490 huic
1669 3436 1825 3492 sententia

120 3518 325 3592 agnoscitur:
342 3518 488 3591 siquidem
504 3519 588 3575 tertio
603 3520 776 3592 Vespasiani
799 3520 941 3576 annoml-
995 3520 1191 3576 testificantur
1216 3518 1381 3586 nobiscum,
1402 3521 1571 3594 bonumque
1595 3521 1624 3577 id
1649 3539 1684 3579 ec
1705 3525 1823 3595 justum

121 3628 135 3659 ι
150 3607 254 3680 gravit.
271 3628 285 3656 ιι
300 3607 352 3663 His
366 3607 457 3680 igitur
470 3607 566 3663 verbis
587 3607 759 3665 emulorum
782 3608 942 3681 pertinacia
995 3608 1112 3680 Deoque
1123 3607 1338 3680 beneplacitum
1349 3609 1545 3667 ducunt‘lCur
1555 3613 1824 3670 autemmultorum

119 3711 188 3752 enm
212 3693 361 3767 pullulans
385 3700 462 3752 esset
486 3695 570 3753 laoile
599 3697 752 3765 exstincta,
781 3714 942 3770 omnesque
996 3696 1125 3770 opinioni
1142 3697 1368 3753 incauteautem
1386 3699 1540 3770 prebendo
1566 3701 1738 3771 obscurare,
1753 3703 1825 3770 imo,

118 3784 279 3858 peritorum
307 3783 519 3842 acclamassent
547 3786 619 3842 satis
648 3785 738 3843 luisse
767 3786 941 3845 conveniens
995 3784 1323 3859 quodabsitlinlelsare
1337 3787 1410 3844 Muti
1425 3788 1827 3861 gestapatronividebimurt

117 3871 210 3928 atatis
220 3871 438 3945 perlectionem,
455 3874 484 3928 in
500 3872 621 3946 illisqui
638 3874 793 3932 duodecim
817 3875 941 3949 apostoli
995 3876 1058 3940 Qua
1072 3875 1150 3931 enim
1166 3875 1278 3930 ratione
1289 3891 1449 3948 possumus
1462 3892 1529 3933 eum
1544 3894 1650 3951 negare
1666 3878 1760 3938 luisse
1782 3882 1826 3937 di·

116 3960 230 4035 priores
241 3958 324 4018 electi
339 3966 419 4029 sunt,
435 3963 604 4020 exstitisse:
621 3964 739 4022 interim
755 3966 785 4021 in
807 3964 857 4022 illo
872 3983 941 4023 con·
995 3962 1142 4036 scipnlum
1161 3963 1288 4031 Domini,
1302 3978 1429 4036 eumque
1444 3964 1473 4020 in
1489 3982 1577 4022 carne
1598 3969 1756 4025 secutum?
1771 3970 1827 4026 Sed

118 4049 184 4108 cilio
199 4050 359 4108 Pictavensi
372 4069 462 4124 super
477 4052 530 4108 hoo
545 4053 673 4125 capitulo
688 4060 834 4110 cessatum
851 4059 904 4111 ast.
996 4051 1134 4125 quisnam
1150 4056 1258 4108 temere
1272 4051 1396 4108 inficiari
1412 4054 1518 4110 audeat
1532 4070 1600 4110 eum
1616 4071 1632 4111 a
1649 4057 1777 4113 Domino
1791 4058 1826 4113 ad

153 4138 312 4212 Subiunxit
320 4141 409 4196 etiam
421 4140 498 4197 idem
509 4142 693 4199 venerandus
708 4143 805 4199 senior
815 4144 864 4216 qui
880 4144 941 4200 hac
996 4140 1213 4215 predicandum
1230 4140 1365 4207 missurn,
1378 4158 1432 4198 nec
1447 4159 1504 4199 non
1517 4142 1670 4217 alligandi
1682 4145 1828 4203 solvendi-

117 4228 281 4301 perorabat,
302 4228 403 4285 dicens
420 4249 426 4286 :
446 4253 457 4279 ι
472 4230 547 4294 Ouid
564 4229 657 4287 multa
672 4247 800 4299 necesse,
817 4233 942 4289 dilectis
996 4246 1052 4302 que
1068 4245 1135 4285 cum
1148 4228 1214 4285 aliis
1230 4227 1369 4301 apostolis
1392 4235 1535 4302 potestate
1559 4238 1745 4306 promotum;
1764 4252 1828 4307 par·

117 4315 266 4372 stmttNit
293 4317 420 4389 p'rolecto
443 4318 490 4374 hic
515 4319 617 4375 obesse
646 4320 825 4393 conspicitis,
851 4338 940 4394 quam
994 4322 1114 4390 temque
1139 4317 1309 4389 gentilitatis
1324 4333 1473 4375 enormem
1500 4320 1529 4376 in
1559 4322 1683 4379 occiduo
1708 4324 1826 4381 elimate

117 4403 198 4461 lllam
212 4405 313 4461 minus
327 4422 487 4480 congruum
505 4407 664 4465 multorum
686 4409 940 4477 consuetudinem,
996 4405 1151 4479 specialem
1167 4406 1197 4462 in
1213 4411 1290 4463 sorte
1306 4408 1498 4480 apostolatus,
1515 4409 1629 4467 Christo
1642 4411 1769 4483 jubente
1794 4430 1827 4471 sc

116 4509 176 4551 non
201 4493 312 4551 ratione
336 4495 549 4569 perspicacem,
560 4498 611 4553 sed
627 4497 749 4566 incuria,
766 4502 799 4555 ut
823 4498 941 4567 assolet,
956 4517 980 4583 D
995 4497 1132 4561 donante,
1149 4496 1291 4568 beatoque
1306 4495 1390 4552 Petro
1406 4498 1573 4555 consultum
1599 4502 1749 4573 prebente
1774 4519 1827 4560 su·

115 4584 261 4655 torpente,
276 4599 367 4655 penes
393 4584 493 4657 plures
521 4585 721 4643 inveteratam.
751 4587 813 4653 Ono
842 4591 940 4643 autem
997 4585 1143 4658 saepisse‘l
1158 4583 1263 4642 Omnia
1277 4583 1338 4641 hac
1350 4585 1385 4641 de
1401 4586 1450 4642 illo
1465 4587 1609 4656 abnuunt,
1622 4588 1674 4662 qui
1690 4606 1760 4647 eum
1776 4595 1828 4648 ant

70 4728 74 4737 ,
116 4670 204 4728 modo
219 4670 280 4727 hae
294 4688 357 4744 que
371 4671 401 4728 in
418 4673 520 4729 multis
536 4673 658 4729 invaluit
681 4674 810 4745 traditio,
826 4692 860 4732 ex
883 4692 941 4748 qne
996 4690 1053 4731 non
1070 4673 1193 4730 credunt
1207 4689 1271 4730 esse
1295 4673 1470 4746 apostolum,
1488 4680 1548 4744 aut,
1564 4677 1589 4732 si
1614 4678 1750 4747 eredunt,
1768 4696 1827 4737 non

114 4759 266 4818 videamus
281 4762 369 4831 lone,
385 4762 545 4819 descendit.
555 4763 727 4820 Nostrorum
743 4765 878 4837 equidem
895 4781 942 4836 pn·
994 4762 1119 4820 libenter
1133 4761 1309 4836 suscipiunt.
1321 4761 1376 4834 llli,
1393 4763 1524 4836 inquam,
1540 4765 1602 4822 hec
1623 4767 1771 4841 denegare
1785 4769 1826 4824 vi·

106 4845 195 4906 'trum
219 4868 278 4908 non
300 4853 412 4909 incerta
435 4851 592 4908 didicimus
614 4851 753 4910 relatione
768 4853 837 4926 quia
856 4853 941 4928 longe
995 4850 1162 4924 dentur,qai
1177 4868 1244 4908 enm
1256 4853 1828 4923 nonquemadmodumJoannemevan·

116 4936 265 5006 olim,imo
279 4941 315 4996 ab
326 4940 421 5015 ipsius
436 4940 571 5014 discipuli
589 4939 704 4997 Domini
721 4945 860 5015 tompore,
871 4960 939 5018 quo,
995 4940 1140 5015 gelistam,
1158 4939 1208 4995 sed
1224 4939 1303 4996 velut
1326 4938 1498 4998 silvestrum
1518 4959 1636 5016 papam,
1653 4951 1708 5003 aut
1732 4962 1825 5002 unum

115 5024 277 5099 imperante
291 5028 483 5104 Vespasiano,
497 5030 526 5086 in
542 5046 612 5103 paee
632 5031 778 5100 occubuit,
796 5049 889 5105 usque
909 5032 940 5088 iu
994 5029 1030 5086 de
1043 5028 1089 5086 bis
1105 5027 1154 5101 qui
1172 5027 1328 5084 Dominum
1344 5028 1373 5084 in
1390 5046 1477 5087 earne
1492 5048 1549 5088 non
1566 5032 1660 5090 secuti
1674 5038 1765 5102 sunt,
1781 5034 1825 5091 vel

115 5115 248 5186 tempora
271 5124 409 5191 nepotum
433 5118 526 5176 Caroli
541 5119 675 5193 Augusti,
692 5120 809 5192 quando
832 5121 861 5177 in
882 5138 941 5178 mo·
994 5135 1054 5175 non
1069 5117 1214 5184 viderunt,
1231 5116 1403 5190 simpliciter
1418 5120 1614 5178 confessorem
1625 5126 1795 5185 antumant
1809 5146 1823 5174 ιι

116 5201 261 5259 nasticum
274 5208 450 5265 canonicalis
477 5209 559 5278 ordo,
576 5207 751 5266 iacientibus
772 5208 893 5282 Pippino
912 5214 943 5266 et
1031 5209 1112 5263 'lune
1135 5204 1267 5278 quidam,
1280 5206 1411 5263 moribus
1432 5212 1460 5265 et
1484 5213 1567 5266 aetate
1587 5210 1777 5284 grandevus,
1790 5229 1825 5270 ex

115 5290 217 5350 Coreto
233 5292 382 5356 tratribus.
398 5298 467 5352 filiis
482 5297 630 5362 hudovici,
646 5297 676 5352 in
692 5314 750 5369 quo
772 5314 825 5372 ogo
849 5302 942 5355 rector
995 5295 1140 5370 episcopis
1155 5293 1205 5366 qui
1226 5294 1367 5351 sedebant
1383 5297 1411 5351 in
1427 5297 1826 5368 coneilio,Albiensisvideli·

115 5397 183 5438 sum
196 5380 269 5452 loce,
287 5391 470 5455 permutatus
485 5393 539 5453 est,
556 5386 703 5455 eumdem,
720 5387 827 5444 Christi
853 5388 940 5445 disci·
996 5390 1041 5443 cet
1054 5383 1189 5441 Ecclesia
1204 5386 1304 5455 pastor
1324 5385 1469 5455 AEmilius,
1487 5387 1561 5444 lacto
1581 5388 1713 5458 silentio,
1730 5390 1823 5447 dixit:

115 5468 219 5544 pulum
235 5471 345 5544 passim
361 5489 413 5545 per
430 5473 618 5546 Aquitaniam
640 5475 751 5547 priores
765 5477 858 5533 nostri
873 5494 941 5534 oum
996 5498 1010 5525 ι
1022 5474 1105 5531 Hunc
1116 5472 1296 5546 Aquitanica
1304 5474 1404 5546 patria
1415 5491 1571 5534 coruscum
1579 5476 1823 5547 illuminatorem,

116 5558 181 5618 aliis
195 5560 358 5620 recitabant
372 5562 521 5637 apostolis,
529 5563 651 5636 ejusque
666 5565 701 5620 do
717 5565 848 5639 apostolo
863 5583 943 5623 men·
997 5563 1048 5637 qui
1068 5562 1104 5619 ad
1129 5562 1205 5619 banc
1228 5561 1329 5637 plagas
1354 5568 1451 5637 patres
1475 5570 1591 5626 nostros
1605 5567 1687 5626 venit
1710 5569 1824 5644 primns
