3884 6084
156 268 233 334 1387
622 263 835 334 JORDANUM
859 264 1145 331 tattovloartsls
1167 260 1395 331 EPISCOPUS.
1790 259 1868 328 {388

156 403 696 478 nostyramnidemarripuitUtautem
707 401 981 477 presentibusepis-
996 404 1023 470 Α
1040 400 1270 473 tranquilitatem
1282 400 1555 472 amitterelltjuxta
1564 399 1865 466 Dominicamvooem,

157 495 237 575 copis
252 495 289 548 sit
305 499 417 562 notum,
435 493 608 566 Rodulphus
634 493 871 566 archiepiscopus
887 509 978 565 quon·
1036 488 1143 545 melius
1159 494 1204 544 est
1215 488 1242 545 ei
1256 489 1373 545 luscum
1390 489 1433 546 vel
1449 489 1585 546 claudum
1602 490 1633 544 in
1648 489 1739 544 vitam
1752 490 1867 558 intrare,

157 583 226 640 dam
241 581 657 651 Bituricensis,monasterium
672 582 770 656 ipsum
783 586 913 654 tempore
928 583 980 638 Ca·
1037 595 1128 651 quam
1145 578 1220 634 duos
1235 577 1345 646 oeulos,
1362 577 1407 634 vel
1423 578 1498 636 duos
1508 579 1598 651 pedes
1609 578 1785 644 habentem,
1797 580 1871 645 mitti

157 670 210 728 roli
230 671 308 743 regis
323 671 352 726 iu
369 671 458 726 suado
474 689 528 728 suo
538 671 709 737 construxit,
734 675 762 725 et
788 669 904 743 praediis
919 668 982 725 suis
1037 668 1066 723 in
1083 667 1257 740 gehennam,
1272 667 1327 723 boo
1339 672 1394 735 est,
1411 667 1517 725 melius
1533 673 1577 724 est
1599 685 1632 724 se
1647 668 1749 725 solum
1766 667 1865 726 luorar

157 758 994 832 multisquedonissatissuperquenobilitavitPosteujus,
1039 756 1873 829 quamcumpravis‚quosinutiliteramat,detrimentum

156 847 313 905 transitum
330 849 366 904 ad
382 848 466 905 calos
482 849 567 922 longe
590 865 711 905 excurso
733 853 873 920 tempore,
901 864 983 904 occa·
1039 845 1110 917 pati.
1127 844 1167 900 De
1182 844 1290 901 talibus
1306 845 1436 918 loquitur
1459 846 1587 919 Spiritus
1601 851 1726 903 sanctus
1741 865 1795 921 per
1808 866 1871 922 pro·

158 936 240 995 sione
256 940 380 1009 reporta,
396 953 494 994 comes
510 937 673 993 Tolosanus
692 936 857 992 coenobium
888 937 985 1008 ipsum
1042 934 1171 1004 phetam,
1182 934 1281 989 dicens
1291 952 1297 990 ε
1307 935 1373 990 Filii
1383 935 1513 1003 bominis,
1523 936 1874 996 ineredulietsabvcrsores

159 1043 218 1083 sua
224 1027 362 1099 potestati
372 1026 628 1095 addixit,etcomiti
636 1024 988 1082 Petrocoricensiinbeue·
1041 1026 1104 1079 saort
1130 1026 1228 1090 tecam,
1252 1027 1277 1079 et
1292 1040 1355 1079 cam
1368 1025 1555 1095 scorpionibus
1570 1025 1683 1080 babilas
1708 1027 1818 1094 (baeck.
1832 1033 1873 1096 nl.

159 1115 225 1172 ficio
240 1114 365 1188 largitus
385 1121 440 1172 est.
457 1114 507 1171 llle
522 1132 638 1188 quoque
664 1114 825 1170 vicecomiti
850 1114 987 1169 Combor·
1043 1114 1078 1168 bt
1092 1111 1161 1168 item
1176 1112 1250 1168 lob:
1267 1115 1362 1169 Frater
1375 1116 1419 1185 soi
1432 1114 1582 1170 draconum
1598 1119 1623 1170 ct
1636 1116 1730 1171 socias
1744 1117 1873 1174 stratile-

159 1204 244 1261 nensi
260 1204 414 1273 concessit,
432 1204 482 1277 qui
498 1221 575 1260 nuuc
591 1202 817 1259 uobislaioalem
834 1218 989 1275 personam
1043 1218 1112 1256 aaut
1130 1202 1197 1273 (lob.
1209 1202 1285 1273 xxx).
1303 1202 1338 1257 at
1354 1201 1463 1259 David:
1481 1204 1547 1272 Quis
1574 1202 1651 1259 dabit
1678 1204 1753 1260 mibi
1772 1223 1874 1278 pennas

160 1293 905 1367 imposuit,eadeoausaquiaBeruardusmonucbus
930 1290 990 1348 Sol·
1044 1292 1113 1346 sicut
1128 1291 1268 1358 columbae,
1282 1295 1308 1346 ct
1322 1292 1427 1359 volabo,
1452 1296 1477 1348 ct
1492 1294 1690 1365 reqccirscom?
1704 1296 1795 1364 (Paul,
1812 1304 1875 1364 ιιι.)

161 1383 398 1452 emniaceusis,et
412 1387 514 1456 postea
533 1380 990 1455 episcopusCadurcensis,nobis
1046 1379 1127 1436 Certe
1143 1381 1246 1437 beatus
1262 1381 1434 1437 Benedictus
1448 1381 1658 1438 saecularesve}
1671 1389 1808 1456 agrestes
1818 1403 1875 1442 nro·

160 1488 228 1528 vora
245 1470 519 1542 abbas,antecessor
532 1470 774 1544 ejus,avunoulus
783 1469 989 1542 ejusonstitit.»
1047 1468 1166 1536 nacbos,
1177 1468 1226 1541 qui
1238 1487 1305 1525 eum
1316 1486 1426 1526 veueno
1438 1487 1541 1527 necare
1551 1473 1649 1528 conati
1661 1478 1745 1541 suut,
1759 1474 1826 1532 ideo
1835 1477 1877 1532 de

198 1561 340 1616 Dixerunt
355 1560 482 1633 episcopi
496 1577 502 1614 :
514 1584 528 1610 «
545 1559 748 1615 Ecclesiastico
763 1560 859 1615 ol'fioia
874 1576 932 1615 uon
947 1575 991 1616 se·
1048 1558 1150 1625 seruit,
1167 1575 1202 1613 ne
1219 1559 1327 1614 mentis
1348 1575 1409 1614 suae
1427 1558 1618 1632 tranquillum
1637 1561 1765 1618 oculum
1781 1580 1876 1621 eorum

163 1649 292 1704 cundum
306 1649 401 1705 carnis
417 1650 624 1722 originem,sed
641 1650 805 1704 secundum
821 1649 992 1705 meritorum
1049 1647 1177 1720 pessima
1194 1647 1320 1703 ioeditatc
1331 1647 1502 1703 turbidaret.
1520 1648 1555 1704 Ut
1570 1650 1651 1705 enim
1668 1652 1769 1707 sancti
1786 1653 1877 1710 Patres

161 1737 309 1805 virtutem,
326 1738 463 1794 distribui
481 1742 603 1810 oportet.
623 1761 636 1788 a
815 1729 818 1736 '
1010 1736 1345 1838 Bdincrunt,quidquid
1356 1737 1877 1810 pacemveltranquillitatemcordis,

197 1828 329 1899 Cumque
344 1826 391 1882 ille
406 1826 601 1896 clericus‚non
619 1827 994 1894 monachus,abbas,saeu-
1051 1825 1209 1897 quaDeum
1219 1826 1337 1881 assidue
1348 1825 1475 1898 cogitare
1486 1827 1640 1894 debemus,
1653 1830 1880 1904 perturbarcpe

163 1897 217 1973 lari
232 1915 387 1973 nobilitato
402 1933 435 1972 ac
452 1917 645 1989 generositate
661 1921 996 1989 magnus,moxvocatus
1051 1919 1118 1982 test,
1127 1914 1261 1986 quamvis
1274 1914 1354 1983 utile,
1366 1915 1500 1986 quamvis
1511 1918 1717 1974 necessarium
1734 1919 1787 1986 sit,
1799 1921 1878 1992 abjici

163 2005 193 2060 in
207 2004 367 2061 concilium
383 2010 450 2060 ante
466 2006 620 2078 episcopos
644 2022 711 2061 reus
727 2009 847 2072 astaret,
871 2005 996 2077 genibus
1050 2008 1177 2077 oportet;
1188 2002 1433 2075 quolibetquippe
1441 2004 1567 2060 vitiooar
1573 2006 1786 2077 perturbatum
1794 2009 1877 2064 Deum

165 2092 995 2166 positis,etsuperhaorejudicaretursecundumcanones
1050 2092 1178 2166 cogitare
1194 2109 1251 2147 non
1268 2097 1373 2164 potest.
1391 2093 1455 2149 llaec
1467 2093 1607 2162 dieentes,
1624 2112 1683 2151 non
1696 2113 1750 2153 eos
1762 2098 1877 2153 damna-

163 2181 205 2238 ita
220 2182 378 2254 respondit:
399 2207 408 2232 a
427 2184 448 2238 0
466 2183 660 2239 recentissimi
679 2183 787 2249 Patras,
809 2182 895 2249 hano,
912 2199 995 2254 rogo,
1050 2198 1116 2237 mus
1132 2180 1182 2252 qui
1198 2181 1275 2236 inter
1290 2181 1563 2253 pseudomonachos
1578 2183 1649 2239 boni
1666 2184 1828 2256 aliquoties
1838 2186 1876 2242 vel

160 2271 242 2342 justo
254 2271 366 2341 judicio
382 2272 522 2344 corrigete
537 2289 611 2342 rem,
628 2276 655 2326 et
671 2271 795 2327 libenter
815 2271 993 2326 consentio.»
1050 2288 1117 2327 cum
1133 2270 1228 2343 pravis
1244 2270 1405 2342 majoribus
1422 2272 1585 2328 necessario
1596 2272 1725 2347 degunt,
1743 2268 1770 2331 si
1785 2280 1876 2332 tamea

202 2358 342 2415 Dixerunt
357 2359 472 2414 Patres:
492 2383 503 2409 ι
520 2360 661 2416 Idoneum
681 2376 715 2416 ex
730 2357 914 2431 regularibus
930 2375 994 2415 mo·
1049 2360 1122 2416 illud
1138 2358 1299 2431 adimplent
1315 2360 1392 2432 quod
1408 2359 1549 2432 scriptum
1565 2365 1627 2418 est:
1645 2364 1713 2431 erae
1729 2364 1826 2420 dicuat
1837 2368 1852 2437 s
1865 2395 1876 2406 ·

167 2446 269 2515 sachis
283 2446 411 2519 aliquem
426 2447 563 2504 adducito
577 2452 643 2504 ante
659 2448 805 2503 domnum
820 2446 993 2513 dordunum,
1049 2451 1110 2515 cite,
1127 2463 1190 2522 quse
1210 2452 1302 2503 autem
1325 2450 1433 2521 sociant
1446 2452 1538 2521 [acere
1555 2452 1643 2507 notite
1659 2453 1777 2525 (Mati-lc.
1793 2456 1878 2522 aruit

167 2539 200 2591 ut
215 2536 352 2608 ipseeum
369 2535 541 2610 regulariter
556 2536 670 2592 ordinet
687 2536 822 2591 abbatem
839 2535 874 2590 ad
891 2551 994 2608 regen·
1050 2538 1159 2595 etitem
1174 2556 1180 2593 :
1195 2537 1270 2593 Sicut
1281 2537 1375 2593 litium
1386 2541 1459 2594 mter
1468 2541 1571 2610 spiam,
1582 2542 1624 2595 sic
1636 2543 1732 2597 amica
1742 2559 1803 2598 mea
1815 2541 1881 2598 iader

168 2624 239 2681 dum
255 2623 353 2697 ipsum
369 2623 466 2681 locum
476 2629 552 2692 ;ettu
569 2625 814 2681 extrinsecusnon
825 2624 994 2696 dissipator,
1050 2627 1125 2697 filios
1135 2627 1225 2696 (Cant.
1243 2625 1284 2698 ιι).
1301 2626 1335 2680 st
1350 2625 1488 2698 periculis
1503 2626 1533 2683 in
1549 2627 1633 2684 falsis
1648 2629 1797 2687 iratribus
1810 2633 1879 2704 Apo

169 2712 220 2769 sed
236 2713 373 2769 defensor
396 2717 425 2769 et
448 2713 580 2785 provisor
604 2712 659 2769 loci
680 2714 782 2769 adesse
805 2716 963 2769 memento.
980 2733 994 2763 u
1050 2715 1144 2772 stolus
1155 2714 1330 2771 exercitatus
1340 2719 1395 2784 est,
1408 2719 1436 2771 et
1449 2720 1591 2789 precepta
1600 2718 1734 2790 pastoris
1749 2721 1778 2775 in
1792 2719 1881 2776 omni·

168 2801 271 2873 ltaque
286 2800 423 2874 episcopi,
453 2805 610 2875 postquam
634 2802 669 2856 de
689 2801 735 2857 his
761 2801 811 2857 diu
836 2799 926 2857 locuti
950 2817 997 2857 es·
1051 2805 1107 2860 bus
1119 2801 1289 2876 adimplere,
1302 2803 1418 2860 etiamsi
1432 2805 1504 2877 ipse,
1517 2806 1594 2878 quod
1608 2807 1700 2876 absit,
1714 2807 1802 2865 aliter
1811 2812 1882 2882 agat

169 2895 245 2956 seut,
261 2889 379 2962 primati
396 2890 594 2948 Lemovicensi
610 2891 664 2959 sub
688 2890 857 2947 testimonio
881 2888 996 2947 concilii
1050 2890 1250 2948 utinquam
1266 2891 1398 2964 exemplo
1411 2893 1515 2949 beatus
1528 2895 1633 2950 Petrus
1645 2896 1699 2952 Lot
1716 2896 1885 2953 intestimo

168 2983 198 3035 et
213 2978 351 3036 Willelmi
368 2978 452 3036 ducis
467 2980 681 3052 aquitanorum
710 2979 765 3034 hoc
791 2979 889 3041 taliter
917 2995 996 3036 com·
1052 2981 1134 3037 nium
1151 2980 1287 3046 assumit,
1304 2981 1404 3037 dicens
1419 2998 1426 3036 :
1440 2983 1472 3036 Et
1482 2983 1591 3055 justum
1605 2985 1654 3039 Lot
1668 3002 1687 3039 a
1704 2986 1884 3057 nefandorum

103 3067 107 3079 '
169 3068 491 3141 miseruntnegotium,
509 3074 541 3124 ut
565 3086 658 3140 usqua
682 3068 718 3124 ad
743 3066 854 3124 Natalis
878 3067 997 3124 Domini
1055 3071 1260 3128 conuersatione
1291 3072 1374 3137 eruit
1403 3071 1573 3128 habitantem
1601 3074 1676 3129 irater
1710 3091 1755 3130 eos
1782 3078 1831 3148 qai
1854 3075 1883 3130 de

167 3157 432 3230 festivitatemque
445 3157 998 3229 insextabebdomadaexspeotabatur,
1014 3142 1037 3211 C
1055 3159 1101 3215 die
1126 3161 1156 3214 ia
1183 3158 1256 3214 diem
1279 3160 1403 3224 unimam
1421 3159 1527 3232 justum
1541 3162 1647 3234 iniquis
1676 3164 1809 3234 operibus
1824 3181 1882 3220 rra·

168 3246 317 3303 ordinaret
331 3247 360 3301 in
377 3263 410 3303 eo
440 3247 503 3303 loco
519 3246 641 3319 dignum
669 3251 817 3319 pastorem
835 3245 998 3302 secundum
1053 3248 1164 3305 dobant
1179 3248 1215 3320 (ll
1227 3249 1301 3303 Patr.
1315 3248 1358 3319 11).
1375 3248 1433 3305 Nec
1448 3249 1484 3305 de
1504 3249 1574 3306 solis
1599 3252 1768 3322 monacbis,
1785 3269 1881 3310 verum

168 3333 310 3409 regulam.
324 3335 405 3400 Quod
427 3335 453 3390 si
483 3334 717 3392 contradicentes
740 3333 879 3407 reperiret
904 3334 954 3405 qui
970 3335 999 3390 id
1054 3337 1141 3394 etiam
1157 3335 1332 3410 generaliter
1345 3337 1381 3393 de
1397 3338 1534 3394 omnibus
1546 3338 1735 3409 Christianis,
1752 3343 1805 3415 qui
1819 3341 1881 3399 boni

170 3423 233 3479 fieri
251 3440 308 3480 noa
325 3424 538 3496 permitterent,
553 3427 581 3478 et
596 3424 676 3496 ipsos
692 3427 720 3480 et
730 3424 828 3496 ipsum
842 3423 939 3480 locum
955 3440 1001 3480 ex·
1055 3425 1131 3482 inter
1146 3424 1536 3496 maloseouversantur,baeo
1546 3427 1717 3485 dictasunt.
1730 3431 1768 3487 De
1779 3430 1881 3487 talibus

168 3511 433 3568 communicatione
443 3528 515 3567 cano
524 3510 590 3567 nica
604 3511 813 3584 ligaret‚doneo
825 3511 903 3568 idem
918 3511 1001 3569 loeus
1054 3513 1124 3570 item
1145 3512 1253 3569 Paulus
1278 3514 1314 3569 ad
1341 3513 1501 3586 discipulos
1517 3515 1576 3571 ait:
1593 3518 1625 3571 la
1645 3518 1739 3575 mettio
1764 3521 1882 3576 naamis

169 3600 206 3655 ad
222 3599 377 3672 pristinam
394 3603 578 3656 revocaretur
591 3600 776 3674 dignitatem.
1052 3617 1148 3674 praua
1163 3607 1188 3658 et
1199 3618 1342 3674 perversa,
1363 3605 1437 3658 iuter
1450 3619 1515 3675 quos
1532 3605 1628 3661 tacetis
1643 3608 1718 3663 sicat
1734 3609 1882 3665 luminario

206 3687 388 3753 Quibusdam
408 3689 627 3746 sciscitantibus
655 3690 679 3746 si
708 3691 758 3762 qui
786 3691 999 3749 monachorum
1054 3695 1085 3747 io
1098 3691 1200 3747 mundo
1215 3690 1327 3763 (Pbr'tr'p.
1344 3694 1385 3761 n).
1402 3692 1474 3747 ilino
1491 3693 1618 3751 loannes
1634 3695 1774 3769 Pergami
1791 3697 1881 3754 Eccle-

170 3776 244 3835 iorte
259 3777 294 3833 de
309 3777 410 3832 eodem
427 3776 559 3833 seculari
580 3777 642 3834 loeo
659 3779 695 3834 ad
720 3779 811 3834 alium
834 3780 999 3854 regularem
1054 3781 1122 3837 sia:
1142 3781 1211 3847 Seia,
1228 3779 1335 3853 inquit,
1353 3781 1402 3836 ubi
1422 3781 1541 3848 babitus,
1557 3783 1606 3839 ubi
1619 3783 1697 3839 sedes
1712 3790 1752 3841 est
1769 3786 1881 3852 δαίων,

170 3865 381 3939 transmigrare
395 3866 511 3935 vellent,
530 3871 629 3924 utrum
646 3869 688 3925 cis
701 3867 810 3938 liceret,
827 3870 934 3926 eruditi
948 3869 999 3941 qui
1053 3875 1080 3936 et
1104 3875 1177 3926 tenes
1191 3885 1291 3925 revomere
1304 3886 1405 3938 mam,
1426 3873 1452 3925 et
1476 3886 1533 3926 aaa
1555 3875 1662 3943 aequati
1690 3874 1776 3943 fidem
1800 3892 1881 3931 meaos

172 3954 303 4025 aderant,
320 3958 397 4011 recte
412 3973 514 4029 sapere
529 3956 604 4013 tales
615 3957 800 4028 judicabant.
816 3981 829 4007 o
844 3958 941 4027 Tales,
953 3958 999 4013 in·
1055 3961 1146 4031 (Apoc.
1169 3962 1211 4028 ιι).
1227 3959 1312 4032 Ergo,
1326 3957 1403 4014 sieut
1417 3959 1574 4032 Gregorius
1586 3961 1638 4030 ait,
1655 3963 1756 4021 bonus
1773 3983 1830 4021 uon
1843 3969 1883 4020 est

171 4042 288 4116 quiunt,
304 4043 362 4098 Deo
377 4043 491 4117 placere
506 4045 636 4101 student.
652 4046 725 4101 Nam
751 4045 776 4101 si
796 4045 942 4119 perlectus
956 4050 1002 4102 ost
1054 4048 1104 4121 qui
1117 4046 1209 4103 malos
1220 4046 1342 4103 tolerare
1353 4052 1477 4104 recusat.
1487 4048 1521 4104 lit
1531 4052 1612 4105 tanto
1624 4051 1723 4124 magis
1735 4053 1883 4110 malitole·

174 4133 225 4204 qui
240 4133 317 4188 inter
332 4131 425 4190 malos
440 4134 536 4191 bonus
551 4138 707 4204 esttamen
723 4135 867 4190 bonorum
882 4151 1000 4192 consor·
1055 4135 1139 4192 randi
1155 4139 1236 4202 sunt,
1248 4139 1358 4207 quanto
1371 4135 1537 4209 etamplius
1548 4138 1715 4197 abundant.
1727 4142 1882 4216 Regularcs

172 4221 249 4282 tium
266 4221 387 4295 adipisci
403 4222 549 4280 laudabile
565 4227 594 4280 et
614 4223 738 4296 perutile
766 4229 820 4281 est.
837 4224 910 4289 Ouia
924 4224 1001 4282 siout
1055 4229 1152 4282 autam
1168 4223 1472 4294 monaobcsdioimus,
1484 4226 1534 4297 qui
1551 4226 1655 4285 illicita
1667 4230 1815 4300 nolentes,
1828 4249 1881 4289 aon

171 4311 299 4384 Spiritus
314 4314 435 4368 sanctus
447 4330 499 4386 per
520 4311 706 4369 Psalmrstam
733 4313 773 4368 ait
789 4330 795 4369 :
814 4313 881 4369 Cam
906 4319 1000 4371 sarecto
1055 4332 1108 4372 suo
1125 4315 1175 4371 sed
1184 4312 1278 4372 alieno
1289 4312 1412 4386 imperio
1424 4314 1540 4384 vivuut;
1553 4317 1664 4388 quibus
1676 4321 1781 4377 omnia
1790 4321 1819 4377 in
1830 4337 1883 4378 me·

133 4422 139 4436 ·
170 4404 280 4457 sanctia
300 4402 554 4465 mastrucarum
570 4403 713 4458 innocente
739 4403 868 4460 innocens
894 4404 958 4472 eris,
975 4406 1001 4459 et
1055 4404 1137 4460 dium
1163 4404 1353 4459 conferuntur
1377 4405 1553 4473 communia,
1574 4423 1628 4464 neo
1643 4408 1761 4482 aliquid
1777 4410 1881 4468 babeat

170 4505 233 4546 cam
247 4491 329 4546 electo
344 4490 442 4546 electas
457 4492 522 4557 eris,
538 4508 599 4546 carn
612 4507 770 4562 perversore
784 4495 876 4547 cotem
888 4508 999 4564 percer-
1015 4515 1039 4581 D
1055 4494 1133 4567 quod
1144 4491 1765 4566 abbasnondederitautpermiserit.Potest
1775 4504 1880 4568 autam,

174 4579 333 4651 terr'stl'sat.
350 4581 431 4649 ιιιίι).
447 4580 480 4635 llt
495 4598 614 4635 rursum
629 4579 799 4653 apostolus:
818 4580 1001 4654 Corrumpunt
1056 4580 1347 4655 quamlibetdillroile
1358 4581 1525 4656 contingere
1536 4585 1639 4656 possit,
1650 4587 1800 4660 regularis
1810 4604 1881 4645 unus

174 4684 262 4728 mores
293 4668 373 4725 bonos
399 4669 535 4740 colloquio
563 4669 639 4724 molo
667 4670 692 4741 (l
718 4669 777 4725 Cor.
807 4670 865 4742 xv).
889 4671 1001 4728 llursus
1055 4673 1133 4728 inter
1144 4670 1241 4744 plures
1253 4673 1563 4744 agrestesconversari,
1576 4673 1601 4730 si
1612 4679 1713 4733 tamen
1726 4677 1764 4732 ab
1775 4676 1882 4734 illicitis

173 4757 325 4830 Spriptura
339 4757 380 4813 ait
396 4759 460 4826 :Qut
474 4758 593 4829 tetigerit
612 4759 711 4829 picem,
748 4759 941 4831 inquinabitur
967 4761 1002 4815 cb
1056 4760 1325 4828 sesecoutinet;si
1350 4758 1789 4836 hisquaesibiadbujusvitae
1814 4782 1882 4823 usas

173 4863 227 4913 co,·
244 4852 268 4902 et
281 4849 330 4921 qai
343 4849 585 4903 comoruar'caoerit
599 4847 723 4919 tecperto,
738 4848 832 4904 statuet
846 4851 1003 4921 superbiam
1056 4854 1233 4923 congruunt,
1246 4849 1430 4922 permittente
1438 4853 1488 4906 aut
1497 4851 1584 4906 dante
1595 4868 1628 4908 eo
1640 4853 1693 4926 qui
1705 4855 1763 4910 sibi
1773 4859 1882 4928 praest,

173 4936 264 5006 (ticeli.
281 4936 431 5009 xm).Nam
447 4937 471 4993 si
487 4936 583 4992 lilium
598 4935 674 4993 inter
689 4936 789 5009 spinas
804 4936 890 5006 lucet,
904 4942 1001 4996 tamen
1056 4943 1212 4997 contentus
1226 4937 1326 4994 luerit:
1339 4937 1425 5008 juxta
1435 4940 1513 5010 quod
1523 4940 1685 5012 Apostolus
1696 4941 1881 5016 loquiturdi·

173 5026 454 5099 gravaturuspinis
471 5030 498 5083 et
513 5025 670 5098 gloriosius
686 5025 872 5083 crescitinter
887 5045 1003 5085 amoena
1057 5046 1140 5085 cens:
1169 5027 1301 5084 Habentes
1324 5028 1691 5100 viclcm‚etthamertam,
1709 5032 1882 5090 biscoateuti

173 5127 262 5183 quam
278 5114 355 5169 inter
370 5116 494 5187 spineta.
510 5115 582 5172 Nam
598 5121 626 5172 et
643 5115 703 5187 ipse
719 5113 958 5186 regularisabbus
975 5117 999 5174 si
1053 5119 1183 5188 cumaeo
1194 5118 1260 5172 Tim.
1276 5115 1326 5187 vr).
1342 5116 1499 5174 saculares
1514 5121 1612 5175 autem
1629 5122 1797 5179 monachos
1821 5122 1879 5179 illas

171 5199 324 5272 contigerit
341 5207 372 5256 ut
388 5203 641 5276 superseculares
662 5203 813 5259 ordinatur
828 5205 997 5276 monachos,
1053 5207 1180 5265 dicimus
1196 5222 1270 5280 quos
1285 5204 1435 5279 regulares
1447 5206 1624 5265 monacbiin
1635 5209 1686 5267 die
1692 5211 1878 5284 judiciijudi·

172 5303 224 5344 neo
238 5304 287 5345 eos
302 5288 339 5343 ab
354 5289 465 5349 illicitis
480 5294 607 5365 potuerit
624 5292 842 5361 deflectorc,nec
863 5292 1000 5352 habuerit
1053 5297 1172 5365 cabant,
1200 5294 1277 5351 sicut
1291 5293 1433 5362 Ninivitoe,
1449 5294 1492 5351 vel
1508 5295 1609 5370 regina
1628 5299 1743 5368 Austri,
1771 5302 1876 5357 dicento

170 5377 264 5440 bonos
279 5376 329 5455 qui
345 5392 412 5435 eum
427 5382 565 5454 adjuvent
579 5389 611 5440 ut
622 5383 766 5458 patienter
776 5381 879 5440 toleret
892 5384 996 5456 malos,
1052 5384 1306 5454 nominandam
1314 5381 1480 5446 incredulos
1491 5384 1692 5457 damnabunt;
1702 5388 1748 5447 acl
1758 5387 1873 5464 apostoli

171 5469 265 5526 satius
282 5471 326 5526 est
341 5485 390 5526 eos
405 5470 617 5545 derelinquere,
634 5478 660 5530 et
677 5488 778 5531 scoum
793 5471 889 5532 solum
914 5473 997 5533 habi·
1052 5476 1207 5534 duodecim
1222 5472 1316 5531 tribus
1333 5471 1421 5531 lsrael
1436 5473 1590 5532 duodecim
1602 5476 1796 5550 judicabunt,
1811 5477 1872 5553 quia

168 5558 241 5653 tara,
256 5575 346 5640 quam
362 5574 463 5623 eorum
477 5561 668 5637 incorrigibili
685 5562 883 5641 mordacitate,
900 5564 997 5633 cordis
1051 5565 1109 5632 illis
1124 5563 1310 5631 credentibus
1326 5561 1368 5625 illi
1381 5561 1677 5627 credereaoluerunt
1691 5568 1739 5628 Sic
1755 5567 1803 5629 isa
1813 5566 1872 5629 ittcr
