3884 6084
119 246 178 322 &il
557 255 830 325 HISTORIARUM
852 256 957 324 LIBRI
979 260 1169 335 QUINQUE.
1193 295 1231 306 —
1253 259 1327 326 blB.
1350 260 1403 327 IV.
1722 254 1738 267 ⁸
1772 264 1833 327 618

120 389 268 465 capitibus
278 387 635 463 trucidatomm‚quorum
647 407 749 448 carnes
761 407 810 447 ore
821 390 950 448 belluino
965 397 992 464 Α
1008 393 1075 449 llrat
1087 394 1164 449 enirn
1176 395 1203 449 in
1215 393 1386 450 honrinibns
1397 395 1529 468 rqrronlnnr
1541 396 1650 454 duritia
1660 401 1755 458 cordis
1765 419 1833 460 cum

119 484 282 540 voraverat.
300 479 392 544 Quem
408 466 587 536 deducentes
604 481 640 535 ad
656 481 818 548 civitatem,
835 479 864 536 in
881 498 952 553 quc·
1007 481 1184 540 hcbctudiue
1200 486 1319 553 inclitis,
1333 491 1360 539 ct
1376 485 1513 557 qnoniam
1529 485 1576 542 illc
1590 507 1725 546 atrrnruus
1740 492 1834 551 iarden

119 572 188 630 dam
205 568 312 635 horreo
328 564 483 642 religatum
499 569 535 624 ad
547 567 689 642 stipitem,
706 574 738 626 ut
751 568 805 643 ipsi
822 574 951 643 postmc-
1008 575 1036 626 et
1051 577 1152 629 auctor
1167 573 1257 631 totius
1270 574 1412 631 bonitatis
1432 575 1482 630 dat
1505 575 1576 633 ralla
1603 594 1703 650 rogare
1726 599 1766 653 sc,
1784 586 1833 659 qui

120 664 193 720 dom
207 658 426 732 conspeximus,
434 656 504 731 igne
518 658 754 715 combusserunt.
766 659 849 714 'lunc
863 659 953 715 etiarn
1008 659 1089 717 novit
1101 662 1219 735 quando
1233 663 1337 720 debeat
1352 663 1493 720 misereri.

120 751 383 829 pertentatum‘ast
398 747 427 803 in
443 746 554 804 eisdem
565 746 793 820 partibus,qucd
805 764 953 820 nusquam
1333 751 1450 808 CAPUT
1468 753 1502 808 V.

124 838 325 914 comparamus
339 837 510 910 quempiam
533 835 646 893 iecisse.
671 837 853 894 tiliodicbant
874 838 953 894 enirn
1007 839 1129 911 orpora
1151 847 1178 897 ct
1198 840 1369 897 corrodentis
1395 843 1465 898 onai
1492 845 1637 903 millesimi
1664 866 1681 905 c
1706 854 1834 924 passione

124 929 259 1005 plerique
269 925 366 983 albam
377 927 503 982 humum
514 923 624 998 argilla
633 924 956 999 similem,permiscen,
1359 932 1479 987 Domini.

121 1020 329 1092 torquentum
344 1019 407 1071 erat
422 1013 532 1082 larino,
547 1013 592 1070 vel
608 1015 766 1084 cantabro;
782 1016 886 1072 exinde
901 1032 954 1088 pa.
1044 1018 1126 1074 Anno
1142 1035 1159 1074 a
1182 1019 1319 1091 passione
1342 1018 1458 1076 Domini
1484 1021 1642 1081 millesimo
1665 1036 1833 1088 memorata

124 1125 177 1170 nos
192 1105 437 1169 conficiebantut
451 1103 496 1159 rel
511 1103 553 1160 sic
567 1103 670 1160 inedia
687 1103 944 1161 montiscuccurre
1009 1102 1101 1161 cladis
1115 1105 1252 1178 penurias
1267 1107 1475 1181 subsequente,
1485 1109 1593 1166 sedalis
1604 1111 1770 1179 nimborum
1782 1118 1836 1174 im·

123 1203 199 1259 rent.
216 1197 249 1254 ln
264 1195 320 1252 hoc
333 1192 514 1250 conficiendo
526 1210 593 1265 spes
604 1196 720 1250 tantum
730 1179 956 1250 eratevadendi'
1010 1193 1112 1250 bribus
1127 1199 1260 1267 respectu
1287 1194 1390 1250 divinas
1412 1196 1553 1253 bonitatis
1573 1204 1602 1255 et
1616 1201 1831 1277 misericordia,

121 1289 172 1351 aad
188 1285 340 1362 proiectus
354 1282 462 1339 inanis.
478 1282 606 1338 Tenebat
627 1298 696 1356 argo
712 1281 807 1356 pallor
820 1286 849 1338 ct
864 1267 954 1340 maci!
1009 1282 1096 1355 coepit
1110 1281 1175 1339 lata
1189 1283 1277 1339 iacies
1287 1282 1350 1339 cccli
1361 1283 1529 1355 clarescere,
1539 1291 1735 1364 congruisque
1746 1295 1833 1352 athe·

119 1371 954 1444 lentiaoracunctorum,cutisquedistensainllaticnein
1009 1372 1067 1428 reis
1093 1372 1163 1428 liare
1186 1371 1359 1445 p'ncidaque
1382 1374 1538 1430 serenitate
1560 1380 1833 1451 magnanimitatem

122 1465 306 1542 plurioribus
321 1461 490 1536 apparebat,
504 1460 634 1534 ipsaque
648 1477 733 1517 voces
747 1461 882 1517 humana
895 1477 956 1533 per.
1008 1460 1173 1518 Conditoris
1188 1462 1359 1531 oslsndcrc;
1375 1461 1490 1520 telluris
1510 1481 1627 1537 quoque
1650 1471 1711 1524 tota
1730 1487 1834 1545 super-

125 1555 215 1616 nilea
229 1553 348 1619 ansata,
368 1551 499 1623 garritus
522 1549 712 1606 morientium
737 1550 834 1607 avium
857 1549 954 1606 imita·
1010 1550 1090 1607 licias
1105 1550 1297 1607 amicabiliter
1306 1551 1403 1609 virens
1413 1552 1530 1627 lrugum
1546 1554 1759 1615 abundantiam
1771 1561 1836 1617 lun-

120 1630 954 1703 bantur.'l'uncnihilominusecadavsribusmortucrum
1009 1638 1090 1696 ditus
1113 1639 1242 1711 inopiam
1264 1638 1432 1713 expellendo
1457 1644 1638 1715 portendere.
1663 1646 1745 1704 Tunc
1766 1665 1834 1723 ergo

118 1734 233 1810 passim
256 1747 315 1806 prae
335 1727 526 1785 multitudine
541 1727 694 1801 sepultura
708 1727 876 1784 carentibus
892 1726 954 1800 lupi
969 1770 993 1836 B
1008 1728 1146 1801 primitus
1159 1744 1270 1801 coeperc
1282 1727 1311 1784 in
1323 1729 1485 1801 Aquitanis
1496 1732 1629 1804 partibus
1639 1734 1676 1790 ab
1689 1737 1835 1812 episcopis

120 1820 252 1883 ducati
274 1823 340 1893 post
364 1817 484 1891 longum
509 1823 628 1890 tempus
653 1818 780 1891 predam
803 1833 904 1890 cepere
919 1833 953 1873 ea
1008 1823 1037 1874 et
1051 1817 1216 1886 abbatibus,
1226 1817 1395 1891 caterisque
1404 1819 1475 1875 viris
1486 1836 1576 1877 sacras
1591 1821 1741 1896 religionis
1751 1826 1836 1884 devo

119 1910 303 1971 hominibus.
320 1909 355 1964 ct
370 1907 520 1980 quoniam,
533 1911 566 1962 ut
577 1906 715 1973 diximus,
722 1904 839 1978 sepeliri
851 1906 952 1978 singu·
1006 1908 1045 1963 tis
1060 1923 1094 1964 ex
1112 1907 1246 1963 universa
1260 1906 1355 1979 plebe,
1369 1907 1527 1964 coadunari
1551 1910 1742 1970 conciliorum
1763 1933 1834 1972 con-

121 2000 205 2058 latim
221 2000 261 2056 cb
276 1996 495 2055 multitudinem
512 2012 570 2052 non
587 1996 722 2068 quibant,
738 1998 906 2051 constructa
923 1995 952 2049 in
1006 2002 1121 2052 ventus.
1136 1996 1179 2055 Ad
1195 2013 1269 2068 quos
1284 1995 1373 2052 ctiam
1398 1995 1493 2052 multa
1516 1997 1834 2078 delatasuntcorpcra

122 2089 302 2165 quibusdam
317 2085 389 2144 locis
404 2102 422 2141 a
437 2091 526 2141 Deum
542 2084 726 2155 timentibus,
737 2101 801 2156 qua
811 2083 896 2155 vulgo
908 2082 954 2137 di·
1008 2089 1176 2142 sanctorum
1191 2090 1278 2158 atque
1288 2084 1518 2142 innumerabiles
1529 2092 1697 2146 sanctarum
1709 2093 1836 2166 apopho-

123 2182 229 2239 motor
244 2173 390 2240 carnaria,
400 2175 428 2230 ic
442 2174 550 2246 quibus
561 2172 757 2246 quingenti,et
769 2190 802 2241 eo
813 2173 952 2245 amplius,
1008 2179 1075 2230 retas
1091 2173 1291 2246 reliquiarum.
1308 2173 1418 2230 Dchiuc
1434 2191 1485 2247 per
1504 2176 1705 2235 arelatensem
1718 2182 1835 2254 provin·

123 2284 172 2325 seu
196 2267 346 2340 quantum
370 2279 472 2335 capere
496 2266 641 2335 poterant,
658 2261 822 2334 permistim
843 2262 953 2333 absque
1009 2263 1198 2335 clamatque
1223 2262 1460 2335 Lugdunensem,
1478 2264 1579 2337 sicque
1602 2282 1654 2339 per
1668 2268 1835 2329 universam

123 2356 224 2415 ordine
238 2354 368 2430 projecta
383 2356 453 2408 sunt
477 2352 644 2418 seminuda,
662 2350 706 2407 vel
722 2351 833 2423 absque
847 2351 953 2424 tcgmi·
1009 2351 1220 2425 Burgundiam,
1251 2368 1347 2424 usquc
1374 2351 1403 2407 in
1428 2350 1550 2410 ultimas
1575 2355 1703 2413 Francia
1726 2365 1834 2433 partes,

125 2445 220 2514 nibus,
252 2442 458 2501 detunctorum
496 2457 627 2514 corpora.
657 2440 754 2496 Trivia
780 2455 897 2513 quoque
926 2444 956 2496 et
1009 2459 1060 2515 per
1089 2441 1240 2496 nrrimrsos
1265 2440 1452 2512 episcopatus
1476 2440 1618 2500 indictum
1640 2451 1695 2512 est,
1712 2448 1838 2520 qualiter

123 2548 262 2608 agrorum
276 2528 420 2589 succisiva
445 2545 497 2603 pro
522 2528 696 2585 caemeteriis
712 2528 906 2584 habebantur.
923 2529 956 2601 Si
1009 2530 1097 2586 certis
1117 2530 1146 2585 in
1163 2529 1234 2585 locis
1259 2529 1461 2602 apraesulibus
1478 2533 1724 2607 magnatibusque
1748 2538 1838 2595 totius

124 2622 171 2696 qui
185 2637 259 2680 aero
282 2620 384 2677 auditu
408 2622 611 2690 cornpsrerant
633 2618 711 2689 quod
735 2617 842 2674 melius
862 2618 955 2674 habe·
1009 2619 1108 2693 patric
1117 2619 1152 2676 de
1162 2619 1347 2675 reformanda
1357 2633 1426 2690 pace
1436 2623 1464 2674 el
1475 2636 1564 2675 sacrm
1576 2621 1642 2677 lidei
1654 2623 1837 2682 institutione

124 2715 200 2778 rent,
214 2711 242 2768 si
258 2709 295 2767 ad
309 2707 369 2765 alia
383 2706 541 2764 transirent
555 2723 633 2774 arva,
645 2705 797 2780 perplures
809 2705 840 2763 in
850 2706 953 2764 itincre
1009 2708 1226 2766 celebrarentur
1240 2706 1373 2764 concilia.
1389 2707 1470 2772 erod
1488 2709 1576 2765 etiam
1601 2715 1662 2767 tota
1677 2712 1835 2772 multitudo

124 2800 297 2859 deficientes
312 2798 521 2856 moriebantur.
537 2796 659 2853 Deserit
673 2797 752 2852 enim
767 2797 797 2852 in
813 2798 882 2853 orbe
897 2801 954 2853 ter·
1009 2799 1151 2856 universa
1167 2797 1260 2870 plebis
1279 2794 1412 2863 audiens,
1428 2795 1559 2853 taanter
1582 2800 1680 2856 adiere
1705 2803 1836 2871 maximi,

119 2897 236 2959 raro‘m,
252 2889 380 2962 peccatis
406 2886 561 2944 hominum
589 2886 783 2959 exigentibus,
809 2887 953 2959 predictas
1009 2887 1170 2945 mediocres
1186 2903 1220 2942 ac
1235 2885 1349 2940 minimi
1368 2886 1484 2959 :parati
1504 2887 1602 2944 cuncti
1618 2889 1735 2948 obedire
1750 2892 1834 2965 quid·

115 2976 298 3052 petilentia
313 2976 411 3034 clades
423 2976 452 3031 in
463 2975 591 3048 spatium
609 2975 699 3030 trium
714 2976 956 3032 annorum.'l¹nnc
1010 2978 1080 3052 quid
1096 2980 1272 3049 praeceptum
1288 2973 1391 3030 luisset
1406 2991 1423 3030 a
1438 2975 1606 3047 pastoribus
1623 2978 1836 3050 ecclesianos

114 3064 149 3125 in
170 3066 314 3142 apennis
337 3081 496 3139 egenorum
518 3064 658 3120 distracta
672 3068 742 3119 sunt
764 3063 953 3121 ecclesiarum
1009 3067 1108 3123 minus
1121 3063 1264 3131 videlicet,
1277 3060 1403 3134 quamsi
1417 3062 1592 3120 vexemissa
1606 3065 1641 3122 de
1656 3066 1728 3123 coslo
1744 3068 1837 3126 horni-

113 3159 309 3223 ornamenta,
333 3152 536 3226 dispertitique
558 3152 700 3219 thesauri,
722 3152 772 3225 qui
799 3153 835 3208 ob
850 3153 904 3209 hoc
920 3138 987 3210 inG
1007 3157 1094 3212 nibus
1110 3153 1138 3209 iu
1155 3157 1233 3208 terra
1244 3151 1422 3223 loqueretur.
1435 3151 1575 3208 Terrebat
1590 3153 1668 3210 enim
1684 3157 1837 3216 universos

110 3241 952 3314 decretisPatruminveniunturibidemprimitusluisse
1008 3243 1105 3301 clades
1133 3238 1270 3316 preteriti
1295 3238 1447 3311 temporis,
1464 3239 1652 3313 instabatque
1678 3249 1775 3301 metus
1802 3263 1837 3301 no

111 3333 256 3409 repositi.
273 3332 329 3390 Sed
356 3335 500 3404 quantum
529 3334 681 3403 supererat
707 3330 839 3386 vindicta
864 3332 952 3402 Justrs
1006 3332 1240 3405 adipiscerentur
1261 3326 1441 3400 opulentiam
1466 3328 1570 3384 lutura
1597 3331 1751 3390 ubertatis.
1768 3335 1838 3390 Erat

108 3422 257 3492 ultionis,
273 3421 399 3478 excessit
414 3420 551 3476 nimietas
574 3435 732 3492 egenorum
760 3419 789 3474 in
806 3419 952 3494 plerisque
1007 3423 1116 3496 quippe
1131 3417 1286 3491 descriptio
1305 3415 1456 3489 capitatim
1480 3417 1604 3492 digesta,
1621 3437 1680 3493 qua
1701 3422 1833 3479 contine·

109 3508 196 3570 loeis
209 3510 367 3568 thesauros
381 3508 580 3567 ecclesiarum.
598 3508 671 3564 Nam
696 3513 725 3563 et
748 3508 804 3580 ipsi
826 3509 951 3566 famelici
1006 3511 1115 3567 bantur
1129 3515 1189 3565 tarn
1206 3507 1255 3562 illa
1271 3524 1334 3579 quac
1354 3506 1416 3562 fieri
1440 3506 1680 3580 prohibebantur,
1696 3527 1786 3584 quam
1802 3529 1836 3569 aa

112 3599 327 3663 nimia'sffecti
342 3599 449 3666 inedia,
465 3598 490 3654 si
504 3597 677 3669 contigisset
690 3613 740 3654 ecs
756 3597 860 3669 repleri
876 3598 951 3669 cibo,
1007 3617 1070 3674 qua
1085 3600 1189 3654 devota
1203 3596 1361 3670 sponsione
1382 3595 1576 3669 oninipotenti
1592 3598 1715 3656 Domino
1730 3601 1833 3657 ollcrre

115 3687 248 3749 mesra
261 3686 411 3744 inflatione
427 3685 560 3760 protinus
571 3684 780 3741 moriebantur.
789 3684 844 3741 Alii
855 3691 952 3743 autem
1007 3689 1202 3745 decreverant.
1228 3685 1260 3741 ln
1283 3684 1393 3757 quihus
1408 3685 1598 3757 potissimum
1614 3692 1677 3745 erat
1693 3690 1729 3746 de
1744 3689 1836 3746 invio·

115 3777 206 3835 eibos
223 3776 363 3835 manibus
382 3777 605 3840 contrectantes,
622 3774 664 3829 ori
689 3777 836 3831 tentantes
856 3775 953 3849 impo-
1006 3777 1088 3835 labili
1107 3793 1178 3850 pace
1193 3773 1403 3844 conservanda,
1419 3778 1452 3827 ut
1474 3773 1587 3832 scilicet
1609 3777 1663 3833 viri
1679 3779 1834 3853 utriusque

121 3880 206 3937 aare,
220 3865 273 3924 sed
287 3863 536 3938 conquiniscendo
551 3862 735 3930 deficiebant,
752 3879 809 3919 non
824 3863 953 3922 valentes
1007 3863 1406 3935 conditionis,cujuscunque
1416 3867 1502 3918 nntca
1516 3863 1641 3921 luissent
1653 3866 1693 3923 rei
1705 3868 1834 3936 obnoxii,

118 3955 243 4028 explere
258 3954 337 4026 quod
351 3952 517 4026 cupiebant.
534 3952 666 4018 Quantus
681 3951 760 4008 anim
775 3951 858 4008 dolor
871 3957 952 4022 tunc,
1008 3956 1120 4028 absque
1136 3952 1291 4009 formidine
1304 3951 1493 4024 procederent
1514 3953 1605 4008 armis
1627 3956 1721 4011 vacui.
1735 3956 1834 4014 Praedo

122 4032 238 4117 quanta
252 4041 401 4111 mestitia,
418 4040 468 4113 qui
487 4038 647 4114 singultus,
662 4040 713 4112 qui
728 4039 874 4114 planctus,
890 4058 953 4115 que
1007 4059 1135 4116 namque
1149 4045 1200 4099 aut
1215 4040 1332 4096 invasor
1346 4038 1466 4095 alterius
1489 4040 1636 4098 facultatis
1658 4043 1758 4116 legum
1774 4045 1834 4101 dis·

118 4125 262 4206 lacqms
278 4148 297 4187 a
311 4128 382 4187 talia
405 4129 591 4186 cernentibus
616 4129 690 4186 date
708 4132 794 4200 sunt;
809 4131 954 4205 precipue
1007 4133 1142 4191 trictione
1157 4133 1296 4195 arctatus,
1312 4127 1457 4185 valdonis
1473 4129 1656 4198 facultatum,
1671 4149 1721 4188 sau
1738 4134 1833 4206 poenis

123 4219 227 4277 amris
246 4219 451 4277 ecclesiasticas
474 4217 634 4292 religionis,
650 4218 795 4292 episcopis
819 4220 955 4278 videlicet
1008 4220 1136 4294 corporis
1158 4217 1299 4276 acorrima
1324 4215 1507 4275 multaretur.
1531 4219 1615 4277 Locis
1641 4220 1834 4280 nihilominus

124 4311 214 4383 atqua
241 4308 410 4375 abbatibus,
435 4307 587 4365 monacbis
615 4310 644 4362 et
666 4308 953 4385 sanctimonialibus,
1007 4311 1098 4369 sacris
1123 4309 1256 4366 omnium
1284 4306 1475 4363 ecclesiarum
1503 4307 1598 4365 honor
1618 4313 1648 4365 et
1674 4312 1834 4368 reverentia

129 4396 277 4472 simulque
291 4398 430 4454 omnihus
454 4397 484 4453 in
506 4413 662 4454 commune
685 4398 840 4471 utriusque
866 4416 953 4458 sexus
1006 4400 1075 4459 talis
1085 4396 1349 4466 exhiberetur,utsi
1361 4397 1428 4468 quis
1439 4398 1475 4454 ad
1486 4415 1520 4454 ea
1530 4399 1732 4472 cujuscunque
1742 4399 1834 4474 culpa

130 4490 158 4543 ct
178 4485 291 4544 ordinis
317 4486 411 4543 Deum
440 4486 651 4554 metuentibus,
678 4504 735 4543 non
759 4486 837 4544 valet
859 4489 992 4576 stylusp
1009 4490 1153 4548 obnoxius
1177 4485 1347 4558 coniugium
1363 4485 1477 4556 iaceret,
1495 4485 1602 4543 illaesus
1617 4488 1760 4556 evaderet,
1779 4489 1833 4546 nisi

130 4576 275 4651 quispiam
308 4575 454 4649 explicare
486 4575 714 4632 characteribus.
743 4576 955 4636 AEstimnbatur
1007 4575 1253 4639 solummodoillc
1272 4574 1323 4647 qui
1344 4578 1463 4647 pactum
1478 4576 1622 4648 predicta
1637 4578 1834 4649 pacisviolas·

130 4663 203 4723 enim
236 4665 308 4722 ordo
332 4668 498 4738 temporum
522 4668 551 4722 et
573 4662 785 4722 elementorum
809 4668 955 4739 proterite
1007 4673 1068 4738 sst;
1085 4668 1132 4724 bic
1148 4670 1245 4722 tamen
1268 4666 1371 4736 captus
1395 4664 1431 4718 ab
1446 4663 1536 4720 altare
1556 4670 1756 4738 praestatutam
1771 4667 1833 4722 vin-

131 4753 164 4810 ab
177 4753 261 4811 initio
277 4755 434 4813 moderans
449 4753 557 4811 secula
579 4755 610 4811 in
628 4755 716 4811 chaos
731 4755 874 4813 decidisse
889 4774 953 4830 per·
1007 4759 1115 4815 dictam
1131 4755 1232 4811 lueret.
1242 4752 1360 4809 Clericis
1375 4751 1510 4809 similiter
1524 4755 1672 4823 omnibus,
1683 4753 1834 4810 monachis

130 4845 260 4915 potuum,
284 4846 372 4916 atque
398 4842 520 4899 humani
548 4843 662 4916 generis
690 4842 851 4902 interitum.
877 4846 952 4903 illud
1006 4840 1833 4916 etsanctimcnialibus,utsiquiscumeisperregionem

129 4936 266 5003 meteres
278 4935 398 5005 stupore
411 4932 503 4989 nimio
516 4930 801 5006 permirabillimum,
811 4935 952 5008 quoniam
1005 4941 1147 5012 pergeret,
1164 4934 1276 4992 nullam
1291 4932 1350 4987 rim
1366 4933 1403 4987 ab
1419 4931 1518 5005 aliquo
1532 4935 1690 5005 pateretur.
1704 4932 1834 4989 Plurima

129 5017 232 5078 iatam
246 5017 432 5079 claudestina
454 5020 559 5079 divinas
582 5022 703 5079 ultionis
726 5023 891 5081 calamitate
905 5043 952 5083 ra·
1005 5033 1102 5085 autem
1130 5026 1160 5081 in
1185 5023 1296 5080 eisdem
1324 5019 1454 5078 conciliis
1478 5020 1637 5077 constituta
1661 5025 1741 5088 sunt,
1767 5037 1832 5093 qun

128 5107 243 5168 111ιὶωο
269 5109 499 5184 reperiebantur,
528 5112 579 5186 qui
607 5128 660 5185 pro
687 5111 797 5169 talibus
826 5116 951 5173 contrito
1003 5117 1177 5191 perlongum
1198 5112 1336 5169 duximus
1352 5110 1468 5166 referre.
1485 5108 1560 5167 illud
1576 5127 1647 5167 sane
1662 5127 1828 5168 memoran-

129 5199 212 5268 oerde
235 5203 266 5257 et
282 5198 438 5259 humiliato
462 5218 592 5277 corpore.
619 5206 652 5258 ut
675 5201 856 5274 expediebat.
876 5204 952 5263 leva·
1007 5206 1088 5274 dum,
1105 5203 1182 5278 quod
1198 5199 1337 5257 omnibus
1353 5199 1382 5253 in
1398 5215 1556 5256 commune
1569 5199 1691 5273 placuit,
1708 5199 1833 5273 qualiter

129 5292 191 5346 not
214 5288 306 5345 corda
329 5305 398 5346 cnm
422 5290 559 5348 manibus
583 5291 620 5347 ad
644 5290 814 5358 Dominum,
837 5293 953 5367 sibique
1005 5296 1144 5354 omnibus
1167 5288 1401 5348 hebdomadibus
1418 5289 1569 5346 sanctione
1584 5293 1733 5363 perpetua,
1750 5292 1832 5345 sexta

128 5376 952 5453 mbvsnicnduminterpellarent.Tuncnempalsaianum
1007 5386 1053 5442 dia
1067 5383 1264 5442 abstineretur
1278 5395 1296 5434 a
1311 5378 1387 5446 vino,
1404 5382 1433 5434 et
1454 5378 1591 5436 carnibus
1607 5379 1732 5452 septima
1749 5395 1755 5434 :
1774 5377 1831 5433 nisi

128 5462 197 5524 illud
218 5465 349 5540 elogium
373 5472 474 5528 nostro
497 5469 652 5544 impletum
671 5473 716 5527 est
729 5473 860 5543 tempore
874 5466 953 5546 quod
1005 5475 1078 5532 sorte
1093 5469 1189 5547 gravis
1203 5465 1359 5524 infirmitas
1374 5466 1571 5541 compelleret,
1581 5466 1832 5525 autceleherrima

128 5554 359 5636 ontzeomtus
376 5564 642 5623 maestosuocuo
656 5559 693 5622 cd
704 5562 900 5641 percutientem
913 5579 951 5627 se.
1006 5562 1176 5627 solemnitas
1204 5555 1399 5619 interveniret.
1430 5557 1460 5619 Si
1492 5574 1560 5619 vero
1594 5557 1705 5618 allectio
1733 5555 1832 5637 aliqua
