3884 6084
108 277 169 343 tiit
533 277 735 342 ODORANNI
757 275 935 340 MONAGHI
958 275 991 336 S.
1009 274 1126 336 PETRI
1148 276 1228 339 VIVI
1251 274 1393 338 SllNON.

111 413 178 479 loci,
190 429 257 469 cum
271 412 350 469 amni
362 411 515 485 diligentia
527 412 719 468 condiderunt
732 428 766 467 ea
781 410 810 466 in
826 409 935 466 locellis
949 411 977 478 Α
992 409 1044 462 Siti»
1054 408 1165 463 delatas
1176 412 1329 463 testantur.
1339 409 1412 464 «Sed
1431 409 1563 481 paganis,
1576 407 1674 480 inquit
1684 406 1718 463 cl

111 501 268 576 plumbeis,
281 501 367 575 plura
381 500 523 558 miracula
544 501 583 557 ibi
608 504 746 573 operante
760 498 868 556 virtute
881 499 937 555 Do·
992 501 1102 565 erretur,
1116 496 1266 569 aliquanto
1282 502 1348 570 post
1370 501 1500 571 tempore
1516 498 1570 553 hoc
1585 497 1718 555 cmuciatu

111 589 194 649 mini.
207 613 222 642 ιι
233 591 440 648 Plumheerum
455 589 637 658 locellorum,
654 589 682 645 in
700 589 808 662 quibus
820 588 938 645 condita
992 591 1088 642 irense
1101 587 1394 658 occupantibusduae
1407 603 1442 643 ex
1456 586 1638 644 monialibus
1651 602 1718 644 men

111 682 281 738 sanctorum
296 697 427 754 corpora,
445 678 554 736 mentio
572 679 604 734 fri
619 679 648 734 in
664 678 710 736 his
728 678 811 748 actis,
827 695 862 735 ex
877 676 938 750 qui·
992 675 1147 731 abbatissa
1161 676 1381 732 tiermentrudis
1397 675 1509 744 affines,
1522 676 1718 735 immmenso

112 770 169 827 bus
184 770 381 828 narrationem
406 786 491 827 suam
506 767 634 825 Clarium
659 767 795 825 hausisse
810 784 868 824 non
884 766 937 822 dn·
991 767 1036 820 tes
1047 764 1220 837 periculum,
1230 765 1265 819 ad
1277 764 1499 837 praesidiumsui
1512 765 1718 838 patris,nomir

111 857 195 916 bium
210 863 264 916 est.
993 851 1082 926 guidi,
1105 852 1281 910 nobilissimi
1297 855 1327 908 in
1343 854 1513 928 Burgundio
1526 856 1579 911 riri
1596 859 1687 930 atque
1704 872 1718 913 a

148 950 174 1005 i.
191 948 321 1024 Denique
336 966 370 1006 ex
385 949 487 1006 eodem
503 945 938 1019 auctore,ann01020«lngoni
992 942 1249 1015 confugerunt,qui
1262 943 1347 1016 paulo
1356 945 1718 1017 postlleofelicemreddii

113 1039 211 1096 abbati
222 1039 365 1096 suecessit
375 1039 502 1095 domnus
512 1036 715 1102 Ermenaldns,
727 1036 757 1092 in
768 1037 854 1108 eujus
864 1039 938 1090 iem·
992 1048 1082 1087 marn.
1092 1032 1164 1104 lpse
1173 1049 1239 1088 vero
1248 1032 1391 1089 moniales
1402 1034 1488 1090 matri
1496 1052 1555 1090 suae
1566 1034 1718 1092 liothaidre

113 1145 182 1202 pore
197 1146 247 1185 rex
262 1129 408 1185 liebertus
423 1132 452 1185 el
467 1126 637 1183 Constantia
650 1126 752 1199 regina
767 1140 938 1198 camposac-
992 1121 1087 1176 tribus
1098 1121 1416 1194 Agemberto,Samueli
1426 1123 1718 1197 elAlgaudoqnetidi

113 1222 182 1274 runt
192 1222 293 1275 sancto
303 1217 458 1274 Saviniano
468 1215 596 1272 loculum
606 1217 851 1287 aa1r0,argentaei
861 1229 940 1286 gem·
994 1211 1098 1266 rabant
1109 1216 1219 1282 qrranta
1233 1211 1309 1268 Deus
1319 1212 1505 1285 omnipotens
1519 1214 1701 1272 sanctissimi
1716 1216 1718 1223 '

114 1305 172 1363 mis
186 1305 323 1380 pretiosis
345 1310 492 1363 ornatum.
509 1305 541 1360 ln
558 1321 615 1376 quo
637 1303 826 1359 inseruerunt
851 1301 938 1358 eliam
992 1299 1065 1354 tiani
1081 1300 1193 1355 meritis
1209 1304 1324 1373 patrare
1339 1302 1509 1375 dignaretur
1525 1304 1718 1361 miraculaza

114 1412 181 1451 eum
196 1411 230 1452 eo
245 1412 351 1468 cerpus
377 1394 470 1452 seneli
486 1393 605 1450 Eodaldi
622 1409 688 1449 cum
713 1392 831 1449 ossibus
856 1388 940 1464 pueri
994 1386 1049 1459 ipsi
1062 1387 1136 1442 miro
1146 1388 1307 1445 delictionis
1323 1390 1389 1463 igne
1400 1390 1557 1465 flagrantes
1572 1394 1608 1449 dc
1622 1409 1718 1469 compi

114 1483 229 1558 parvuli
244 1500 303 1541 una
317 1484 431 1541 humati
448 1483 477 1539 in
493 1481 588 1540 loculo
604 1481 860 1556 plumbeamque
873 1483 940 1536 anie
994 1476 1124 1534 sibilum
1142 1478 1270 1550 pretioso
1295 1479 1433 1537 thesauro
1463 1499 1616 1555 nunquam
1636 1501 1697 1541 non

114 1571 348 1628 continebantur.
365 1572 397 1628 ln
414 1588 472 1645 qua
495 1569 686 1628 translatione
702 1569 822 1642 quidam
847 1585 940 1624 cecus
994 1564 1115 1638 diesque
1125 1567 1296 1640 cogitarent.
1309 1571 1490 1643 Quapropter
1500 1571 1618 1628 Samuel
1631 1576 1661 1629 et
1670 1572 1718 1648 etp

115 1660 223 1735 recepit
235 1660 351 1731 lumen;
368 1665 397 1717 el
410 1659 590 1734 pluviaque
602 1677 618 1715 a
629 1659 739 1716 Pascha
749 1658 866 1716 Domini
882 1674 939 1714 non
993 1654 1127 1711 lutrense
1138 1656 1349 1712 monasterium
1360 1664 1509 1731 expetunt,
1520 1663 1718 1736 negotiumqu

114 1749 238 1824 pluerat,
263 1750 449 1806 abundanter
473 1748 640 1806 descendit:
654 1752 683 1804 cl
705 1748 764 1803 hae
788 1745 940 1804 translatio
994 1747 1099 1815 gerunt
1110 1744 1289 1813 dexteritate,
1304 1747 1461 1818 utaGisla,
1474 1749 1718 1811 nobilissimatur

114 1839 190 1895 laeta
204 1843 249 1895 cst
269 1853 320 1896 vm
331 1837 395 1895 Kal.
407 1837 596 1911 Septembris.
615 1859 629 1887 ιι
643 1837 790 1893 Hactenus
813 1835 937 1902 Clarius,
993 1830 1072 1904 peris
1086 1833 1218 1905 ejusdem
1232 1834 1287 1890 loci
1299 1835 1459 1906 abbatissa,
1469 1839 1518 1895 diu
1534 1841 1718 1921 desideratur

113 1945 178 2001 qua
193 1928 303 1985 auctori
321 1932 420 1984 nostro
439 1931 635 1984 consentanea
649 1931 728 1994 sunl,
740 1925 796 1983 nisi
810 1926 889 1998 quod
905 1941 939 1982 ea
994 1937 1050 1975 nus
1060 1920 1261 1993 impetrarent.
1271 1925 1351 1991 Quod
1363 1925 1538 1995 statim,voti
1549 1935 1716 2004 competes,

115 2018 170 2074 sub
178 2016 295 2074 Roberli
303 2017 370 2074 vilae
381 2018 469 2073 finem
477 2016 636 2089 contigisse
647 2014 803 2090 postremis
811 2014 939 2072 historie
994 2009 1155 2065 nestorium
1167 2013 1244 2084 quod
1254 2014 1440 2071 sanctissimo
1452 2018 1568 2089 praesuli
1579 2020 1613 2089 in
1620 2020 1718 2080 villal.

114 2106 211 2162 verbis
222 2104 613 2176 innuerevidelur.Uterque
628 2121 714 2176 porro
725 2103 818 2161 sancti
834 2103 939 2160 Poten—
994 2098 1089 2154 suerat
1104 2105 1316 2171 constructum,
1331 2105 1457 2161 maximo
1473 2123 1540 2162 cum
1560 2108 1673 2168 honore
1692 2115 1718 2169 el

116 2194 187 2251 lieni
204 2193 343 2267 reliquias
366 2211 384 2250 a
405 2192 558 2250 Wenilone
573 2193 789 2266 archiepiscopo
800 2193 939 2250 Hermen·
995 2188 1088 2242 realia
1103 2188 1280 2246 detulerunt.
1294 2214 1307 2241 a
1323 2192 1469 2250 Hactenus
1484 2197 1575 2253 codex
1589 2199 1718 2259 Antissin

117 2283 180 2339 ludi
193 2282 322 2339 lotrensl
343 2282 498 2339 abbatissae
513 2298 667 2338 concessas
689 2281 806 2338 silentio
821 2287 940 2355 praeier-
995 2276 1046 2341 sis,
1059 2278 1144 2349 cujus
1160 2278 1207 2335 hic
1220 2284 1330 2336 textum
1348 2283 1510 2353 referimus,
1523 2303 1580 2342 non
1593 2304 1653 2361 quo
1670 2290 1718 2347 Lu·

117 2370 207 2426 misit.
219 2371 264 2425 lta
278 2373 376 2426 lamen
387 2386 418 2426 se
429 2386 475 2426 res
491 2369 604 2438 babuit,
617 2369 641 2426 si
655 2370 817 2443 fragmento
828 2387 846 2425 a
856 2368 940 2427 nobis
995 2365 1073 2421 sium
1090 2371 1230 2424 adversus
1244 2373 1426 2428 senonenses
1440 2373 1484 2429 vel
1497 2374 1652 2434 lotrenses
1666 2396 1718 2437 esa

117 2459 148 2514 in
159 2458 257 2515 saeculi
276 2459 313 2515 lV
323 2461 405 2532 parte
424 2476 456 2527 u,
467 2475 533 2532 pag.
544 2460 607 2528 578,
619 2459 697 2516 edito
717 2460 756 2532 (2)
770 2459 842 2515 fides
857 2458 940 2514 adbi-
995 2453 1084 2511 limus
1100 2457 1290 2528 patrocinari;
1308 2460 1358 2515 sed
1379 2465 1411 2516 ιιι
1425 2462 1492 2519 inde
1518 2466 1718 2527 concessionis

117 2548 238 2604 beatur:
252 2548 330 2620 quod
343 2547 414 2620 quia
424 2548 589 2620 sequiorem
600 2547 630 2605 in
641 2553 753 2622 perlem
765 2565 782 2605 a
792 2547 942 2604 nonnullis
994 2544 1009 2600 J
1014 2545 1180 2602 cinensibus
1196 2542 1343 2604 momenta
1358 2549 1388 2605 in
1404 2549 1498 2608 lucem
1515 2555 1671 2627 prodeant.

116 2636 208 2711 accipi
224 2637 406 2708 inaudimus,
419 2637 585 2694 accuratius
600 2641 756 2693 retractare
775 2637 870 2694 visum
887 2641 941 2692 est.
1030 2635 1057 2689 b.
1073 2633 1157 2691 Aliud
1170 2643 1377 2710 argumentum
1389 2640 1600 2700 desumiturex
1612 2643 1718 2704 lileJol

151 2726 178 2781 5.
195 2725 310 2783 Nemini
326 2726 437 2782 venerit
452 2726 481 2781 in
497 2731 624 2783 mentem
641 2726 691 2799 qui
707 2743 775 2784 mox
788 2725 941 2783 laudatum
996 2723 1072 2779 inter
1082 2724 1209 2797 virgines
1219 2727 1442 2786 aeSenonenses
1453 2733 1545 2788 saneti
1559 2733 1637 2790 Patri
1648 2733 1710 2791 Virri

117 2818 267 2872 auctorem
280 2815 409 2889 itemque
420 2815 567 2872 Odoranni
579 2820 608 2873 et
619 2815 755 2872 monachi
764 2815 943 2873 Antissiedo
996 2811 1067 2868 chos
1078 2815 1141 2868 orta
1151 2814 1255 2870 seculo
1266 2833 1327 2882 xm,
1337 2834 1400 2889 qua
1422 2837 1501 2875 nova
1512 2821 1588 2878 beati
1609 2823 1718 2882 Potenti

116 2903 212 2960 reneis
227 2903 365 2960 chronica
379 2902 544 2978 perlegerit,
556 2903 703 2978 integrum
725 2904 819 2961 saneti
840 2904 943 2962 Poten-
997 2908 1130 2957 sanctum
1149 2903 1265 2959 Petrum
1282 2906 1475 2978 quiescentis,
1492 2911 1681 2971 translationi
1694 2930 1718 2972 oi

116 2993 189 3050 lieni
204 3009 311 3066 eorpus
321 2992 528 3050 Hermentrudi
539 2994 694 3050 abbatisse
703 2993 830 3050 Jotreasi
841 2994 942 3050 datum
997 3007 1065 3046 nem
1073 2991 1161 3048 dedit.
1173 2993 1265 3049 Litem
1278 2994 1333 3051 hae
1345 2996 1542 3056 deramatam
1555 3006 1718 3061 contestata

117 3081 316 3152 aWenilone;
334 3098 428 3154 neque
451 3082 647 3156 fragmentum
662 3082 725 3139 loeo
746 3082 865 3139 laudato
881 3083 944 3138 edi·
997 3079 1534 3151 fridusdeColone,monachussancti
1545 3088 1623 3146 Petri
1633 3090 1718 3160 iana

116 3175 180 3227 tum
194 3170 225 3227 id
239 3169 386 3244 exprimit,
398 3171 449 3228 sed
471 3171 560 3228 habet
574 3172 716 3228 duntaxat
737 3153 981 3229 celeberrimamC
999 3168 1108 3225 tabulis
1122 3169 1345 3245 chronologicis,
1361 3177 1424 3229 tum
1442 3173 1472 3230 in
1487 3193 1543 3232 ms.
1560 3177 1662 3237 libello
1675 3179 1715 3237 De

116 3262 206 3317 sancii
219 3260 376 3316 Peteniiani
389 3259 559 3334 coniugium
574 3262 827 3318 ffermentradema
843 3263 944 3318 Weai-
998 3256 1131 3329 reliquiis
1146 3260 1313 3316 monasterii
1329 3264 1422 3318 saneti
1438 3265 1514 3320 Petri
1530 3266 1718 3342 Vivi,quem‹

119 3349 363 3419 lonecfilagimssa
375 3363 500 3422 aereque
514 3350 673 3418 obtinuisse,
684 3360 765 3423 atque
775 3350 809 3406 ad
819 3351 877 3423 ejrrs
889 3366 944 3405 rao·
999 3364 1089 3403 manu
1104 3348 1295 3421 descriptam,
1307 3368 1374 3408 cum
1400 3352 1474 3410 serie
1488 3357 1643 3425 abbatum,
1657 3358 1688 3417 in
1707 3376 1718 3416 a

119 3437 271 3493 amieriam
285 3443 410 3492 sanciam
423 3446 449 3494 ei
464 3439 678 3511 incomparabile
695 3440 776 3496 decas
791 3438 863 3495 illud
879 3456 943 3513 per·
1000 3437 1069 3491 1289
1083 3436 1244 3509 desinente,
1261 3445 1378 3497 servant
1391 3443 1523 3513 ejusdem
1544 3443 1601 3502 leei
1616 3452 1717 3506 asaele

120 3524 213 3582 latum
224 3525 325 3581 fuisse.
333 3525 445 3591 Quibus
454 3527 551 3584 verbis
561 3527 666 3601 integri
678 3528 771 3586 saneti
783 3528 944 3585 Potentiani
999 3523 1065 3580 iridi
1075 3525 1163 3580 verba
1171 3531 1241 3582 sunt
1252 3528 1280 3582 in
1291 3529 1400 3586 tabulis
1410 3531 1653 3607 chronologicis«
1661 3537 1718 3594 dnn

119 3613 251 3687 corporis
275 3613 495 3671 translationem
515 3616 662 3690 designari
687 3634 838 3690 nunquam
852 3617 945 3674 volni·
999 3613 1028 3667 in
1044 3614 1221 3670 monasterio
1246 3616 1338 3672 saneti
1353 3619 1428 3674 Petri
1444 3621 1505 3677 Viri
1525 3622 1657 3697 reliquiae
1679 3626 1718 3683 fer

119 3703 256 3772 mus,sed
271 3703 456 3763 selummodo
471 3703 600 3777 aliquam
616 3707 709 3762 sancii
725 3707 866 3763 antistitis
881 3706 945 3764 reli·
998 3704 1094 3759 cecata
1117 3704 1174 3758 fere
1197 3706 1383 3763 obseruatione
1410 3709 1494 3781 digna
1508 3711 1559 3785 esi)
1575 3715 1667 3770 totius
1691 3730 1718 3771 aa

118 3792 255 3865 quierem
268 3798 392 3866 partem.
404 3793 543 3850 Nonnihil
555 3811 621 3851 vero
632 3812 665 3851 cx
676 3796 766 3868 hujus
775 3797 868 3853 saneti
881 3796 945 3852 reli·
999 3794 1092 3848 sancti
1105 3794 1266 3851 Potentiani
1277 3801 1400 3853 ostensae
1414 3799 1531 3856 fuerunt
1541 3819 1641 3861 coram
1657 3820 1718 3863 rere

118 3881 944 3954 qniisiolrensibussanctimonialibuseoncessumfaisse
999 3882 1718 3967 PatribusPetroSenonensiarchiepiscopalem

117 3975 223 4044 preter
233 3967 386 4029 laudatum
396 3972 605 4046 fragmentum,
619 3975 745 4047 probant
759 3974 857 4048 aliqua
872 3993 944 4048 quo·
999 3971 1078 4026 censi
1090 3973 1237 4046 episcope,
1247 3980 1277 4031 ei
1290 3976 1465 4048 quibusdam
1483 3979 1549 4037 aliis
1564 3982 1718 4056 pratalias

118 4064 283 4133 quevetera
296 4066 496 4118 monumenta.
508 4062 638 4119 Primum
651 4064 808 4121 eruiturex
820 4082 944 4139 sequen·
999 4061 1044 4133 pis
1059 4066 1088 4118 el
1102 4062 1267 4121 abbatibus.
1281 4064 1422 4123 Dicebant
1441 4069 1584 4128 moniales
1601 4072 1718 4130 deintra

117 4149 198 4206 libas
224 4149 488 4207 Autissiodorensis
513 4151 622 4208 codicis
646 4153 751 4220 verbis,
764 4170 828 4226 qua
851 4155 944 4210 sancti
998 4152 1190 4224 corpusbebii
1207 4153 1366 4211 Potentiam
1384 4157 1608 4229 hnbebant;sed
1621 4160 1718 4219 iliadis

121 4239 259 4310 martyris
271 4236 408 4310 reliquias
418 4240 499 4296 Jotro
511 4239 538 4294 in
551 4241 750 4313 Burgundiam
762 4243 817 4299 sub
833 4261 943 4300 annum
999 4238 1066 4296 licet
1080 4258 1115 4297 xv
1131 4240 1192 4298 Kal.
1210 4243 1288 4313 Maii,
1306 4244 1345 4299 iili
1367 4247 1466 4303 Patres
1488 4251 1619 4321 praedicti
1643 4252 1718 4309 contr

153 4363 191 4490 (33
207 4363 415 4435 Fragmentum
428 4363 580 4420 laudatum
594 4365 636 4420 sic
652 4383 682 4420 se
698 4365 786 4422 habet
801 4382 808 4422 :
998 4366 1065 4420 urbe
1081 4367 1196 4449 Weailo
1210 4384 1325 4427 samma.¹
1346 4375 1500 4429 sanctitatis
1515 4382 1541 4431 ei
1555 4377 1718 4449 religionisi

194 4436 507 4493 circaslalienesancti
522 4438 681 4493 retentioni
694 4438 890 4495 incanobiam
996 4453 1069 4508 ραις
1098 4455 1128 4492 rra
1156 4449 1302 4496 nicrrroraio
1330 4458 1392 4498 erro
1426 4450 1590 4503 monasterio
1618 4450 1718 4507 fierunt

464 4509 594 4565 lutrense.
958 4510 1117 4583 pateribus
1131 4517 1157 4565 ei
1172 4513 1281 4567 nerrrinc
1299 4514 1436 4570 abbatissa
1453 4523 1584 4587 preerat,
1600 4520 1718 4595 eidemq

153 4576 237 4632 Anno
251 4577 313 4642 847,
333 4577 410 4650 apud
434 4579 566 4637 Senonas
581 4579 779 4636 revelaverunt
802 4597 832 4637 se
855 4584 945 4638 sormii
995 4598 1123 4655 prosimu
1137 4583 1276 4652 alteritate
1297 4586 1450 4656 corrinnciu.
1467 4590 1531 4645 flac
1549 4593 1718 4662 pertinace

120 4647 223 4704 Christi
246 4657 382 4721 martyres
406 4652 583 4718 Sabinianus,
610 4653 797 4717 Potentiaaus,
824 4652 941 4720 Attinas,
997 4655 1216 4723 corrumperem
1238 4658 1451 4727 propinquitatis
1465 4660 1569 4730 iirlacia
1591 4664 1714 4731 ineam,

117 4718 256 4776 liodoldus
283 4728 309 4776 ei
340 4722 481 4777 Serciinas
514 4722 661 4778 Wenilom'
691 4723 892 4796 iircbiepisccpc
917 4733 943 4780 ei
996 4728 1150 4798 episcopam
1164 4725 1242 4789 adiit,
1257 4737 1402 4797 precatam
1417 4733 1515 4786 nisibi
1533 4742 1588 4789 etc
1643 4742 1718 4805 regni

117 4790 260 4848 Anastasio
288 4791 392 4859 abbati,
418 4808 524 4866 nempe
553 4794 722 4850 monasterii
743 4798 771 4849 S.
789 4795 873 4851 Petri.
891 4797 944 4864 Qui
996 4799 1120 4866 manliae
1134 4799 1262 4865 anprrstiu
1276 4801 1438 4866 constitutis,
1454 4818 1504 4858 sao
1521 4807 1549 4858 ct
1569 4806 1611 4861 cei
1673 4808 1718 4863 rin

119 4863 238 4919 tenentes
251 4879 296 4920 eos
310 4879 373 4920 curn
386 4864 598 4936 magnebertum
612 4865 645 4920 de
656 4866 771 4922 ecclesie
782 4867 831 4922 nbi
844 4869 944 4940 sepulti
996 4871 1034 4923 cii
1050 4869 1208 4924 recentiam·
1219 4868 1362 4942 suffragio,
1379 4870 1408 4926 id
1429 4878 1473 4927 est
1487 4872 1680 4948 reliquiarum
1701 4892 1718 4933 e

117 4943 206 4992 erant.
230 4936 432 4992 transtulerant
458 4953 503 4992 ecs
531 4937 559 4991 in
586 4938 730 4992 basilicam
753 4938 785 4991 ii.
801 4939 879 4994 Petri
893 4955 942 4994 mn
998 4940 1089 5005 sione,
1105 4955 1265 4995 succurrere
1280 4958 1334 4996 nora
1347 4941 1479 5014 ‹liiferret
1497 4945 1682 5021 Repugnavit
1693 4964 1718 5023 pi

117 5003 450 5077 intumescentiae
475 5025 492 5062 a
513 5007 552 5063 ud
567 5007 693 5070 Clarium
716 5009 893 5064 rnonaebum
912 5010 941 5064 in
997 5012 1166 5084 episcopus;
1192 5011 1242 5066 sed
1268 5014 1386 5068 tandein
1410 5015 1548 5073 abbatissa
1571 5021 1644 5091 qued
1665 5021 1718 5094 piis*

71 5107 75 5119 ·
118 5074 261 5131 Chronico
277 5077 306 5133 S.
319 5078 394 5134 Petri
410 5025 576 5134 Viviiunc
593 5080 724 5151 contigit,
737 5080 815 5206 pund
832 5081 860 5136 in
877 5081 943 5163 qui·
996 5085 1149 5146 miserente,
1167 5090 1259 5138 eisaie
1284 5086 1373 5140 rrirnia
1398 5087 1605 5151 importunitate
1627 5092 1718 5149 obiise

118 5144 242 5201 busdam
260 5147 407 5205 schedulis
423 5150 478 5222 legi
490 5151 526 5206 de
537 5149 727 5206 translatione

118 5214 147 5270 in
176 5215 357 5287 parthenone
380 5221 546 5277 lotrensem
570 5222 811 5293 (ionarre).Fama
834 5224 884 5295 qui
909 5239 942 5296 pe
996 5225 1075 5281 demis
1090 5226 1125 5280 ad
1139 5225 1228 5280 iorum
1248 5243 1327 5299 prtem
1349 5228 1544 5299 predicebam,
1558 5233 1680 5305 peredere
1698 5250 1718 5291 ii

118 5286 315 5342 miraculorum
330 5291 407 5345 iliius
425 5293 477 5348 bue
500 5295 621 5366 itinran
644 5294 809 5365 pervolante,
833 5241 942 5350 trimiem
997 5313 1061 5351 ram
1076 5313 1211 5367 pressam,
1226 5304 1253 5352 et
1268 5301 1344 5353 orarii
1363 5300 1497 5357 solamine
1509 5302 1689 5373 destitutam:
1708 5322 1718 5363 t

117 5356 152 5412 nd
176 5373 258 5413 aures
281 5363 533 5419 sanctimonialium
557 5366 643 5436 ipsias
668 5365 784 5420 caenobii
827 5369 941 5432 emenii,
996 5370 1206 5437 conprepciiene
1222 5385 1285 5424 cnm
1307 5371 1396 5426 miliia
1410 5375 1594 5433 exsultatione
1607 5384 1718 5451 saucepi

117 5442 182 5501 quae
206 5427 340 5486 diuturna
368 5432 441 5488 inter
468 5435 539 5490 alias
564 5437 735 5492 diuersorum
760 5382 942 5508 armatorum
996 5456 1050 5511 qua
1064 5439 1173 5495 decebat
1187 5443 1358 5497 ueneratione
1371 5451 1397 5499 ei
1410 5443 1552 5502 (levatione
1566 5450 1597 5504 in
1612 5451 1673 5533 ipsc
1688 5466 1718 5507 iu

116 5514 258 5558 mannas
269 5507 457 5573 tempestatum
470 5513 496 5561 ei
514 5509 597 5578 samis
619 5508 740 5579 procelle
760 5510 874 5572 aurite,
890 5511 942 5565 iiii·
997 5512 1038 5566 rio
1052 5512 1190 5578 celmania,
1205 5520 1296 5584 postca
1321 5515 1376 5586 ipsc
1400 5515 1473 5571 tecm
1488 5533 1537 5574 nec
1571 5536 1644 5579 ama
1665 5536 1718 5597 peri

116 5586 198 5629 mano
224 5570 379 5646 deficiente,
407 5573 534 5633 diuinam
557 5578 724 5635 sotannnocto
751 5581 943 5651 eespeciabanl
995 5598 1045 5639 nee
1059 5583 1145 5639 uittam
1159 5585 1321 5658 iernpestaiis
1329 5587 1449 5660 pertulit
1459 5520 1622 5668 proelium.

116 5643 267 5709 amelien.
282 5644 350 5706 irai
367 5661 398 5706 ec
420 5654 537 5726 tempore
564 5651 593 5709 in
618 5650 753 5728 predicta
780 5650 940 5714 senonensi.

762 5192 767 5204 .
780 5152 943 5208 Potentrani
997 5163 1055 5210 ium
1069 5162 1094 5210 ei
1106 5154 1245 5224 periciam
1256 5163 1294 5211 esi
1305 5157 1429 5213 celeriter
1440 5167 1565 5216 sancium
1573 5170 1602 5219 ei
1612 5164 1718 5237 inem
