3900 6098
130 277 191 341 ΜΠ

129 415 168 469 25
204 416 259 468 b'm
277 413 447 469 (solidarunt
463 407 643 479 seriosius:

205 507 236 561 tr
250 506 488 559 rnnrmnrauerunt
499 500 530 554 in
546 496 731 553 tcbcmaoulis
744 497 817 552 suis·

205 595 262 648 ,t'on
276 591 561 649 mundissimarum
578 584 700 640 Domini.

168 680 267 738 GNon
283 679 467 735 crediderunt
480 676 510 730 in
525 673 616 730 verbo
632 673 695 746 ejus
705 690 712 728 :
722 671 828 729 Filium
844 671 957 749 signill-

128 771 238 838 cat,cui
254 768 335 842 plebs
351 763 564 824 nefandissima
581 760 845 818 noncredebat.Vel
858 760 958 819 hocad

129 857 268 922 litteram,
286 855 354 930 quia
369 855 433 911 ideo
453 850 693 918 murmurabant,
709 849 778 922 quia
799 851 864 922 ejus
889 867 955 923 pro·

127 944 321 1004 missionibus
336 943 457 1001 minime
471 941 590 998 credere
605 938 862 996 malueruntDum
878 955 957 996 mur-

127 1034 309 1093 murationes
321 1033 502 1100 exercebant,
518 1045 621 1086 vocem
647 1028 763 1084 Domini
787 1026 955 1085 nullatenus

127 1124 294 1182 audierunt.
312 1125 343 1179 ln
358 1119 557 1179 tabernaculis
572 1134 640 1174 vero
656 1117 739 1173 dicit:
750 1121 782 1173 ut
797 1117 851 1174 boc
866 1117 956 1173 conti·

126 1216 206 1290 gisse
221 1215 438 1279 videretur,non
454 1207 724 1274 laborantibus,sed
739 1205 954 1279 otiosisblajus

126 1304 205 1361 enim
222 1303 333 1359 crimen
349 1304 404 1369 est,
420 1317 488 1356 cum
504 1311 692 1353 murmurare
707 1295 829 1368 contigit
839 1295 951 1352 otiosis.

126 1395 163 1450 26
199 1394 231 1449 Et
245 1392 482 1448 elevavitrnonum
494 1404 575 1443 sunm
587 1401 669 1458 super
682 1401 725 1442 eos
741 1401 748 1439 ε

200 1483 231 1538 in
243 1486 424 1552 prosterneret
439 1493 481 1533 eos
496 1478 525 1531 in
541 1474 657 1531 deserto.

162 1568 183 1624 G
200 1567 325 1624 Dlevsvit
340 1582 470 1622 manuus:
481 1562 654 1636 hicjustitia
668 1561 783 1618 Domini
799 1561 952 1635 praemitti·

124 1662 185 1725 tur,
201 1662 235 1713 ut
247 1661 346 1713 secute
362 1656 454 1729 pietas
470 1652 583 1725 majore
596 1650 689 1725 gloria
704 1649 857 1708 sentiatur.
876 1648 953 1706 Dicit

125 1748 205 1806 enim
220 1746 415 1803 insurrexisse
429 1740 546 1800 Domini
560 1742 782 1813 potestatem,ut
790 1739 952 1796 vindicaret

125 1837 156 1894 in
171 1835 389 1903 excedentibus,
405 1848 513 1906 eosque
535 1833 742 1903 prosterneret,
760 1831 790 1885 et
813 1827 871 1886 alia
886 1846 950 1902 quae

124 1928 290 1998 sequuntur
304 1925 419 1981 laceret.

123 2019 159 2072 27
195 2017 228 2085 Et
242 2021 272 2070 ut
285 2014 412 2087 dejiceret
423 2026 515 2068 semen
530 2025 624 2066 rorum
636 2011 666 2064 in
679 2009 840 2067 notionibus
855 2025 865 2064 :

194 2105 226 2160 Et
241 2105 405 2177 dispergeret
418 2117 462 2158 eos
477 2100 687 2169 intersionibus.

159 2193 182 2248 ll
199 2192 326 2265 Dispersi
342 2193 411 2247 sunt
425 2189 504 2245 onim
519 2187 611 2244 Judaei
629 2188 658 2242 in
675 2185 947 2258 diversispartibus,

123 2286 157 2338 ut
171 2280 330 2352 aliquando
345 2277 594 2344 humiliati,suuru
604 2274 762 2330 Dominum
773 2271 855 2345 plebs
865 2274 949 2333 casti-

123 2375 192 2444 gata
203 2366 459 2441 cognosceretsetl
475 2369 503 2421 ot
519 2365 567 2420 ille
581 2363 771 2437 dispergitur,
783 2364 867 2434 cujus
882 2380 947 2421 sen·
969 2404 973 2413 ,

123 2476 174 2517 sus
199 2457 278 2515 omni
303 2460 387 2512 ventu
411 2454 509 2511 inanis
533 2451 630 2528 glorie
646 2452 689 2507 vel
709 2450 878 2524 rupiditatis
892 2451 947 2509 cir-

122 2548 292 2605 cumtertur.

83 2627 86 2632 ’
121 2639 157 2694 28
194 2642 229 2694 lit
242 2637 350 2693 initiati
363 2644 427 2692 suvnt
442 2633 625 2706 Derlpbepor:

193 2727 226 2784 lit
239 2726 412 2783 comederunt
423 2724 558 2796 sacrifico
568 2731 748 2779 mortuorum.

157 2817 181 2872 H
197 2817 233 2873 lit
245 2815 353 2871 initiati
370 2818 448 2881 suni,
466 2813 494 2868 id
511 2816 565 2877 est,
582 2811 632 2884 qui
647 2812 706 2867 Deo
721 2827 752 2866 so
776 2826 946 2870 consecrare

121 2907 295 2974 debuerunt,
312 2903 377 2959 ideo
392 2901 569 2975 Beelphegor
587 2900 706 2966 initiati,
726 2900 754 2955 id
778 2905 823 2955 est
843 2916 944 2957 conse·

119 2993 192 3050 crati
208 2998 278 3050 sunt
293 3009 299 3047 :
317 2992 406 3064 etqui
424 3007 528 3064 punem
541 2989 759 3046 vivumesurire
770 2989 943 3057 debuerunt,

120 3087 303 3141 mortuorum
318 3080 462 3138 sacrificia
476 3080 675 3135 comederunt.

586 274 618 334 S.
642 271 841 334 BRUNDNlS
864 264 1174 335 liliiiBll'DLliNSlS
1197 268 1384 337 DPISGOPI.

972 407 1077 476 ADci,
1095 423 1182 479 quom
1209 406 1256 463 ille
1280 407 1440 480 praedicnt:
1466 407 1541 464 sicut
1565 407 1677 464 Paulus
1699 408 1839 467 dicebat:

1014 497 1084 561 Quis
1099 496 1267 553 infirmatur
1280 501 1309 554 et
1322 513 1375 572 ego
1390 514 1449 553 uon
1476 496 1627 555 infirmor?
1642 497 1679 570 (ll
1692 499 1756 556 dor.
1770 498 1821 572 n).

1012 586 1047 642 33
1083 586 1117 642 lit
1127 587 1297 652 distinxit-1⁴
1318 587 1351 642 in
1372 593 1379 652 ζ
1407 586 1491 642 lobiis
1504 587 1584 642 suis:

1082 676 1141 732 Non
1159 674 1379 747 disperdiderunt
1392 674 1494 748 'penna
1514 691 1583 748 quos
1604 675 1680 734 dicit
1705 678 1841 735 mminss

1117 765 1186 820 iilis.
1718 774 1725 781 '

1046 854 1070 911 ll
1084 855 1121 911 Dt
1133 851 1267 911 distinxit
1279 852 1309 909 in
1326 851 1414 909 labiis
1423 852 1841 930 suts,utjugiterssppttearst

1010 960 1062 1016 pro
1077 943 1131 1000 eis.
1146 942 1234 1001 cve
1247 941 1380 1000 distinxit
1393 942 1504 1000 dicium
1524 941 1596 1000 illud
1622 944 1840 1014 diffidentius*

1009 1033 1099 1106 priori
1115 1032 1222 1088 mentis
1232 1031 1837 1106 somumiabmdisperdtdsmstgentes‚

1009 1123 1079 1194 quis
1096 1126 1252 1196 postquam
1262 1124 1373 1178 terrem
1388 1121 1592 1197 promissionis
1601 1120 1733 1195 populus
1744 1122 1837 1180 intre·

1007 1210 1172 1280 vit,oblitus
1188 1211 1394 1268 mandatorum
1409 1210 1460 1267 Dei
1478 1214 1510 1268 et
1531 1215 1746 1284 prueptumm
1755 1212 1835 1284 ejus,

1008 1299 1116 1372 quibus
1128 1305 1305 1374 praeeperat
1313 1300 1420 1356 debere
1433 1315 1483 1357 eus
1491 1298 1836 1372 pape-admerui-

1006 1391 1089 1445 turas
1104 1389 1246 1457 occidere,
1262 1406 1330 1445 cum
1347 1388 1406 1445 illis
1420 1404 1452 1445 se
1468 1389 1605 1462 gentibus
1619 1389 1726 1464 mgb
1742 1388 1837 1447 uetita

1007 1479 1143 1535 societate
1153 1477 1315 1551 conjunxit.
1403 1530 1406 1535 .
1444 1476 1448 1483 '

1005 1567 1041 1622 34
1077 1570 1111 1624 Et
1137 1569 1276 1624 commisti
1302 1574 1368 1623 sunt
1395 1568 1466 1624 inm
1485 1570 1602 1637 genten
1626 1573 1653 1622 ct
1673 1565 1835 1625 aurumi

1112 1674 1196 1730 opero
1210 1655 1716 1736 eorumtetservicruntacuiptiiilibus
1727 1670 1833 1714 aarum:

1076 1749 1109 1803 Et
1122 1750 1280 1818 factumest
1295 1747 1353 1803 iltis
1368 1748 1397 1803 in
1412 1745 1583 1803 maiatum

1041 1835 1062 1891 G
1084 1836 1237 1892 Commisit
1264 1840 1336 1894 sunt
1357 1836 1457 1909 itaque
1482 1835 1573 1891 vetita
1594 1833 1734 1891 societate
1758 1833 1835 1892 iuter

1005 1929 1118 1996 gentes,
1133 1929 1165 1981 ut
1179 1941 1211 1982 se
1236 1941 1337 1982 eorum
1363 1922 1573 1998 superstitione
1596 1921 1773 1997 poDusreui,
1788 1923 1831 1981 is·

1005 2018 1144 2086 ctumque
1156 2017 1202 2070 est
1215 2013 1275 2070 illis
1289 2014 1320 2070 in
1334 2012 1519 2070 mandalum.
1534 2011 1712 2068 Seandalum
1723 2027 1832 2070 nomeu

1004 2101 1135 2159 Granum
1151 2108 1206 2171 est,
1222 2103 1393 2178 significans
1404 2103 1562 2169 sinistrum,
1578 2117 1612 2159 ee
1633 2101 1712 2174 qued
1727 2118 1831 2158 eorum

1004 2194 1117 2246 mentes
1132 2191 1161 2246 in
1178 2190 1277 2248 lavam
1292 2195 1405 2264 partem
1420 2188 1833 2263 perversaimitatiouededu·

1002 2278 1128 2336 vitilem
1142 2281 1217 2338 tacta
1231 2285 1276 2337 est
1291 2287 1369 2337 terra
1383 2278 1589 2353 promissionis
1602 2277 1632 2335 iu
1642 2277 1832 2349 scandalum,

1002 2384 1066 2439 qua
1080 2368 1136 2425 luit
1156 2369 1186 2425 in
1207 2385 1348 2444 magnum
1361 2367 1516 2442 premium
1540 2367 1664 2427 Domino
1686 2366 1832 2443 largiente

1001 2455 1117 2515 collata.
1134 2458 1215 2516 Unde
1230 2475 1385 2515 monemur
1399 2461 1475 2515 recte
1499 2457 1542 2514 uti
1555 2451 1706 2514 beuelieiis
1729 2456 1833 2533 dirius

938 2554 943 2562 ’
1002 2544 1136 2619 largitate
1151 2547 1315 2616 collutis,ue
1329 2546 1832 2621 magisiudepercamusundesub·

1000 2633 1085 2691 levati
1101 2636 1194 2694 luisse
1209 2637 1424 2711 cognoscimur.

1000 2723 1036 2778 35
1070 2726 1104 2780 Et
1118 2727 1330 2783 imnrolnvenrnt
1343 2726 1415 2797 filios
1424 2739 1487 2781 suos
1501 2732 1527 2782 et
1540 2724 1613 2797 filias
1626 2739 1693 2780 suas
1707 2741 1720 2779 .·

1070 2813 1231 2871 baroniis.

1035 2901 1059 2956 H
1075 2901 1303 2960 lmmolaveruut
1317 2903 1393 2961 filios
1408 2919 1478 2960 suos
1491 2905 1519 2959 et
1540 2901 1616 2960 filias
1630 2918 1703 2959 suas
1717 2901 1830 2960 άωωο-

1000 2990 1068 3046 uiis.
1085 2990 1143 3048 Hoc
1167 2991 1390 3066 intelligendum
1414 2996 1459 3048 est
1481 2990 1642 3058 moraliter,
1663 3006 1777 3047 sensus
1800 2993 1832 3048 et

998 3079 1113 3136 animas
1129 3098 1208 3137 suas.
1226 3081 1246 3136 C
1261 3081 1311 3138 Vel
1328 3081 1363 3137 ad
1379 3079 1516 3148 litteram,
1527 3096 1584 3137 ucu
1595 3077 1638 3134 illi
1652 3077 1705 3151 qui
1715 3083 1828 3137 terram

116 3174 153 3229 29
190 3174 223 3228 Et
236 3173 417 3228 irritaverunt
433 3171 538 3224 eumin
554 3167 795 3225 adinrientionibus
805 3170 865 3224 suis
880 3186 888 3222 ε
957 3153 979 3221 G
999 3169 1204 3240 promissionis
1219 3174 1289 3226 sunt
1302 3168 1439 3244 ingressi,
1454 3169 1504 3226 scd
1519 3167 1675 3253 posteritas
1690 3183 1808 3224 eorum.

190 3263 223 3317 Et
237 3261 422 3331 multiplicato
435 3265 473 3314 cst
487 3259 569 3314 ineis
583 3259 677 3313 ruinc.

155 3350 179 3405 H
196 3348 384 3405 lrritaverunt
398 3362 465 3401 eum
482 3346 511 3401 in
527 3345 783 3402 adinventionibus
798 3347 872 3412 suis,
886 3346 941 3402 sci-

120 3438 189 3494 licet
203 3435 357 3510 perversis,
372 3439 401 3490 et
415 3433 559 3491 idolorum
575 3434 661 3490 ruina
683 3432 883 3508 multipliciter
897 3439 943 3491 est

119 3528 205 3585 iacta.
220 3526 243 3580 Α
258 3524 309 3580 Vel
324 3521 517 3595 multiplicata
529 3529 573 3579 est
588 3522 617 3578 in
633 3522 675 3578 eis
691 3523 793 3580 ruina:
810 3523 880 3596 quia
890 3541 942 3596 pro

119 3613 302 3690 gravioribus
318 3612 380 3668 suis
396 3612 521 3684 peccatis
537 3612 654 3684 gravius
669 3613 868 3669 vastabantur.

118 3706 154 3761 30
189 3706 221 3759 lit
235 3704 307 3759 stetit
318 3701 433 3758 Pbinees
446 3709 472 3758 et
483 3702 604 3773 placauit
621 3718 627 3756 :

191 3795 223 3848 lit
235 3792 350 3848 cessavit
363 3792 509 3863 quassatio.

154 3880 273 3939 CStetit
288 3880 411 3936 Pbinees
427 3899 435 3934 ε
451 3879 505 3935 hoc
520 3880 640 3935 verbum
657 3878 747 3947 stetit,
763 3878 941 3937 soliditatem

119 3969 226 4026 meniis
252 3968 390 4037 ostendit,
413 3969 463 4040 qui
488 3985 522 4024 ex
546 3968 606 4023 zelo
630 3968 728 4025 divino
752 3968 942 4026 fornicatores

118 4058 233 4116 occidit.
249 4059 272 4114 ll
288 4057 336 4114 Sic
348 4058 434 4115 debet
449 4057 583 4114 sacerdos
595 4057 642 4112 cui
658 4056 762 4114 anima
777 4059 941 4116 commissa

119 4154 199 4216 sunt,
214 4146 367 4221 evaginare
381 4146 523 4219 gladium,
540 4146 569 4202 id
590 4150 633 4202 est
656 4146 785 4219 proferre
807 4148 940 4215 verbum,

117 4241 147 4294 et
173 4237 303 4294 occidere
330 4236 549 4292 fornicationem
575 4239 604 4292 et
632 4235 884 4308 concupiscentias
910 4237 940 4293 in

118 4331 242 4400 utroque
254 4343 335 4393 sexu,
353 4329 385 4380 ut
400 4325 456 4381 sibi
472 4327 623 4397 reputetur
636 4325 843 4398 adjustitiam.

116 4417 149 4472 31
188 4421 223 4473 lit
237 4418 393 4487 reputatum
407 4415 478 4469 esici
489 4416 519 4469 in
531 4415 693 4485 justitiam:

985 3257 1031 3312 036
1067 3258 1100 3313 Et
1112 3256 1269 3333 effuderunt
1283 3261 1445 3331 sanguinem
1460 3260 1640 3316 innocentem.

1070 3347 1241 3418 Sanguinem
1268 3349 1392 3422 fitiorum
1426 3364 1539 3404 ariorum
1565 3351 1592 3402 et
1626 3344 1757 3418 fitiorum
1772 3348 1820 3426 ὃς.

1102 3443 1274 3504 suarum1.

1070 3528 1143 3595 Quas
1157 3527 1381 3600 sacrificaverunt
1393 3525 1566 3598 sculptilibus
1581 3523 1725 3580 dbcnocn.

1013 3682 1015 3686 Ι
1032 3615 1053 3671 C
1069 3614 1240 3671 Effuderunt
1254 3614 1438 3689 sanguinem,
1455 3631 1513 3670 non
1532 3617 1629 3670 autem
1651 3610 1766 3686 legitur
1789 3611 1828 3670 ab

997 3704 1135 3773 Hebraeis,
1161 3708 1270 3761 terram
1293 3702 1498 3778 promissionis
1521 3701 1672 3778 ingressis,
1697 3702 1831 3759 effusum

997 3792 1171 3867 sanguinem
1186 3792 1350 3850 humanum
1366 3794 1395 3848 iu
1409 3790 1560 3855 sacrificiis
1573 3792 1744 3847 demonum
1759 3808 1766 3859 ;
1784 3794 1831 3848 tu-

997 3898 1064 3938 men
1078 3882 1115 3938 ab
1130 3886 1213 3938 atate
1228 3883 1361 3956 sequenti
1376 3881 1430 3938 boc
1445 3879 1508 3938 fieri
1522 3896 1608 3954 posse
1622 3896 1681 3936 nou
1696 3878 1831 3936 dubium

996 3972 1088 4043 estllt
1100 3987 1136 4027 ne
1151 3969 1325 4044 putarentur
1345 3970 1473 4028 extranei
1487 3968 1578 4027 luisse
1591 3967 1633 4024 illi
1649 3969 1831 4026 innocentes

996 4076 1122 4132 quorum
1138 4059 1313 4133 sanguinem
1324 4054 1753 4127 effuderant,addidittiliorum
1763 4074 1832 4115 suo-

996 4164 1062 4205 rum
1078 4152 1107 4205 et
1121 4147 1249 4205 tiliarum
1274 4165 1405 4215 suarum,
1422 4152 1454 4204 ut
1477 4151 1579 4205 contra
1602 4162 1652 4203 eos
1679 4151 1830 4204 cresceret

996 4237 1117 4308 invidie,
1132 4240 1161 4296 et
1175 4236 1271 4294 scelus
1283 4238 1503 4312 grandesceret3
1513 4240 1542 4293 et
1555 4239 1589 4292 ut
1599 4233 1830 4310 ampliusgran-

996 4327 1251 4395 desceret,addidit
1264 4325 1451 4400 sculptilibus
1464 4325 1553 4384 istum
1564 4326 1754 4382 innocentem
1761 4341 1830 4382 seu·

996 4417 1116 4490 guinem
1138 4416 1274 4472 etl'usum.
1291 4413 1413 4471 Auxesis
1438 4414 1517 4471 enim
1541 4414 1634 4488 ligura
1657 4413 1717 4470 ista
1747 4414 1828 4488 apud

188 4508 220 4559 In
236 4504 411 4574 permotione
429 4510 460 4557 et·
468 4505 643 4571 perrerotione
656 4519 741 4575 usqne
755 4504 785 4558 in
799 4504 941 4575 senpiter·
956 4523 982 4590 Ι)
996 4505 1111 4562 Grecos
1123 4503 1240 4573 dicitur,
1249 4504 1366 4576 quando
1380 4502 1425 4559 vel
1437 4503 1502 4560 laus
1514 4501 1557 4559 vel
1573 4502 1685 4559 crimen
1694 4501 1829 4574 ⁴adjectis

222 4609 300 4647 nuni.

151 4683 172 4739 G
188 4679 392 4754 Reputubatur
404 4679 444 4735 illi
457 4680 771 4737 sacerdotiPhineesad
780 4681 940 4753 justitiam,

116 4772 145 4828 id
158 4771 235 4845 quod
253 4770 390 4843 superius
405 4767 537 4836 dixit,bic
553 4774 582 4825 et
597 4769 626 4824 in
643 4770 741 4825 tuturo
757 4768 873 4839 seculo,
890 4771 941 4827 sed

115 4859 302 4918 etsacerdoti
328 4859 447 4915 cuilibet
470 4859 539 4914 vitia
563 4857 717 4931 corrigenti
739 4859 940 4930 reputaturad

115 4953 252 5007 eternam
264 4947 423 5020 justitiam.
827 4935 836 4946 ⁶

84 5052 89 5061 ’
113 5039 150 5094 32
184 5039 218 5093 Et
233 5038 413 5094 irritaverunt
426 5052 490 5093 eum
506 5037 541 5093 od
565 5053 667 5109 aquom
692 5036 938 5094 contradictionis:

220 5130 247 5184 et
258 5136 372 5184 arescius
387 5135 427 5183 est
440 5131 545 5199 Moyses
559 5135 668 5199 propter
680 5141 742 5182 eos:

185 5217 257 5286 Quia
270 5217 502 5274 ercanbovenunt
513 5217 643 5287 spiritum
656 5215 724 5288 ejus

148 5305 172 5362 H
187 5307 270 5378 Aqua
284 5304 622 5376 contradictionemque
637 5303 775 5377 baptismi
790 5303 937 5380 accipiun-

112 5394 211 5463 tur,ad
227 5411 302 5467 quas
316 5391 433 5449 diabolo
447 5393 657 5450 contradicitur
670 5397 699 5450 et
712 5394 850 5466 operibus
861 5395 936 5467 ejus,

113 5486 180 5556 post
194 5498 268 5554 quas
284 5481 309 5537 si
324 5480 390 5555 quis
405 5498 436 5538 se
451 5481 681 5556 coinquinaverit
696 5482 785 5552 vitiis,
801 5485 938 5541 sacerdos
969 5505 972 5509 ·

112 5568 263 5634 texubitur
285 5587 337 5649 pro
362 5586 406 5645 ee,
431 5572 510 5650 quod
537 5572 768 5634 exarcerbaverit
790 5573 936 5652 Spiritum

996 4593 1175 4649 dictionibus
1189 4591 1326 4648 increscit
1340 4596 1369 4648 et
1383 4597 1518 4664 augetur.

996 4683 1031 4738 37
1069 4687 1101 4738 lit
1117 4683 1259 4752 interiecto
1273 4689 1313 4737 est
1326 4689 1401 4736 terro
1421 4682 1453 4736 in
1473 4681 1668 4752 sanguinibus,
1682 4688 1709 4736 et
1733 4688 1829 4737 conm-

1101 4772 1209 4826 minntn
1223 4778 1261 4827 est
1275 4771 1305 4825 in
1320 4769 1447 4843 operibus
1456 4785 1555 4827 ¹corum
1571 4788 1580 4824 :

1055 4863 1105 4917 ·Et
1117 4860 1249 4932 semiruti
1262 4866 1328 4914 sunt
1341 4860 1372 4914 in
1387 4858 1626 4914 adinventionibus
1636 4857 1709 4913 suis·

1031 4947 1252 5005 Glnterlectam
1274 4946 1366 5020 igitur
1390 4951 1509 5017 terram,
1526 4947 1667 5003 debemus
1688 4944 1827 5004 crudeles

995 5037 1129 5095 homines
1144 5037 1285 5110 accipere,
1302 5036 1353 5109 qui
1378 5052 1410 5093 se
1432 5035 1528 5110 magis
1551 5035 1655 5108 iniqua
1669 5034 1828 5092 devotione

993 5127 1181 5184 trucidabant
1195 5125 1397 5184 interficiendo
1412 5125 1498 5182 filios.
1515 5123 1640 5199 ‘tropica
1653 5122 1738 5180 enim
1748 5123 1827 5182 locu·

992 5216 1070 5274 tione
1092 5215 1243 5272 interiecta
1265 5218 1354 5285 terra,
1374 5215 1514 5272 dicuntur
1539 5213 1648 5271 terreni
1673 5211 1824 5282 homiues,

992 5306 1055 5363 suis
1072 5305 1157 5362 malis
1173 5303 1337 5361 actionibus
1349 5304 1380 5361 in
1396 5304 1496 5361 anima
1519 5299 1702 5375 interempti.
1718 5301 1756 5359 llt
1769 5301 1825 5359 boc

992 5395 1124 5452 iaciendo
1138 5393 1226 5452 etiam
1252 5392 1391 5450 dicuutur
1405 5392 1551 5460 fornicati,
1568 5406 1637 5449 uam
1662 5389 1707 5447 illi
1732 5390 1823 5450 forni-

991 5486 1048 5543 cati
1063 5485 1199 5541 videntur
1211 5483 1241 5539 in
1256 5483 1389 5554 Domino,
1406 5484 1455 5559 qui
1472 5500 1504 5541 se
1519 5479 1695 5540 adulterinis
1706 5478 1821 5558 pollue·

990 5579 1060 5635 runt
1075 5571 1345 5652 superstitionibus.
