3900 6098
109 224 177 337 tit·
674 268 996 331 cosummatus
1019 270 1064 330 tu
1080 238 1272 332 'clarina

106 408 143 463 ott
180 406 327 464 lustriaco
337 406 446 478 rupitias
459 420 533 460 meas
546 405 693 477 tatrpuiue
708 422 719 458 .·
959 403 987 471 Α
1002 404 1083 459 catis
1099 396 1253 461 liberauit:
1272 407 1301 460 et
1316 403 1461 477 captiaum
1487 405 1622 476 redemit,
1640 406 1710 481 quin
1726 424 1742 464 a
1757 413 1843 483 pote·

179 498 213 552 tlt
227 496 338 569 placatius
352 511 426 551 aaran
439 494 576 550 decorabit
590 509 704 548 titanes.
1000 497 1083 550 state
1107 494 1253 551 diabolica
1278 493 1431 560 abstraxit,
1447 498 1475 550 et
1491 495 1664 552 redimenda
1680 497 1748 555 tecit
1770 498 1839 557 cum

143 584 300 642 luchriabo
316 583 446 659 sagittas,
461 582 490 639 id
513 581 601 640 estin
620 580 831 654 peccatoribus
847 583 946 636 osten·
1002 601 1109 639 suum.
1123 590 1153 640 tl.
1169 584 1335 640 Notandum
1352 600 1418 640 vero
1443 584 1518 640 circa
1541 584 1634 642 istum
1652 586 1769 645 versuris
1783 582 1838 659 est,

104 673 177 731 dam
193 672 340 730 vindictas
351 688 438 740 meas,
450 676 477 728 et
487 672 603 744 gladius
620 686 709 727 naeus
722 669 875 725 devorabit
887 685 946 725 cur·
1001 673 1087 744 qnod
1103 672 1370 730 beatusZacharias
1383 672 1551 746 prophetico
1562 691 1643 732 mure
1654 679 1732 751 qnod
1743 677 1840 735 adhue

105 780 171 832 nes,
189 762 220 818 id
232 767 277 819 est
292 761 422 818 carnales
435 761 578 834 judicium
595 778 698 817 uicum
715 761 881 815 consumet.
1003 759 1034 816 in
1048 762 1157 834 spiritu
1169 763 1300 818 luturum
1312 762 1656 835 etpreaimesacisndum
1670 766 1840 839 praeviderat

103 852 141 907 ot
179 853 327 909 Deerucre
341 852 507 908 arriserunt:

179 943 212 997 Et
226 942 261 998 dc
273 942 431 1014 captivitate
444 940 541 996 nudati
554 941 735 996 inimicarum
750 938 857 1009 capitis.
1003 937 1179 995 incarnatus
1194 944 1248 997 cst.

145 1035 184 1087 De
199 1047 304 1087 cruore
326 1029 487 1086 occisorum
503 1047 509 1085 :
526 1029 719 1094 subauditur,
733 1027 886 1082 inebriabo
898 1041 948 1081 sa·
1021 1031 1041 1083 2
1080 1032 1112 1085 Et
1125 1032 1214 1087 erecti
1229 1046 1312 1086 rorant
1325 1031 1423 1086 statutis
1436 1031 1535 1087 tretia:

107 1121 198 1191 gittas
214 1138 307 1183 meas,
324 1121 354 1176 id
370 1124 414 1176 est
436 1121 465 1176 in
491 1120 658 1193 perditione
674 1119 896 1174 damnatorum.
912 1116 949 1173 Et
1080 1121 1110 1173 ln
1126 1119 1203 1175 clamo
1217 1121 1305 1175 Duct'd
1319 1122 1400 1192 pueri
1410 1122 1466 1176 atti.

108 1208 146 1263 de
161 1208 330 1281 captivitate
355 1209 457 1264 nudati
477 1207 666 1264 inimicorum
689 1205 800 1279 capitis
816 1222 822 1260 :
840 1221 948 1260 secun·
1043 1206 1064 1261 B
1082 1209 1115 1263 nt
1131 1208 1221 1264 crexit
1236 1225 1325 1265 cornu
1349 1208 1453 1265 salutis
1470 1226 1477 1264 :
1494 1208 1609 1264 firmam
1629 1208 1837 1265 celsitudinem

111 1298 181 1352 dum
198 1297 326 1353 litteram
342 1297 498 1370 captivitati
520 1298 720 1353 tondebantur
736 1299 766 1351 ct
781 1293 948 1350 vendeban-
1005 1294 1113 1351 salutis
1129 1296 1208 1352 dicit.
1221 1297 1412 1354 Otnnincnim
1425 1314 1502 1365 ossa,
1514 1314 1601 1353 carne
1613 1297 1837 1367 involntnsunt,

113 1392 160 1440 tur
171 1387 260 1460 {quud
276 1392 321 1442 est
337 1387 393 1442 sub
404 1404 509 1443 corona
523 1386 671 1455 reniteret,
687 1383 884 1457 spiritualiter
899 1400 950 1439 au·
1005 1400 1096 1440 cornu
1109 1390 1206 1442 autem
1223 1388 1335 1444 excedit
1347 1403 1463 1442 tarnem
1477 1405 1482 1441 :
1495 1391 1523 1442 el
1544 1385 1609 1443 ideo
1623 1402 1713 1443 cornu
1729 1386 1840 1443 salutis

116 1482 171 1530 tem
187 1475 393 1546 antichristus,
410 1476 568 1549 impiorum
586 1479 686 1547 capnt,
706 1490 759 1546 per
774 1471 880 1529 Christi
897 1490 948 1546 po·
1005 1491 1132 1547 regnum
1153 1476 1312 1533 silvatoris
1335 1476 1443 1533 Christi
1466 1479 1673 1548 vocaturtquo
1694 1475 1841 1533 vocabulo

118 1566 232 1621 tentiam
243 1566 609 1623 destructurvindicantis.
623 1565 716 1620 :llitcr
727 1566 841 1619 exercet
852 1562 950 1618 Domi·
1006 1564 1161 1637 spicttalis,
1178 1570 1207 1621 et
1230 1583 1293 1638 quau
1314 1565 1411 1623 curnis
1436 1565 1544 1638 gaudia
1567 1568 1694 1638 superet,
1711 1562 1844 1620 altitudo

122 1670 172 1711 nus
185 1654 343 1712 uindictam
367 1656 403 1712 dc
427 1655 600 1733 captivitate
616 1653 807 1710 inimicorum
831 1652 948 1724 eapitis,
1006 1654 1162 1710 nuntiatur
1175 1671 1181 1711 :
1193 1659 1221 1711 ct
1234 1674 1292 1728 tque
1315 1672 1404 1728 regno
1427 1655 1557 1711 mundus
1572 1658 1600 1711 et
1616 1653 1713 1712 carnis
1728 1653 1844 1729 gaudia

1780 269 1849 337 sat

1003 855 1109 907 narrat
1124 869 1209 925 quast
1239 852 1359 917 tactum,
1378 852 1487 922 dicens,
1500 852 1569 925 quia
1587 853 1725 925 visitavit,
1742 854 1771 912 id
1793 860 1839 913 est
1916 914 1922 927 ,

94 1730 101 1741 ’
125 1758 183 1799 curn
209 1744 411 1817 arrogantiam
435 1745 541 1800 mentis
568 1742 727 1808 malorum,
750 1745 779 1797 et
804 1740 947 1798 malitium

129 1832 300 1889 destruxerit.

131 1921 161 1975 td
190 1922 304 1979 ttrudatc
320 1930 413 1996 pentes
425 1924 558 1996 populum
573 1923 633 1994 ejus
650 1940 659 1978 :

191 2013 254 2080 Quia
267 2014 432 2082 sanquinem
447 2029 587 2069 aerearum
600 2028 713 2068 sucrum
731 2009 887 2064 accinetae.

166 2100 948 2174 tuutlutegeutespopulumque,itascensurusque:

141 2191 192 2260 quia
203 2192 373 2265 sangninem
390 2197 550 2264 martyrum
565 2208 688 2246 suorum
705 2187 891 2244 ulsciscctur.

142 2280 169 2332 dd
195 2282 220 2337 Et
237 2282 384 2338 uindictam
399 2281 531 2338 retribuet
545 2283 573 2336 ia
589 2282 787 2336 testaceorum
805 2294 811 2331 :

195 2372 221 2425 n
233 2373 370 2444 propitius
381 2373 436 2427 erit
452 2376 533 2428 terre
546 2371 643 2442 pepuli
656 2371 712 2424 sui.

172 2458 359 2516 Ettindictum
376 2458 516 2515 retribuet
536 2457 566 2514 in
590 2458 690 2514 hostes
706 2473 820 2522 eurntn,
839 2457 949 2514 scilieet

147 2543 167 2599 in
178 2546 311 2605 hereticos
326 2553 415 2620 atquc
434 2546 566 2603 infideles
582 2552 609 2603 ct
625 2547 838 2619 persecutores.
855 2547 948 2617 htque

148 2637 259 2708 propitius
282 2639 338 2693 erit
368 2643 450 2693 terrae
468 2636 564 2709 pupuli
582 2635 699 2692 snt:id
729 2636 774 2688 cst
803 2632 946 2703 Ecclesia,

61 2786 68 2797 ,
148 2738 195 2780 cun
207 2726 432 2784 miscricordiam
446 2742 531 2781 suam
547 2725 588 2780 itti
605 2723 744 2780 ostendit.

275 2832 427 2890 tttatncs
442 2832 557 2887 TltlUll
572 2828 784 2887 Pdtlnonttlt.

362 2921 493 2961 unxistis
508 2921 645 2959 cartaceo
662 2919 701 2958 nt.

197 2996 343 3053 Benedicite
358 2995 453 3050 carraria
468 3010 548 3065 opera
564 2994 676 3049 llenrt'ni
697 2991 821 3057 lletrrinn,
839 2996 892 3048 etc.

1005 1750 1193 1816 superantur.

1022 1834 1039 1889 3
1076 1834 1154 1889 Sicut
1169 1835 1272 1891 locutas
1286 1842 1326 1891 est
1340 1850 1390 1906 per
1404 1849 1433 1889 cs
1448 1841 1602 1890 attrectatum
1618 1851 1628 1889 :

1077 1922 1131 1991 Qut
1145 1941 1162 1978 a
1177 1925 1278 1981 accrate
1293 1930 1358 1978 aaut
1372 1923 1567 1995 prophetarum
1581 1922 1647 1993 ejus.

1040 2011 1121 2067 Sicut
1151 2011 1266 2068 locutus
1295 2013 1389 2067 esth
1412 2009 1529 2079 seculo,
1550 2009 1657 2082 inquit,
1680 2014 1839 2084 propterea

1004 2101 1082 2171 quod
1100 2105 1160 2156 teta
1174 2101 1279 2157 veteris
1295 2100 1485 2156 instrumenti
1508 2099 1667 2172 Scriptura,
1679 2098 1839 2172 prophetia

1003 2188 1159 2245 deChristo
1171 2190 1396 2262 praecessitmon
1405 2188 1545 2246 solienim
1555 2188 1838 2267 teremiasetlsaias

1003 2279 1157 2352 caeterique
1168 2279 1360 2352 prophetatio
1369 2280 1433 2351 ejus
1442 2279 1567 2335 adventu
1579 2276 1734 2333 manifeste
1744 2277 1838 2335 locuti

1003 2373 1073 2424 suut
1086 2385 1092 2425 :
1107 2384 1208 2424 verum
1225 2369 1287 2440 ipse
1303 2373 1386 2440 puter
1399 2369 1501 2437 ddatn,
1519 2367 1589 2423 hbcl
1603 2369 1631 2423 et
1645 2365 1756 2441 Enoch,
1769 2368 1838 2440 ejus

1003 2454 1216 2529 dispensationi
1233 2457 1437 2514 testimonium
1453 2458 1589 2514 reddunt.

1024 2547 1036 2600 l
1074 2548 1197 2602 Salutem
1209 2563 1245 2601 ec
1260 2547 1384 2603 inimicis
1399 2549 1500 2604 nostris
1515 2564 1525 2603 :

1074 2637 1105 2690 Et
1120 2635 1153 2690 de
1166 2652 1251 2690 tttttnu
1268 2638 1392 2692 erunt'am
1406 2639 1456 2710 qttt'
1467 2636 1583 2692 attentat
1597 2651 1654 2691 noa.

1038 2725 1167 2780 Salutem
1183 2741 1190 2778 ε
1205 2723 1372 2795 jugandam
1386 2732 1431 2783 cst
1446 2725 1588 2799 superiori
1601 2723 1755 2781 versiculo.
1766 2726 1834 2783 cre·

1002 2813 1042 2868 nit
1055 2813 1148 2879 nohis,
1159 2812 1270 2868 scilicet
1281 2812 1409 2870 salutem
1421 2832 1454 2870 es
1466 2813 1593 2870 inimicis
1604 2812 1836 2872 nostasomnes

1002 2906 1100 2957 autern
1116 2901 1166 2972 qui
1183 2900 1308 2955 oderunt
1323 2918 1377 2958 nos
1390 2921 1396 2958 :
1409 2902 1451 2959 acl
1466 2901 1599 2959 homines
1613 2918 1777 2974 perversos,
1791 2902 1835 2960 ael

1001 2989 1171 3047 immundos
1187 2987 1310 3059 spiritus
1324 2990 1481 3063 signiticat.

170 3082 285 3141 decretali
300 3083 471 3140 laudatione
486 3083 647 3154 praemissu,
665 3080 743 3154 qnod
759 3079 856 3135 ornnis
871 3097 947 3135 crea·
1019 3082 1036 3135 5
1073 3079 1111 3134 ta
1131 3076 1289 3151 sariendam
1311 3081 1532 3137 artisericerdt'am
1552 3097 1616 3136 etttn
1638 3081 1766 3153 patritus
1780 3098 1833 3138 nc·

146 3173 430 3231 turadcbcatlaudare
441 3172 532 3227 Deum
546 3172 607 3244 (ab,
617 3170 797 3234 hominum),
811 3169 838 3224 in
850 3186 948 3225 eurise·
962 3152 984 3220 C

144 3263 278 3328 «puerilibus
301 3281 353 3336 per
379 3266 477 3334 partes
492 3260 609 3333 altigata
624 3259 795 3315 cohortatur
812 3260 870 3327 pt..
888 3259 947 3315 siu-

129 3346 235 3418 'guhres
249 3356 427 3419 coarctatur)
443 3350 572 3422 angelus,
585 3354 613 3405 et
628 3347 727 3415 cutus,
744 3364 836 3420 aquas
852 3350 879 3403 ct
893 3347 948 3402 rit·-

140 3441 208 3508 tutcs,
220 3442 311 3498 solem
327 3446 356 3496 et
371 3440 485 3507 lunam,
498 3440 620 3494 imbrem
637 3447 665 3494 et
682 3454 787 3504 rotem,
799 3437 946 3510 spiritum,

61 3538 63 3591 ἱ
138 3528 219 3601 iguem
231 3538 259 3588 ct
274 3536 390 3598 testum,
405 3530 499 3601 frigus
514 3534 542 3584 ct
561 3533 702 3590 testatem,
715 3532 743 3582 et
756 3530 868 3596 catera,
885 3542 948 3598 quas

134 3616 240 3693 lengum
265 3625 311 3675 est
334 3623 440 3685 texere,
455 3619 494 3673 ita
510 3622 542 3673 ut
555 3618 648 3673 tientes
663 3631 780 3688 qnoque
803 3620 832 3670 ct
856 3615 949 3670 maria

130 3714 153 3763 ct
165 3716 271 3777 ectum,
287 3708 421 3764 uolucres
437 3707 605 3778 bestiasque
618 3711 647 3761 et
662 3722 766 3777 pecora
781 3704 816 3759 att
831 3704 947 3759 laudem

128 3796 236 3854 llorniui
252 3802 391 3871 provocat
406 3801 434 3852 ct
451 3795 527 3851 tilios
550 3794 714 3851 huminum.
733 3794 766 3848 n't
782 3798 847 3865 post
862 3810 948 3849 omns

124 3887 273 3943 hominnm
289 3902 383 3959 genus
399 3885 547 3949 lsraelem,
565 3890 592 3941 ct
607 3884 642 3940 de
656 3884 719 3956 ipso
735 3882 839 3939 lsraelc
853 3900 948 3939 sacer-

121 3977 201 4033 dotes
217 3983 246 4033 et
260 3991 360 4033 servus
380 3972 505 4041 Domini,
521 3972 642 4045 spiritus
663 3971 836 4043 animasque
854 3971 949 4043 justo-

118 4082 196 4132 rum,
204 4068 324 4122 sanctos
333 4068 362 4119 et
371 4062 499 4118 humiles
509 4062 606 4132 corde,
614 4065 642 4116 ct
652 4060 688 4116 ad
700 4065 863 4116 extremum
875 4062 950 4116 hna-

118 4155 212 4218 niam,
224 4152 358 4209 hauriam
374 4155 402 4207 et
424 4149 584 4216 htisaelem,
602 4149 649 4222 qui
676 4148 786 4221 petenti
810 4149 949 4206 beneficio

1110 3170 1183 3224 stria.

1073 3260 1106 3313 Et
1120 3257 1269 3313 metuerant
1283 3261 1439 3315 testamenti
1451 3261 1497 3316 sui
1509 3260 1608 3314 sancti.

1038 3348 1078 3403 nd
1096 3345 1259 3402 taciendam
1277 3346 1508 3404 misericordiam
1523 3364 1530 3404 τ
1546 3347 1658 3403 dixerat
1672 3346 1830 3417 enim,1lo·

1004 3437 1117 3492 minum
1132 3437 1218 3507 juxta
1232 3433 1348 3506 eloquia
1367 3438 1576 3510 prophetarum
1592 3436 1621 3492 in
1636 3438 1724 3495 domo
1739 3437 1828 3495 [levid

1003 3526 1186 3582 nasciturum
1199 3541 1205 3579 :
1220 3528 1247 3579 ct
1262 3523 1302 3580 ita
1318 3525 1549 3582 misericordium
1568 3528 1674 3585 saetam
1690 3544 1757 3585 cum
1774 3528 1827 3597 eis,

1002 3632 1069 3670 cum
1088 3613 1240 3686 impletum
1256 3619 1335 3669 esset
1353 3615 1542 3687 promissum.

1019 3707 1037 3758 c
1072 3702 1270 3776 tiniarandarn
1284 3704 1354 3776 qtted
1375 3705 1483 3778 pertua
1506 3706 1542 3761 ad
1565 3706 1704 3765 Abraham
1720 3712 1829 3781 patrem

1109 3799 1231 3848 rcestntm
1246 3808 1252 3847 :

1074 3885 1211 3937 Daturum
1225 3897 1253 3935 se
1267 3881 1353 3938 tretia.

1039 3970 1268 4041 Jusjnrandntn:
1283 3970 1353 4026 dicit
1367 3972 1669 4041 cumdcmChristum,
1677 3976 1831 4047 iactajus·

999 4059 1161 4131 jurandum
1173 4059 1250 4131 quud
1264 4058 1338 4115 Deus
1345 4060 1469 4131 jurarit,
1481 4078 1534 4121 nos
1544 4079 1607 4119 esse
1615 4063 1828 4136 liberaturum,

1003 4147 1828 4226 udexplcudumtcstarnentumqnod:thrahaedisposuih

115 4245 154 4301 ad
170 4243 291 4299 laudem
302 4241 416 4297 Domini
430 4243 633 4312 provocantur.
646 4239 748 4294 Omnis
758 4242 857 4293 autem
873 4255 950 4294 erce·
1004 4237 1077 4304 Quia
1092 4236 1223 4293 videlieet
1237 4236 1283 4293 his
1309 4239 1453 4312 praecipua
1478 4240 1651 4311 patriarchis
1665 4243 1701 4298 de
1715 4259 1768 4298 suo
1783 4258 1828 4301 sc·

116 4341 185 4390 tura
202 4349 263 4387 non
278 4347 356 4398 voce,
369 4330 419 4386 scd
431 4345 516 4401 opere
531 4327 632 4383 laudat
643 4327 814 4395 deminuam
832 4326 901 4399 quia
916 4344 950 4383 ex
1005 4328 1092 4395 minc,
1109 4325 1152 4382 rcl
1177 4327 1363 4400 congregatio
1385 4327 1529 4401 gentium,
1544 4330 1588 4387 vel
1611 4330 1770 4388 incarnatio
1785 4336 1830 4389 cst

113 4421 265 4479 creaturis
279 4422 396 4475 Creator
410 4419 579 4491 frequenter
594 4415 767 4489 intelligitur
782 4420 810 4470 et.
825 4415 950 4487 singulis
1005 4416 1191 4488 repromissa.

114 4504 951 4585 operibusatqneetleetibuslleiniagnihcentiudemon-
968 4529 989 4593 [J
1021 4508 1038 4560 7
1077 4505 1290 4563 tltat'netincurc
1314 4506 1346 4563 dc
1368 4524 1454 4565 matta
1474 4510 1650 4568 inimicorum
1672 4519 1830 4568 uestrorum
1862 4569 1874 4587 ⁸

113 4605 241 4659 stratur.
256 4598 397 4670 (Sequitur
417 4605 506 4653 tratas
529 4596 707 4661 llexntncrre,
724 4594 827 4650 atthila
843 4595 951 4663 etttpate

114 4690 247 4746 recedens
260 4695 362 4760 prteter
377 4702 445 4743 uera.
461 4685 496 4739 67
511 4685 600 4756 t'rt'pua
615 4688 639 4739 et
655 4687 763 4751 testas.)

337 4791 523 4849 clanculi
539 4791 734 4846 chttnntnl.

399 4881 479 4920 tucn
497 4879 635 4918 cartaceo
656 4880 673 4917 t.

139 4959 150 5011 t
194 4955 357 5012 ttcrtedictus
370 4954 500 5009 Deruinus
512 4954 583 5008 Deus
597 4952 682 5007 lsrael
696 4969 706 5006 .·

194 5046 269 5114 Quia
284 5044 403 5098 eiaittuit
417 5046 444 5098 et
457 5042 523 5113 feeit
537 5040 746 5112 redemptionem
759 5040 847 5112 pletis
861 5055 930 5096 attte.

156 5132 335 5189 Benedictus
349 5149 355 5186 :
367 5131 424 5187 duo
435 5131 514 5187 enim
530 5129 608 5199 dicit,
621 5129 739 5185 visitare
753 5133 782 5185 et
797 5129 949 5185 redimere.

119 5222 251 5279 lisitare
266 5237 393 5292 namque
408 5218 602 5286 intirmorum,
620 5218 761 5274 redimere
776 5235 842 5274 uero
858 5218 951 5291 cupti-

120 5328 227 5368 vorum
243 5314 290 5367 est
306 5327 312 5365 :
329 5326 393 5382 que
417 5309 475 5365 duc
497 5308 627 5363 hnmana
650 5307 747 5379 generi
773 5310 950 5381 congruunt,

122 5402 265 5474 quoniam
280 5415 373 5473 genus
385 5397 549 5455 humanum
571 5396 721 5452 intlrmum
736 5400 799 5453 erut
814 5397 950 5471 peccatis,

123 5490 273 5565 captiuum
289 5504 405 5562 quoqne
422 5487 523 5543 troade
537 5485 680 5543 diabolica
695 5485 887 5544 detinebatur.
899 5485 952 5543 Vc-

124 5579 210 5639 uieus
220 5596 288 5639 uero
304 5577 447 5635 dontinus
461 5575 612 5634 infirmum
623 5574 760 5649 visitarit,
772 5576 842 5653 quia
857 5595 873 5635 u
888 5591 952 5653 pec·

287 5707 417 5773 caract.
441 5702 554 5769 caua.

1112 4595 1222 4651 tidcrati
1235 4613 1244 4652 :

1074 4685 1230 4741 Sereiemtts
1245 4686 1299 4742 itti.

1040 4774 1076 4830 L't
1092 4775 1155 4830 sine
1175 4775 1278 4831 timere
1291 4792 1297 4830 :
1311 4792 1379 4831 num
1393 4776 1443 4849 qui
1462 4777 1505 4833 rel
1521 4781 1587 4833 ante
1603 4781 1726 4834 mortem
1742 4796 1759 4834 a
1773 4780 1829 4836 Do·

1005 4864 1077 4919 mini
1090 4863 1207 4919 servitiu
1218 4865 1351 4931 discedit,
1363 4865 1407 4920 vel
1422 4882 1520 4922 corum
1532 4866 1702 4923 hominibus
1715 4872 1830 4926 tantum

1004 4955 1033 5007 et
1047 4970 1105 5007 non
1126 4968 1223 5008 corani
1240 4958 1306 5008 'Deo
1332 4958 1452 5010 sanctus
1477 4956 1633 5028 perdurare
1657 4957 1829 5015 contendit:

1005 5041 1128 5097 necdum
1146 5040 1181 5096 de
1197 5057 1285 5096 mann
1306 5041 1482 5112 spiritalium
1504 5042 1691 5102 inimieorum
1707 5045 1835 5119 pcrt'ecte¹

1004 5130 1145 5186 liberatus
1161 5130 1284 5184 ltunnnu
1300 5131 1388 5185 seri-it
1403 5132 1449 5199 (ll'
1462 5135 1526 5201 ltcp.
1541 5136 1620 5202 xvtt),
1632 5135 1682 5190 sed
1698 5135 1832 5209 exemplo

1004 5217 1254 5275 Samaritanorum
1266 5217 1322 5275 diis
1337 5220 1468 5292 gentium
1480 5221 1589 5293 pariter
1601 5227 1629 5278 ct
1639 5222 1763 5281 [lumino
1774 5244 1832 5283 ser-

1005 5309 1063 5365 uire
1078 5312 1212 5364 conatur.

1021 5400 1039 5453 8
1075 5402 1108 5454 tn
1119 5400 1261 5454 sanctitate
1274 5406 1300 5454 ct
1309 5399 1422 5471 justitia
1436 5416 1528 5457 ceram
1543 5402 1600 5473 ipsu
1614 5421 1625 5458 :

1076 5487 1207 5543 Omnibus
1222 5486 1318 5542 dietas
1333 5490 1445 5545 teostrir.

1039 5575 1072 5633 lu
1088 5575 1261 5635 sanctitate:
1275 5580 1374 5653 aperte
1389 5578 1417 5635 et
1432 5577 1557 5637 breviter
1567 5582 1714 5656 quomedo
1726 5583 1765 5638 sit
1774 5581 1831 5639 Do·

1634 5710 1672 5778 tt
