3884 6084
121 287 170 348 m
676 272 680 277 ’
708 265 917 350 annosum
940 284 1195 355 nsnuuonuu.
1750 299 1809 364 aaa

120 404 215 464 quaqua
229 384 478 444 mortis'claustra
491 388 642 463 confregit.
660 391 756 463 Ipsius
769 393 848 449 enim
858 398 922 450 tan·
936 396 964 464 Α
979 394 1041 469 ligi,
1057 414 1131 470 quus
1147 399 1231 456 bonis
1246 401 1361 457 actibus
1376 415 1494 473 semper
1513 401 1636 458 tetendit
1651 403 1686 459 ad
1703 404 1807 462 Deum·

123 486 172 536 tum
184 493 258 533 mors
273 475 369 533 libera
393 477 459 548 snit,
475 478 526 550 qui
551 482 703 551 peccatum
728 497 786 537 non
811 481 951 553 lecitet
980 485 1052 541 Nam
1069 486 1093 543 si
1110 486 1170 545 lmc
1183 489 1261 546 cruci
1273 489 1472 561 junxerimus,
1487 491 1641 563 sequentia
1660 492 1808 567 discrepa-

120 584 182 625 mcrs
192 580 306 638 quoque
319 566 386 637 ejus
399 564 565 623 voluntaria
578 566 632 622 luit
648 585 655 625 :
672 573 700 624 et
714 568 782 625 licet
797 569 871 627 liber
884 587 928 627 es·
980 574 1064 630 bunt.

120 661 155 714 set
166 655 235 711 inter
249 656 393 720 mounes,
408 657 508 711 tamon
524 671 542 711 a
556 655 743 713 dementibus
765 660 928 717 aestimatus
982 663 1011 720 ll
1052 666 1183 737 Nunquid
1196 669 1314 724 mortuis
1327 669 1411 739 sames
1425 669 1570 725 mirabilia
1587 688 1594 726 :

119 741 473 809 mundissimarum.
1051 756 1105 809 Aut
1135 755 1235 812 rudici
1267 757 1439 813 musitabant
1462 765 1488 813 ct
1513 759 1715 829 confitebuntur
1747 761 1808 817 tibi.

118 837 134 891 5
172 833 247 889 Sicut
257 832 399 888 calamati
412 831 576 890 donnicatas
600 836 631 890 in
655 837 788 908 sepulcris
813 854 930 910 quartem
1090 845 1258 916 Diapsatma.

139 978 144 985 ,
203 938 258 978 non
270 937 299 978 aa
312 936 417 977 merem
430 923 551 995 amplius
566 942 576 979 :
1018 934 1038 988 C
1053 932 1243 1005 Nequaquam
1259 933 1327 990 lecit
1342 933 1489 991 mirabilia
1502 935 1669 1003 mortuis,id
1684 941 1738 1006 est,
1751 955 1809 996 non

171 1015 203 1067 m
216 1012 271 1083 ipsi
284 1010 318 1066 de
330 1026 418 1066 muna
432 1018 481 1066 tua
495 1012 602 1083 repulsi
612 1021 684 1070 sunt.
983 1020 1249 1077 credentibus.lllis
1260 1021 1331 1078 solis
1346 1021 1496 1078 mirabilia
1508 1023 1648 1097 liunt,qul
1661 1026 1811 1100 magnalia

144 1099 270 1157 CAdbuc
285 1098 366 1155 enim
381 1098 417 1155 de
432 1098 492 1156 illis
506 1101 676 1158 vanissimis
694 1102 829 1176 dicit,qui
845 1107 930 1177 puta·
984 1108 1034 1165 Dei
1049 1110 1104 1164 sub
1119 1110 1290 1166 credulitate
1305 1111 1679 1184 conspiciuntitutmediei
1689 1117 1812 1173 miscita-

119 1190 289 1255 bratheum,
304 1187 408 1243 lancea
421 1187 616 1258 vulneratum,
632 1192 889 1265 occisum,pariter
902 1197 932 1250 et
984 1198 1066 1254 hunt.
1084 1198 1142 1254 Hoc
1158 1199 1265 1255 dicitur
1280 1199 1412 1273 negative
1429 1217 1436 1256 :
1453 1201 1522 1273 quia
1537 1202 1644 1259 medici
1663 1205 1735 1260 dum
1751 1221 1811 1260 cor·

121 1276 353 1352 sepultum,quasi
366 1293 459 1333 unum
474 1294 507 1333 ex
517 1276 687 1336 bominibus
697 1281 932 1346 sceleratisouo
984 1287 1104 1360 poribus
1112 1288 1242 1359 prebent
1252 1289 1480 1354 curam,animas
1490 1292 1588 1347 tamen
1600 1293 1725 1363 peccatis
1735 1309 1810 1350 mor·

118 1383 168 1424 ram
180 1383 238 1424 non
252 1382 284 1422 es
306 1381 430 1434 memor,
442 1365 473 1422 id
488 1371 542 1435 est,
559 1368 596 1424 dc
619 1368 729 1441 quibus
753 1386 811 1426 non
837 1370 929 1428 habes
983 1380 1051 1432 tuas
1065 1376 1240 1433 resuscitare
1258 1394 1317 1432 non
1331 1377 1484 1434 valent:ut
1498 1378 1681 1439 confessione
1693 1381 1811 1439 uerissi-

118 1453 358 1528 mram,quoniam
375 1454 502 1528 peccatis
515 1455 722 1526 incientibus,a
733 1460 931 1516 tereddsban-
985 1479 1034 1520 ma
1047 1463 1238 1531 vivificentur,
1254 1465 1303 1537 qui
1316 1464 1498 1522 infidelitatis
1513 1482 1573 1522 sue
1583 1467 1703 1524 vulnera
1713 1474 1811 1542 pertn-

118 1543 259 1601 turalieni.
279 1544 386 1599 Curam
412 1543 503 1617 igitur
525 1544 665 1618 intellige,
682 1547 776 1618 quood
802 1547 928 1605 salutem
984 1551 1082 1609 lerunt
1097 1572 1105 1607 =
1120 1571 1222 1609 vorum
1250 1570 1303 1609 nec
1335 1553 1440 1610 medici
1473 1569 1640 1626 corporum,
1668 1556 1732 1613 sine
1760 1558 1810 1613 Dei

118 1648 210 1690 eorum.
225 1632 260 1687 lit
274 1630 334 1703 ipsi
356 1631 466 1704 repulsi
485 1637 556 1691 sunl
574 1650 580 1688 ε
598 1633 652 1688 hoc
667 1638 721 1701 est,
737 1635 793 1707 ipsi
808 1653 824 1692 a
840 1653 929 1693 manu
984 1657 1115 1709 munere,
1131 1642 1216 1714 aegris
1232 1640 1357 1697 salutem
1372 1642 1443 1698 dere
1458 1647 1592 1714 possunt.

119 1723 157 1779 liei
175 1721 336 1796 probantur
360 1721 484 1794 expulsi,
511 1723 582 1778 dum
598 1740 615 1778 a
629 1724 840 1796 gubernatione
862 1727 927 1797 ejus
944 1764 968 1829 B
987 1729 1019 1785 12
1054 1730 1184 1802 Nunquid
1197 1731 1323 1786 narrabit
1337 1731 1440 1802 aliquis
1454 1733 1486 1786 in
1506 1732 1629 1804 sepulcro
1653 1736 1811 1791 nueericcr·

120 1811 299 1868 retldebantur
310 1809 410 1867 alieni.
1088 1818 1164 1873 dium
1177 1827 1254 1875 tuam
1268 1838 1278 1875 .·

120 1902 133 1955 t
172 1904 324 1956 Potuerunt
337 1916 381 1956 me
396 1902 426 1955 in
441 1901 504 1956 tacu
518 1902 647 1974 inferiori
662 1919 668 1958 :
1051 1909 1084 1962 Et
1098 1910 1241 1964 ueritatem
1256 1912 1333 1964 tuam
1346 1911 1377 1963 in
1389 1908 1552 1981 perditione.

74 1988 79 1997 '
172 1990 201 2045 ln
215 1989 367 2044 tenebrosis
381 1996 408 2043 et
421 1990 519 2045 austra
532 1992 635 2046 martia
1015 2000 1035 2052 C
1050 1996 1222 2069 Sepulcrum
1238 1997 1316 2052 enim
1326 1997 1644 2071 significatinfldslium
1657 2003 1811 2068 mentes,et

147 2078 263 2133 tusus
276 2094 330 2150 pro
347 2077 460 2134 inlerno
475 2079 605 2151 ponitur,
618 2084 647 2136 et
662 2096 713 2152 pro
729 2081 879 2152 sepultura
890 2082 928 2139 lo·
982 2084 1440 2158 meritcsepulcrumdicitur,ubi
1452 2086 1811 2159 animapeccatismortua
1899 2094 1904 2099 “

124 2164 186 2233 reali,
200 2171 228 2223 et
241 2182 296 2239 pro
310 2164 415 2222 mundi
431 2167 517 2223 istius
533 2168 764 2240 prolundissima
778 2171 927 2228 calamita·
982 2173 1158 2229 continetur.
1172 2175 1230 2229 Aut
1245 2175 1396 2230 veritatem
1412 2179 1494 2229 tuam
1509 2180 1620 2243 narrat,
1637 2177 1688 2248 qui
1713 2181 1758 2232 ost
1779 2176 1810 2233 in

125 2256 235 2338 tc:quod
252 2255 300 2311 hic
314 2256 407 2312 voluit
421 2255 591 2330 intelligiln
605 2258 743 2327 tenebris,
757 2259 785 2313 id
801 2264 855 2328 est,
873 2261 928 2317 sub
982 2263 1145 2335 perditione
1160 2263 1291 2335 peccati?
1306 2264 1376 2335 quia
1390 2263 1446 2319 vivi
1462 2267 1491 2319 et
1514 2263 1624 2329 lideles,
1641 2265 1670 2319 in
1695 2265 1810 2321 actibus
1919 2321 1926 2335 ,

126 2345 256 2402 oblivionis
270 2345 407 2401 cecitate.
424 2345 534 2402 Umbra
556 2347 669 2415 mortis,
686 2352 870 2420 peccalorum
884 2350 928 2405 in·
983 2352 1214 2409 misericordiam
1231 2368 1350 2408 narrare
1364 2357 1587 2409 consueverunt.
1604 2354 1639 2409 Et
1658 2354 1810 2410 veritatem

127 2433 182 2490 dieat
194 2434 302 2502 locum,
319 2434 390 2490 dum
406 2433 448 2489 eis
463 2435 605 2508 gaudium
619 2452 677 2493 non
699 2436 817 2505 relucet,
832 2439 882 2511 qui
900 2441 928 2495 in
982 2438 1032 2496 ille
1047 2439 1310 2508 diciturennrrare,
1327 2440 1377 2513 qui
1400 2457 1465 2498 eam
1491 2441 1639 2497 invenitur
1651 2439 1680 2496 iu
1697 2442 1811 2497 actibus

127 2528 243 2596 perpetua
257 2539 317 2578 sure
333 2523 457 2578 tristitiae
473 2523 652 2580 obscuritate
668 2525 838 2583 manebunt.
983 2529 1210 2585 custodirc.lllos
1224 2546 1293 2603 ergo
1306 2534 1389 2585 notat
1405 2529 1455 2602 qui
1470 2544 1528 2585 non
1543 2534 1614 2585 sunt
1628 2546 1694 2587 vere
1719 2530 1812 2587 crodi-
1922 2556 1931 2569 ·

127 2614 139 2666 l
178 2614 262 2686 Super
274 2629 319 2669 me
331 2615 505 2685 confirmatus
519 2618 560 2669 est
573 2616 653 2686 furor
667 2619 730 2671 tuus
745 2635 755 2672 :
983 2617 1186 2689 turi‚quorum
1204 2622 1304 2691 guttur
1318 2623 1363 2674 est
1378 2618 1547 2690 sepulcrum
1562 2623 1666 2690 patens
1680 2618 1811 2690 (Psalv).

177 2704 206 2758 Et
226 2718 319 2759 omnes
332 2704 432 2772 fluctus
447 2710 507 2759 tuos
530 2703 669 2760 indusiati
681 2720 764 2777 super
787 2722 839 2762 mc.
865 2709 930 2764 Dia·
985 2707 1018 2760 13
1053 2707 1183 2779 Naripuid
1197 2715 1392 2775 capnoscentur
1407 2709 1437 2762 in
1451 2708 1570 2763 tenebris
1583 2708 1726 2763 mirabilia
1740 2715 1810 2764 tua:

91 2838 97 2847 .
206 2792 324 2864 psalm.
1055 2797 1206 2868 litp'ustitic
1221 2799 1268 2850 tua
1283 2797 1312 2851 in
1328 2796 1580 2851 terrcolrliviouis?

150 2879 822 2954 lPutabantJudaeiperluroromllei,lesnm
847 2885 928 2941 Chri·
1019 2882 1190 2954 CNunquid
1219 2886 1410 2956 cognoscetur
1427 2901 1433 2938 :
1450 2881 1521 2955 quia
1545 2884 1642 2940 omnis
1670 2884 1720 2955 qui
1741 2884 1812 2940 lacit

128 2971 185 3025 stum
197 2969 231 3025 ad
246 2967 378 3041 pericula
391 2969 536 3042 passionis
549 2971 715 3042 peruenisse
732 2989 739 3027 τ
756 2972 832 3029 sicut
850 2975 929 3030 dioc·
983 2975 1134 3045 peceatum
1147 2970 1209 3026 odit
1222 2970 1329 3026 lucem.
1345 2971 1366 3025 C
1380 2970 1437 3026 Nec
1446 2969 1563 3041 justitia
1578 2970 1628 3027 Dei
1652 2975 1748 3043 potest
1762 2988 1810 3028 co-

128 3055 382 3126 ranutiberctoum
397 3056 731 3133 sivult'(ttattli.nxv11).
749 3062 772 3117 H
790 3061 842 3118 Per
855 3064 929 3119 ssuc-
983 3059 1085 3133 gnossi
1100 3059 1136 3115 ab
1161 3058 1309 3130 oppressis
1334 3060 1362 3114 in
1388 3065 1505 3115 terrena
1529 3057 1685 3126 oblivione,
1702 3060 1731 3115 id
1754 3064 1809 3129 est,

127 3147 238 3214 trabam
252 3147 363 3203 luroris
377 3146 674 3222 vultintelligi,quam
685 3150 770 3206 Pater
781 3151 929 3209 effusurus
949 3133 970 3200 G
985 3148 1171 3205 crassissima
1183 3147 1278 3203 cordis
1293 3147 1431 3216 cecitate,
1440 3152 1469 3203 et
1480 3147 1618 3204 vitiorum
1632 3147 1810 3204 densissima

127 3233 299 3310 dustsupar
315 3252 419 3292 omnes
442 3242 555 3310 gentes.
571 3242 665 3310 Super
688 3256 735 3295 me
758 3240 925 3297 induxisti:
982 3235 1116 3309 caligine.

127 3325 165 3396 qui
176 3330 290 3398 peccata
302 3341 405 3381 corum
420 3325 548 3398 suscepi,
561 3326 637 3383 sicut
646 3327 716 3383 alibi
728 3329 769 3385 ait
785 3347 792 3384 τ
808 3329 929 3403 Propter
983 3325 1017 3379 14
1053 3324 1245 3394 Eteuondtm
1261 3325 1385 3392 Domine,
1400 3325 1541 3380 clamavi:

127 3418 223 3484 penam
235 3412 336 3488 populi
352 3415 410 3470 mci
423 3414 554 3487 percussi
570 3432 637 3471 eum
653 3417 716 3488 (lea.
733 3419 802 3490 mn).
1053 3415 1086 3470 Et
1098 3430 1178 3469 mane
1191 3416 1280 3470 oratio
1293 3430 1356 3470 ntea
1367 3414 1521 3486 prurientes
1535 3421 1570 3469 te.

126 3501 139 3554 t
193 3506 278 3576 tcnpe
292 3503 384 3574 fecisti
398 3510 473 3559 nome
486 3519 559 3560 tucos
573 3521 590 3560 a
603 3520 647 3560 me
660 3524 670 3560 :
1018 3502 1039 3560 G
1054 3502 1180 3558 Dicendo
1197 3505 1344 3570 autsm,et
1357 3519 1421 3575 ego,
1431 3501 1578 3576 significat
1589 3517 1656 3558 cum
1669 3501 1809 3559 membris

192 3595 345 3649 Potuerunt
358 3608 402 3648 me
415 3594 649 3650 abominationem
661 3596 726 3650 siti.
982 3592 1045 3648 suis
1059 3608 1091 3648 se
1106 3590 1259 3659 clamasse,
1267 3607 1392 3663 quorum
1409 3591 1473 3664 ipss
1488 3594 1576 3663 caput
1589 3591 1730 3648 estMone
1740 3607 1811 3664 quo-

126 3678 139 3732 i
195 3681 317 3738 Traditus
330 3689 498 3738 tumetceu
513 3683 695 3752 ematiebar:
983 3698 1039 3754 que
1054 3680 1126 3736 dixit
1140 3680 1313 3753 praevenisse
1337 3681 1498 3736 orationem
1524 3696 1608 3736 suam
1624 3698 1633 3734 ε
1648 3695 1716 3736 cum
1741 3672 1832 3737 ants

193 3770 268 3827 Oculi
281 3773 338 3827 mei
352 3771 517 3842 languerunt
528 3787 590 3843 pree
604 3774 707 3845 inopia.
982 3768 1076 3826 multa
1091 3769 1197 3826 secula
1210 3770 1326 3842 petebat
1342 3767 1478 3836 Ecclesia,
1494 3785 1559 3840 que
1571 3768 1669 3825 adbuc
1690 3784 1809 3841 exspes.-

127 3856 152 3910 10
193 3861 317 3917 Ciceroni
331 3859 367 3915 ud
380 3867 416 3928 te,
432 3860 555 3927 Domine,
570 3864 626 3916 toto
641 3862 685 3918 die
701 3878 707 3917 :
981 3863 1080 3915 tamus
1094 3876 1159 3915 esse
1174 3858 1371 3915 ventmaNcu
1386 3874 1453 3914 vero
1464 3856 1506 3912 sic
1516 3856 1808 3931 intelligamua‚quod

192 3948 316 4022 Expandi
330 3948 365 4004 ud
379 3955 404 4004 te
417 3965 518 4004 marius
531 3965 615 4005 metu.
982 3948 1074 4005 oratio
1089 3948 1214 4020 gratiam
1230 3948 1280 4003 liei
1301 3947 1458 4019 preveniat
1474 3963 1481 4002 ε
1498 3945 1568 4017 quia
1589 3950 1619 4002 et
1639 3947 1718 4019 quod
1743 3963 1807 4003 ora·

152 4036 256 4094 Cliotos
270 4038 350 4095 enim
367 4036 516 4109 apostolas
532 4036 723 4110 appellatlsse
737 4041 928 4098 enimomnes
982 4053 1059 4106 mus,
1075 4054 1110 4094 ex
1122 4038 1217 4109 gratio
1231 4041 1285 4093 est.

129 4128 190 4182 nobs
202 4127 304 4183 hebuit
318 4144 354 4182 ex
368 4126 530 4195 divinitate,
546 4126 609 4200 ipsa
630 4131 728 4184 autem
754 4129 929 4187 sciebaturn
982 4127 1017 4182 15
1055 4127 1164 4198 lltquid,
1179 4127 1303 4193 Domine,
1320 4125 1431 4196 repellis
1446 4125 1596 4179 oraticnem
1610 4137 1722 4179 mam:

129 4214 213 4280 titum
228 4216 279 4273 Isti
295 4231 365 4288 ergo
380 4215 441 4271 noti
459 4214 627 4288 specialiter
647 4215 733 4289 longe
756 4217 824 4273 facti
846 4221 926 4287 sunt,
1052 4216 1158 4271 Avertit
1172 4216 1272 4285 faciem
1286 4219 1402 4280 tuam—2·
1424 4229 1499 4269 ante
1520 4218 1527 4276 ζ
1550 4253 1556 4266 .

129 4303 195 4360 ulcst
208 4305 350 4378 scriptum
362 4321 369 4360 ε
383 4303 547 4360 Percutiam
564 4306 929 4380 pastorem,etdispergen·
1017 4306 1037 4360 C
1054 4302 1164 4374 Repelli
1180 4306 1321 4375 putamus
1335 4301 1497 4358 orationem
1522 4303 1665 4367 nostram,
1681 4303 1710 4355 et
1723 4315 1808 4355 avor-

129 4388 229 4450 luroves
242 4393 341 4468 gregis
356 4393 449 4466 (Zocli.
463 4393 536 4464 xiiij:
553 4394 585 4449 ln
602 4394 851 4452 abominationem
863 4413 928 4452 vero
982 4397 1043 4449 tere
1058 4392 1152 4448 Deum
1162 4391 1266 4447 faciem
1279 4389 1598 4463 anobis,quandovota
1608 4387 1809 4445 nostradistu·

129 4480 215 4548 tostus
226 4488 271 4540 est
284 4488 366 4550 tunc,
383 4482 504 4555 quando
519 4483 657 4540 crucifixo
680 4483 817 4540 dicebant
831 4501 837 4539 :
853 4484 927 4552 Vah,
944 4506 968 4570 D
983 4480 1048 4538 larit
1064 4499 1071 4538 :
1086 4486 1116 4537 et
1130 4481 1265 4553 quamvis
1280 4480 1329 4537 ille
1340 4479 1423 4536 utilia
1433 4477 1530 4547 iaciat,
1545 4482 1707 4534 nostamen
1717 4477 1809 4534 ditata

131 4567 167 4636 tui
176 4571 297 4630 destruis
312 4570 456 4644 templum
471 4569 522 4627 Dei
538 4571 733 4644 (ileumxxvu)
746 4588 752 4628 :
766 4572 928 4635 etsimilia.
985 4571 1111 4645 graviter
1121 4570 1297 4627 contristant
1309 4587 1315 4625 :
1328 4570 1404 4643 quod
1416 4586 1450 4626 ex
1460 4584 1586 4642 persona
1596 4570 1757 4639 martyrum
1768 4565 1810 4621 di-

152 4658 308 4718 Cl'raditus
322 4665 367 4717 est
382 4661 486 4717 aluda
497 4660 667 4717 cohortibus
677 4661 849 4719 insanorum
862 4680 869 4714 ,·
880 4680 926 4719 vo·
983 4664 1063 4716 ctum
1079 4676 1137 4716 non
1149 4658 1385 4716 inconvenienter
1399 4657 1604 4730 accipitur,qui
1613 4655 1723 4712 talibus
1733 4654 1809 4710 desi·

128 4753 264 4807 onumen
280 4767 339 4808 non
353 4754 398 4806 est
412 4766 559 4824 egressus,
575 4751 691 4822 quando
707 4750 829 4806 minime
848 4753 926 4823 quod
982 4749 1072 4806 dariis
1087 4749 1117 4806 in
1132 4749 1186 4805 hoc
1199 4749 1309 4805 mundo
1325 4749 1494 4821 fatigantur.

128 4839 263 4900 lmtaleret
279 4838 418 4906 ostendit,
434 4838 658 4912 idest,quando
675 4840 812 4895 deitatem
829 4838 927 4895 occul·
981 4837 1015 4894 16
1051 4841 1162 4911 Pauper
1185 4854 1320 4908 curuepo,
1337 4838 1407 4893 etin
1437 4833 1800 4910 lubcritusujuuentntej-

126 4921 521 5000 ameinadeeustodianon
534 4929 928 5001 estegressus.Languerunt
1087 4944 1149 4984 mea
1171 4934 1177 4991 ζ
1202 4945 1208 4983 :

124 5014 188 5087 nuti,
201 5018 229 5075 id
242 5021 288 5076 est
302 5017 438 5092 apostoli.
454 5019 513 5073 Pro
527 5017 635 5091 inopia,
652 5034 721 5090 qma
736 5017 862 5073 necdum
878 5035 925 5075 ac·
1051 5017 1195 5072 Excitatus
1208 5022 1299 5071 autern
1321 5013 1484 5069 humiliatus
1508 5027 1569 5066 sum
1581 5014 1608 5067 et
1622 5008 1806 5066 conturbatus.

122 5113 238 5177 nunant
252 5107 391 5182 spiritum
405 5111 542 5164 sanctum
558 5123 566 5164 :-
581 5106 681 5179 inopia
692 5129 694 5132 ¹
704 5105 811 5162 dicitur
825 5123 842 5163 a
857 5124 926 5164 eon·
1016 5104 1037 5161 G
1052 5105 1164 5176 Pauper
1178 5120 1245 5160 sum
1261 5119 1325 5175 ego,
1340 5102 1395 5158 hoc
1406 5101 1509 5156 nierita
1525 5099 1595 5155 dicit
1605 5098 1807 5170 Ecclesiaquae

120 5192 199 5264 bodo,
215 5196 265 5253 nbi
280 5195 363 5253 nulla
377 5200 423 5253 est
436 5195 528 5269 copia.
981 5195 1010 5249 in
1027 5197 1197 5266 paupertate
1211 5191 1314 5249 mundi
1335 5193 1364 5247 et
1384 5189 1564 5246 laboribusa
1579 5205 1634 5246 sua
1652 5189 1807 5261 juventute

142 5281 295 5343 CClamaui
311 5285 346 5341 ad
361 5290 399 5354 te,
415 5284 545 5354 Domine,
556 5289 617 5341 tota
629 5286 675 5342 die
692 5303 698 5341 :
715 5285 763 5341 hic
777 5286 926 5342 distinctio
981 5283 1130 5356 fatigatur.
1147 5281 1296 5339 Exultatus
1313 5297 1320 5336 ε
1336 5278 1594 5354 quandoquisque
1613 5277 1743 5335 fidelium
1760 5290 1807 5331 res

114 5376 149 5428 ut
158 5375 304 5448 ponenda,
320 5381 353 5431 ut
369 5375 425 5431 ista
439 5374 619 5432 conducatis
635 5375 725 5432 totius
740 5375 797 5431 diei
810 5375 846 5430 ad
862 5391 926 5430 ora·
980 5373 1127 5431 humanas
1142 5372 1255 5429 tumido
1266 5371 1352 5427 corde
1362 5367 1662 5443 cogitatllumiliatus
1674 5383 1681 5422 :
1692 5363 1806 5422 eumad

111 5458 207 5522 ῑίοηοω
223 5469 252 5522 et
267 5464 414 5521 bonorum
429 5468 550 5521 actuum
565 5480 639 5536 opus
653 5464 758 5520 debeat
769 5463 925 5534 pertinere.
981 5463 1194 5520 consessionem
1209 5459 1350 5534 pervenit.
1367 5459 1514 5515 Confusus
1530 5476 1537 5516 :
1553 5473 1620 5515 cum
1645 5453 1724 5512 mala
1741 5467 1806 5526 qua

107 5547 229 5631 lmaudi
242 5569 352 5613 manus
369 5572 376 5613 ε
392 5570 445 5632 per
459 5569 667 5630 manus,opera
680 5553 757 5612 bons
770 5550 832 5610 vult
845 5550 927 5611 intel·
980 5552 1071 5629 gessit
1085 5552 1114 5611 in
1130 5550 1301 5629 paenitentia
1315 5547 1473 5610 damnavit.
