3884 6084
119 299 195 364 tort
659 295 854 358 DDllNONlS
877 293 1044 360 nuBArts
1070 299 1288 363 AUGlENSIS.
1750 299 1828 364 tute

119 453 193 505 eom,
210 436 244 490 ut
259 430 366 507 pariter
381 429 417 486 ab
433 429 571 486 omnibus
586 431 767 486 mundentur
781 430 900 488 eliensis
915 433 945 488 et
958 432 985 500 Α
999 434 1085 488 lsrael
1096 433 1200 504 (ivre).
1212 434 1294 490 Unde
1309 436 1445 492 sacerdos
1467 434 1651 492 confidenter
1672 434 1826 493 Dominum

16 556 19 563 ·
119 519 573 583 securasihimeotedeserviant.
584 520 617 575 Dt
629 520 656 574 in
668 519 945 590 communionejam
999 525 1090 594 rogat,
1102 522 1202 578 dicens
1215 541 1220 578 :
1234 525 1304 578 Deus
1319 526 1457 596 resupium
1467 528 1592 580 nostrvm
1607 532 1634 581 et
1643 526 1734 581 rvirtus
1744 525 1824 592 (Puri.

120 613 247 689 quadum
263 626 315 683 spe
328 627 362 666 ex
376 608 474 665 divino
490 625 610 664 munere
623 609 767 680 Propheta
784 609 943 677 animatus,
998 610 1175 681 xcv),adesto
1184 614 1240 683 piis
1253 613 1382 671 Ecclesiae
1392 622 1449 671 tuae
1458 613 1703 687 precibus,ouctor
1712 615 1769 686 ipse
1777 613 1827 686 pie·

120 720 154 761 ex
168 717 293 776 persona
306 698 436 755 fidelium
450 697 528 754 canit
546 698 630 754 laetus
643 716 649 754 :
662 703 798 754 Memento
811 700 888 754 verti
903 700 946 754 tui
999 700 1071 762 totis,
1083 707 1109 754 et
1119 708 1223 770 praesto
1234 708 1264 755 ut
1273 701 1344 772 quod
1353 701 1472 772 fideliter
1478 704 1599 775 petimus
1610 703 1825 774 efficacitervvu

118 808 195 850 servo
209 798 264 860 tuo,
277 791 400 858 Domine,
417 790 446 844 in
466 804 517 860 qno
531 789 603 842 milvi
616 804 689 859 spem
710 787 818 854 dedisti,
830 789 889 845 leve
902 803 947 842 me
999 803 1152 858 sequamur.
1164 788 1246 842 Tunc
1262 789 1339 844 enim
1354 789 1477 846 fideliter
1491 790 1632 863 petimus,
1646 790 1671 846 si
1684 790 1826 848 conservis

118 880 258 940 consolato
270 881 351 934 estin
366 876 945 947 hunvilitotemeo(Paol.cxv111).Coneor·
1001 876 1109 930 uostris
1123 876 1222 931 dehita
1236 877 1448 945 dimiserimus,
1466 881 1498 934 ut
1514 883 1542 934 et
1557 896 1612 935 nos
1628 896 1645 934 a
1660 878 1772 935 nostris
1784 880 1827 936 du*

119 971 169 1028 dia
182 971 259 1026 inter
273 967 428 1024 lectionem
443 965 639 1039 evangelicam
653 971 682 1021 ot
694 965 894 1038 apostolicam,
907 965 946 1022 ot·
999 964 1069 1019 bitis
1085 981 1136 1036 per
1151 965 1309 1022 Dominum
1325 966 1435 1023 absolvi
1450 967 1612 1024 veleamus.
1628 968 1706 1024 Nam
1723 971 1752 1024 et
1764 984 1827 1041 apv-

118 1057 270 1118 terendam
285 1061 313 1114 et
328 1056 451 1113 missum
466 1055 495 1111 in
511 1072 544 1111 ea
554 1073 617 1128 quae
633 1053 824 1127 subsequitur
839 1055 948 1110 hebdo·
1001 1051 1104 1108 stolica
1116 1053 1200 1110 lectio
1214 1055 1248 1110 de
1260 1056 1440 1112 observanda
1455 1057 1589 1112 traternae
1603 1057 1759 1113 charitatis
1770 1058 1828 1114 uui·

119 1149 215 1218 made,
233 1148 262 1203 in
277 1145 431 1221 propatulo
446 1150 500 1202 est.
512 1146 585 1201 Nam
598 1143 626 1200 in
638 1143 792 1216 Dvrangclio
803 1144 946 1200 Dominus
1000 1145 1059 1197 tate
1072 1142 1144 1198 satis
1160 1160 1213 1199 nos
1226 1144 1373 1212 admonet,
1390 1146 1461 1200 dum
1477 1144 1635 1218 Apostolus
1653 1147 1786 1219 seipsum
1800 1148 1826 1203 ia

118 1239 271 1296 infirmum
288 1235 380 1309 reguli
396 1234 489 1291 filium
505 1238 590 1290 sanat
604 1233 691 1306 (loen.
703 1237 742 1301 v),
756 1238 785 1290 et¹
801 1233 947 1289 offerendo
1000 1230 1166 1302 exemplum
1182 1249 1294 1304 ponens
1308 1233 1384 1289 inter
1395 1239 1497 1290 caetera
1507 1234 1549 1290 sic
1560 1235 1650 1292 dicit:
1666 1237 1750 1291 Testis
1759 1238 1827 1293 enim

119 1331 219 1385 narrat
233 1327 268 1382 de
284 1326 367 1382 besto
382 1325 436 1381 Job
452 1324 578 1397 qualiter
592 1328 678 1379 Satan
694 1341 711 1378 a
725 1322 849 1378 Domino
864 1321 948 1395 petiit
1000 1321 1070 1375 miti
1083 1328 1122 1376 est
1138 1323 1207 1377 Deus
1222 1322 1354 1394 quomodo
1367 1325 1477 1394 cupiam
1497 1340 1543 1380 vos
1564 1341 1660 1380 omnes
1677 1326 1708 1379 in
1721 1326 1826 1382 vonn-

119 1418 286 1474 attentaret
296 1430 363 1470 eum
375 1416 412 1481 et,
425 1414 494 1469 data
505 1413 532 1468 ei
545 1416 688 1484 potestate
704 1412 733 1466 in
750 1411 903 1467 sacnltntos
919 1414 947 1466 et
1002 1411 1050 1463 tras
1065 1412 1131 1465 Jesu
1147 1411 1261 1466 Christi.
1273 1411 1306 1465 Et
1320 1411 1369 1466 hoc
1383 1427 1439 1477 oro,
1456 1422 1486 1467 ut
1500 1412 1623 1469 charitas
1638 1422 1732 1470 uestra
1745 1416 1827 1485 mania

7 1531 13 1540 ·
120 1501 620 1576 inearnemejus,perdiditomnem
631 1501 829 1557 substantiam
841 1501 946 1573 ipsius,
1001 1513 1033 1552 nc
1047 1500 1136 1568 inopis
1151 1499 1269 1554 abundet
1284 1501 1313 1555 in
1327 1502 1443 1556 scientio
1458 1504 1524 1557 etin
1536 1503 1614 1557 muni
1627 1518 1723 1569 sensu,
1734 1511 1828 1575 uipra-

119 1599 148 1653 et
160 1594 371 1666 tilios‚earnem
385 1608 502 1664 quoque
513 1592 577 1663 ejus
587 1591 665 1663 gravi
679 1590 776 1646 ulcere
786 1589 948 1645 vulneravit
1003 1588 1069 1642 tetis
1082 1589 1240 1659 petierent
1262 1590 1322 1644 sitis
1336 1591 1449 1657 sinceri,
1465 1599 1490 1646 et
1504 1593 1565 1647 sine
1580 1591 1685 1663 offensa
1707 1594 1738 1648 in
1761 1591 1826 1648 tun

118 1686 191 1756 (lob.
206 1686 237 1754 ι).
248 1682 291 1738 Ad
308 1681 505 1738 resistendum
521 1679 691 1752 hujusmodi
709 1679 834 1747 insidiis,
851 1679 948 1736 horta·
1002 1675 1113 1744 Christi,
1130 1678 1227 1748 repleti
1239 1680 1332 1749 fructu
1342 1679 1463 1750 justitie
1475 1695 1525 1750 per
1538 1681 1631 1737 iesum
1647 1679 1826 1737 Christano

118 1776 168 1830 tur
179 1789 233 1828 nos
245 1769 413 1846 Apostolus,
425 1767 557 1840 exemplo
570 1768 647 1824 beati
661 1768 727 1829 Job,
744 1768 899 1824 confortari
916 1769 945 1824 in
962 1805 986 1871 B
1001 1766 1119 1834 pluriam
1133 1775 1157 1821 et
1174 1766 1282 1822 laudem
1296 1768 1345 1822 Dei
1359 1768 1492 1840 (Philipp.
1505 1768 1535 1840 ι).
1548 1770 1645 1834 Quem
1660 1767 1825 1826 maritstem

118 1861 242 1921 Domino
268 1863 297 1916 et
321 1858 349 1914 in
366 1859 496 1931 potentie
519 1857 636 1913 virtutis
652 1859 717 1928 ejus
733 1872 740 1910 ι
758 1857 865 1916 lndvitv
888 1874 945 1926 vos,
1001 1856 1187 1910 commendet
1202 1856 1432 1928 responsorium,
1450 1857 1551 1913 dicens
1565 1874 1573 1912 2
1589 1858 1658 1914 Eece
1683 1874 1767 1930 quem
1787 1859 1826 1916 do

118 1951 226 2025 inquit,
239 1957 410 2006 armaturam
423 1949 482 2014 Dei,
493 1956 523 2002 ut
536 1948 644 2019 possitis
653 1951 726 2002 stare
735 1947 864 2002 universas
878 1947 946 2002 insi·
998 1953 1215 2017 numnquam
1234 1944 1400 2015 pecundum,
1417 1945 1541 2001 inditore
1561 1946 1667 2017 fratres
1691 1949 1723 2002 in
1748 1962 1825 2005 unu·

117 2040 294 2098 diosdioboti
304 2038 411 2111 (Dplves.
423 2041 462 2106 v),
475 2040 503 2092 et
516 2039 628 2107 caetera,
641 2053 735 2108 usque
748 2036 783 2091 ad
800 2036 888 2091 finem
904 2034 944 2091 le·
1000 2032 1084 2103 (Psoi.
1101 2034 1215 2103 cornu).
1230 2033 1260 2088 lu
1286 2034 1441 2102 offerenda,
1457 2033 1542 2090 beate
1564 2032 1683 2103 Esther,
1698 2034 1824 2093 Ecclesie

119 2128 235 2185 ationis.
251 2128 286 2182 Et
304 2126 334 2182 in
358 2124 512 2197 Evangelio
540 2125 666 2196 tegimus
683 2143 689 2180 :
707 2126 776 2192 Qrvio
801 2133 945 2197 postquam
999 2124 1102 2193 typum
1118 2138 1231 2193 gerens,
1248 2122 1407 2178 Dominum
1429 2127 1512 2195 rogat
1530 2123 1682 2179 recordari
1697 2126 1745 2180 sui
1759 2129 1786 2181 et
1797 2128 1823 2180 ul

118 2217 243 2287 coqnovit
255 2217 421 2288 polemonia
435 2214 485 2269 itta
501 2215 568 2269 horn
586 2222 698 2269 serratus
713 2222 751 2269 est
762 2231 833 2285 puer
848 2217 876 2269 in
893 2232 945 2287 qun
1000 2211 1048 2265 det
1064 2225 1229 2265 sermonem
1245 2215 1356 2273 rectum
1380 2211 1410 2266 in
1437 2228 1469 2267 os
1483 2212 1559 2282 ejus.
1575 2212 1603 2266 si
1630 2214 1713 2270 enim
1738 2219 1821 2271 rectus

119 2303 455 2362 turritanensem
471 2309 534 2356 tvvs
559 2303 633 2369 vivit,
649 2302 766 2358 eredidit
787 2305 843 2374 ipse
857 2308 883 2359 et
898 2304 945 2359 do-
1000 2316 1096 2354 sermo
1112 2299 1141 2354 in
1157 2315 1206 2355 ore
1223 2303 1322 2355 nostro
1338 2301 1478 2366 sonuerit,
1488 2299 1628 2357 videlicet
1642 2307 1763 2375 peecata
1775 2320 1818 2359 uo·

118 2401 179 2441 mus
194 2386 252 2456 ejus
275 2382 613 2453 totu(loan.1v).Domus
628 2383 692 2452 ejus
708 2381 882 2455 intelligitur
902 2384 944 2438 la·
1000 2392 1060 2444 stra
1075 2389 1250 2455 confitendo,
1263 2389 1441 2461 poenitendo,
1453 2389 1595 2461 proximis
1610 2390 1723 2448 uostris
1735 2392 1817 2449 dehita

119 2473 202 2530 milia
211 2475 287 2546 ejus.
299 2473 353 2528 Pro
369 2488 428 2544 qus
443 2470 563 2539 familie,
576 2471 604 2525 id
620 2475 673 2538 est,
686 2470 815 2527 Ecclesia
829 2472 864 2527 de
879 2489 946 2545 gen·
999 2476 1291 2544 remittendo,statim
1303 2478 1332 2532 in
1344 2478 1551 2534 communione
1562 2477 1614 2534 illa
1625 2480 1661 2535 ad
1672 2480 1814 2538 nosdiviua

118 2561 224 2619 tilitate
234 2560 365 2630 collecta,
376 2563 460 2634 rogat
469 2560 604 2616 sacerdos
615 2559 661 2615 his
674 2560 770 2616 verhis
782 2562 946 2617 :Familiam
999 2565 1137 2638 dirigitur
1151 2566 1307 2638 promissio
1320 2585 1326 2623 :
1344 2569 1408 2623 Dico
1424 2567 1506 2633 vedu,
1521 2567 1661 2637 pendium
1673 2578 1713 2625 est
1724 2569 1813 2639 vaput

119 2660 205 2720 tuum,
226 2667 395 2724 quaesumus,
414 2651 538 2717 Domine,
554 2651 683 2705 continua
705 2651 808 2721 pietate
828 2651 943 2719 custodi,
998 2656 1049 2709 Dei
1062 2672 1146 2727 super
1159 2672 1214 2711 uno
1238 2663 1377 2726 peccatore
1396 2658 1587 2727 pentem-riam
1612 2666 1711 2727 opente
1725 2656 1807 2730 (tant.

118 2749 149 2798 ut
163 2759 180 2796 a
193 2742 299 2796 cvnctis
312 2739 525 2795 adversitatibus
544 2746 568 2794 te
587 2747 742 2811 protepente
756 2742 793 2796 sit
805 2741 903 2808 libero,
920 2750 947 2798 et
998 2747 1066 2812 xvi).
1079 2742 1119 2798 De
1134 2743 1273 2799 vicesima
1289 2748 1387 2800 autem
1403 2744 1490 2800 tertia
1512 2744 1677 2813 Dominiee,
1689 2745 1806 2819 quouisu

118 2831 150 2886 in
163 2832 239 2887 donis
254 2823 360 2886 ectitius
372 2835 417 2884 tuo
429 2830 537 2884 nomini
548 2831 585 2884 sit
597 2828 699 2884 devota.
712 2828 742 2883 ln
759 2830 945 2902 responsorio
998 2831 1118 2887 tractavi
1134 2831 1162 2886 in
1176 2832 1304 2904 quadam
1320 2832 1444 2905 epistola
1458 2850 1547 2906 quam
1561 2834 1597 2890 ad
1614 2833 1766 2891 Arthouem
1776 2848 1806 2889 ar

119 2918 264 2992 Propheta
273 2916 413 2974 beneficia
418 2916 493 2990 justi
502 2915 616 2972 ludicis
626 2920 857 2991 potestatemque
868 2935 945 2974 com·
999 2920 1218 2993 ehiepiscopum
1232 2923 1267 2977 de
1282 2923 1413 2978 Adventu
1429 2922 1545 2979 Domini
1568 2923 1732 2997 composui,
1746 2935 1802 2979 nure

117 3011 271 3076 memoret,
294 3007 396 3062 dicens
407 3023 413 3061 :
426 3008 549 3073 Domine,
565 3008 800 3078 retiepivmtaetus
812 3023 839 3062 es
853 3009 942 3064 nodis.
998 3008 1109 3081 aliquid
1123 3011 1218 3066 dicere
1234 3009 1419 3084 supersedeo.

118 3096 536 3168 (Psol.mxx1x),eto.,usque
559 3096 596 3151 ed
622 3096 709 3173 tinem
736 3097 943 3169 subsequentis
1318 3098 1435 3155 CAPUT
1456 3099 1503 3155 Vl.

116 3202 229 3242 versus.
246 3185 328 3242 Unde
342 3190 371 3241 et
386 3189 487 3241 cantor
509 3185 538 3240 in
559 3184 677 3240 introitu
695 3185 850 3242 confitetur
864 3175 979 3260 quodG
1035 3188 1113 3245 lnter
1128 3189 1187 3244 hoec
1203 3204 1260 3244 non
1276 3188 1368 3244 otiose
1383 3189 1564 3260 querendum
1581 3195 1655 3263 puto
1666 3193 1801 3248 cureuetvr

117 3276 147 3332 in
162 3275 311 3331 voluntate
326 3275 441 3330 Domini
459 3274 594 3330 universa
607 3274 666 3328 sint
677 3275 781 3346 posite,
793 3281 821 3332 et
832 3294 889 3333 non
906 3277 944 3333 sit
997 3278 1159 3334 officiorum
1175 3278 1379 3334 tantummodo
1401 3277 1505 3350 viginti
1529 3279 1587 3334 tria
1611 3279 1688 3337 inter
1710 3285 1799 3336 vetem

118 3365 168 3438 qui
182 3364 276 3438 possit
290 3363 424 3419 resistere
440 3364 505 3434 ejus
519 3363 671 3419 voluntati.
688 3364 718 3419 ln
737 3366 943 3423 communione
997 3367 1219 3423 Pentecosteset
1231 3366 1395 3422 Adventum
1405 3366 1798 3435 Domini,ordinetorrerolv
1852 3364 1854 3381 '

117 3469 235 3524 quoque
249 3451 394 3523 Propheta
410 3467 445 3506 ex
469 3468 593 3523 persona
617 3451 692 3507 beati
706 3453 761 3508 tob
777 3454 820 3509 vel
835 3460 941 3511 sanetas
996 3455 1242 3528 etiouariiviginti
1254 3455 1385 3528 quinque
1397 3454 1538 3512 lectiones
1549 3456 1691 3530 posuerit,
1698 3453 1799 3529 exceptis

116 3540 262 3606 Ecclesiae,
275 3539 458 3595 multimodis
469 3540 721 3612 persecutionibus
732 3544 865 3611 subdite,
879 3550 943 3601 orat
996 3544 1043 3600 his
1058 3561 1121 3617 quae
1138 3544 1167 3599 in
1183 3549 1283 3599 octava
1296 3543 1482 3601 Pentecostes
1503 3548 1532 3602 et
1553 3545 1708 3603 Dominies
1720 3543 1797 3619 qatnu
1852 3576 1854 3621 1

117 3627 463 3695 edDomlnum,dicens:
482 3630 646 3684 institutori
663 3635 944 3702 tuonnirnomvn,et
996 3633 1259 3689 anteNativitatem
1272 3632 1396 3701 Domini,
1409 3637 1438 3688 et
1452 3632 1481 3688 in
1493 3637 1598 3690 sancta
1613 3628 1797 3703 urintuetui
1852 3640 1854 3691 i

117 3723 148 3777 in
162 3719 241 3775 verbo
258 3726 303 3775 tuo
317 3720 517 3792 supersperavi,
525 3718 633 3791 quondo
643 3722 728 3792 savies
738 3721 769 3776 de
777 3739 943 3794 persequen-
996 3722 1100 3778 solent.
1113 3724 1179 3787 One
1196 3721 1220 3776 si
1236 3720 1338 3793 viginti
1353 3722 1484 3794 quinque
1496 3722 1659 3793 adduntur,
1671 3738 1751 3780 xxvio
1761 3736 1797 3776 nu·
1851 3702 1854 3767 l

117 3809 247 3865 titusme
263 3808 412 3881 judicium.
428 3810 522 3881 lnipvi
532 3811 667 3881 persecuti
692 3819 756 3866 sunt
777 3828 829 3876 nne,
841 3812 942 3884 adjuro
996 3809 1797 3882 merusadimpleturDuiofficiaordiuevit,emholisur
1851 3786 1854 3869 l

115 3914 169 3966 nae,
184 3899 298 3954 Domine
311 3900 380 3954 Deus
400 3914 476 3953 eveus
491 3899 576 3967 (Psal.
589 3900 697 3971 cxvrn).
708 3901 790 3955 Nunc
809 3906 942 3973 superest
995 3899 1037 3955 les
1049 3917 1141 3954 arenas
1157 3899 1186 3953 in
1198 3899 1423 3956 decennovenali
1434 3899 1515 3973 cyclo
1526 3901 1663 3969 attendit,
1675 3902 1704 3959 iu
1715 3900 1797 3974 quibus

115 3990 231 4043 tantum
246 3989 279 4041 ut
294 3985 427 4042 dicamus
442 3985 478 4041 de
493 3985 645 4041 Dominico
660 3987 799 4060 vigesima
814 3989 943 4043 secunda
996 3989 1107 4044 Pascha
1123 3986 1235 4044 tordius
1251 3987 1325 4044 solet
1345 4004 1507 4056 occurrere,
1523 3994 1552 4045 et
1567 3989 1700 4048 breviora
1711 3996 1797 4061 temer

115 4080 307 4150 postovtavas
323 4075 506 4131 Pentecostes
521 4092 610 4147 quam
622 4077 852 4132 convenientiam
868 4076 940 4133 illud
996 4094 1061 4134 rum
1078 4077 1173 4150 spatia
1186 4076 1263 4133 inter
1276 4081 1392 4134 octavas
1412 4081 1600 4136 Pentecostes
1615 4085 1644 4137 et
1663 4080 1797 4138 Adventu!

116 4163 246 4223 officium
257 4167 352 4221 totum
363 4179 430 4220 cum
441 4163 597 4236 Evangelio
609 4164 724 4233 habeat,
738 4165 767 4221 in
779 4183 837 4239 quo
848 4166 941 4223 intro·
996 4167 1112 4224 Domini
1128 4167 1285 4231 conficerr3
1303 4165 1376 4221 alter
1388 4182 1455 4223 vero
1469 4183 1656 4237 communes,
1673 4170 1702 4225 in
1717 4166 1797 4241 quitus

115 4254 235 4311 ducitur
249 4269 374 4327 persona
396 4253 484 4326 regis,
501 4253 551 4325 qui
567 4252 656 4309 voluit
669 4255 813 4311 rationem
836 4271 942 4329 ponere
995 4256 1098 4312 eadem
1113 4254 1261 4311 Paschalis
1277 4254 1418 4311 festivitas
1433 4254 1582 4312 maturius
1593 4257 1740 4315 consuerit
1750 4266 1798 4328 prt-

114 4357 182 4398 eum
195 4341 286 4406 servis
298 4338 427 4398 suis.Cui
437 4341 941 4402 cnmoblatusessetdebitordeeem
995 4344 1105 4401 venire.
1117 4344 1254 4400 Dicamus
1270 4345 1324 4400 suh
1335 4344 1478 4418 exemplo,
1487 4346 1606 4418 quaudo
1631 4345 1747 4403 ultimus
1756 4346 1797 4397 ter·

115 4430 242 4487 millium
252 4429 442 4498 talentorum,
454 4446 506 4486 neo
517 4430 638 4486 haberet
649 4433 726 4487 unde
738 4434 880 4502 redderet,
891 4434 943 4490 mi·
997 4434 1096 4490 minus
1107 4433 1254 4506 paschalis
1267 4449 1314 4489 xiv
1329 4432 1467 4490 Kalendis
1482 4433 1560 4501 Maii,
1578 4440 1608 4491 et
1621 4434 1686 4509 ipse
1698 4430 1797 4492 ructu

115 4522 211 4575 sertus
226 4519 300 4591 ejus,
313 4517 425 4574 dimisit
440 4518 465 4574 ei
481 4518 621 4576 debitum.
632 4521 685 4575 Sed
702 4521 771 4594 quia
785 4521 834 4577 ille
849 4523 943 4579 noluit
957 4546 980 4612 fl
996 4523 1033 4579 lis
1049 4523 1111 4578 dies
1123 4522 1246 4594 septimo
1263 4523 1407 4578 Kalendas
1417 4523 1551 4594 ejusdem
1565 4524 1679 4582 mensis
1686 4518 1797 4583 secuml,

114 4606 246 4664 misereri
256 4606 386 4663 conservi
396 4606 712 4677 sui,iratusDominus,
721 4609 851 4666 debitum
864 4614 939 4684 quod
997 4612 1047 4685 qui
1056 4612 1211 4685 diligenter
1220 4616 1389 4685 computare
1397 4612 1532 4680 voluerit,
1541 4629 1601 4670 non
1612 4613 1680 4687 plus
1689 4605 1797 4687 quamti-

114 4696 236 4766 dimisit,
249 4694 364 4769 repetit,
375 4694 552 4768 tradiditque
568 4713 634 4753 eum
650 4699 819 4767 tortoribus,
832 4702 940 4772 quoad·
995 4701 1067 4774 ginti
1079 4704 1138 4756 tres
1149 4700 1349 4756 hebdomadas
1360 4699 1397 4757 ab
1407 4700 1515 4757 Octava
1529 4700 1713 4760 Pentecostes
1726 4708 1796 4770 vett·

113 4802 208 4859 usque
222 4787 356 4842 redderet
383 4784 551 4841 universum
575 4787 706 4842 detritum
728 4789 833 4856 (narrt.
846 4792 937 4863 xvnr).
994 4791 1029 4845 ad
1040 4790 1204 4845 Adventum
1216 4788 1331 4845 Domini
1346 4789 1476 4847 invenire
1490 4791 1608 4863 poterit.
1620 4792 1656 4849 ut
1668 4792 1708 4849 ita
1715 4783 1796 4848 studii

31 4903 36 4909 ·
112 4877 174 4941 Quo
189 4876 248 4931 haec
263 4874 403 4949 parabola
426 4875 536 4943 tendat,
553 4875 696 4931 Dominus
712 4878 866 4934 manifeste
890 4880 938 4935 de·
994 4885 1026 4935 ut
1036 4880 1177 4949 osticium,
1187 4880 1300 4934 Domine
1311 4880 1340 4935 in
1351 4884 1408 4946 tuo,
1419 4881 1586 4938 necessario
1598 4868 1794 4939 devenienti

114 4965 239 5032 nuntiat,
248 4966 348 5020 dicens
358 4983 364 5019 :
374 4965 452 5021 Sicet
462 4966 628 5020 Paternum
638 4967 844 5040 celesticiuciet
853 4969 937 5036 nove,
994 4970 1023 5024 in
1040 4968 1104 5041 ipsa
1115 4973 1219 5024 octavae
1230 4968 1415 5026 Pentecostes
1424 4969 1793 5036 hebdomada.0ueudvruv

112 5053 137 5107 si
151 5068 203 5106 non
220 5054 381 5109 remiseritis
399 5055 585 5125 uniusquisque
604 5055 690 5125 pratri
703 5072 751 5110 sno
765 5056 798 5111 dc
812 5057 939 5114 cordibus
992 5058 1137 5114 terminus
1148 5057 1233 5130 primi
1244 5057 1358 5113 Paschae
1368 5052 1793 5132 duodmimoualendasapviis

112 5143 209 5196 vestris
223 5142 326 5213 (leid).
341 5143 433 5207 Quam
450 5143 625 5200 sententiam
642 5143 783 5215 Propheta
800 5147 938 5218 pertime·
992 5148 1166 5220 ipsumvero
1174 5151 1309 5202 sanctum
1319 5147 1432 5204 Pascha
1441 5149 1540 5204 statim
1550 5148 1581 5205 in
1591 5142 1792 5206 cnsunanvv

112 5243 208 5297 scens,
224 5229 253 5284 in
271 5230 391 5286 introitu
407 5231 515 5287 clamat
531 5233 565 5287 ad
589 5233 753 5290 Dominam.
770 5234 891 5293 dicens:
907 5234 938 5292 Si
992 5242 1037 5294 est
1048 5254 1068 5293 11
1085 5237 1229 5293 Kalendas
1241 5235 1349 5309 Aprilis
1364 5237 1471 5307 evenit,
1483 5242 1555 5296 tunc
1575 5239 1613 5297 ab
1629 5244 1726 5296 cetere
1737 5234 1791 5291 Per·

112 5317 271 5390 iniquitates
294 5318 485 5389 observaveris,
504 5323 627 5389 Domine,
645 5325 770 5393 Domine,
786 5327 847 5397 qrvis
858 5328 938 5382 susti·
991 5329 1217 5399 tecostesusque
1228 5326 1264 5381 ad
1278 5325 1442 5383 Adventum
1454 5327 1791 5403 oomiui,campleturnv·

111 5404 188 5461 notit
197 5404 282 5475 (Psoi.
294 5406 406 5477 cxxix)‘l
416 5407 450 5462 st
464 5409 604 5479 quonism
620 5411 731 5467 sciehat
742 5427 810 5467 eum
820 5413 936 5484 justum
991 5432 1091 5472 merus
1102 5414 1206 5488 viginti
1222 5417 1286 5470 octo
1298 5412 1562 5487 hebdomadarum,
1571 5419 1660 5490 Juxta
1667 5412 1789 5487 campell·

108 5493 240 5573 judicem
260 5510 335 5567 esso,
352 5493 407 5551 hac
420 5511 488 5553 voce
512 5498 649 5557 studebat
671 5516 739 5555 enm
763 5500 936 5559 benevolum
991 5505 1100 5562 tionem
1109 5502 1545 5580 Lectionarii,dignusprosecto
1554 5497 1791 5583 numerusquilt·

109 5586 242 5651 reddere.
257 5586 341 5661 Quin,
357 5584 463 5661 inquit,
478 5586 551 5661 apud
572 5591 598 5645 te
619 5590 778 5664 propitiatio
803 5599 851 5666 est,
866 5591 937 5652 Deve
991 5597 1035 5657 ter
1049 5593 1102 5650 has
1117 5591 1318 5652 solemnitates
1332 5594 1459 5673 Spiritus
1473 5596 1569 5655 saneti
1584 5600 1614 5661 st
1629 5592 1739 5656 Domini
1749 5585 1790 5649 tt·
