3884 6084
1337 128 1357 157 θ

110 185 189 251 ress
742 186 835 251 vira
856 185 1028 251 cannam
1050 186 1189 283 saniei.
1544 249 1550 263 ,
1636 263 1643 271 ,
1733 186 1815 253 aare

108 338 232 397 scopum
247 319 494 379 Mediolanensem
509 337 563 394 pro
577 319 680 379 multis
699 322 807 391 causis,
823 322 932 394 quibus
948 323 974 390 Α
992 321 1162 395 episcopum
1184 320 1367 378 Heribertum
1394 337 1487 394 usque
1514 319 1629 379 obitum
1656 320 1722 395 eJus
1745 340 1814 381 cum

108 409 335 466 eesoffenderat.
346 409 506 483 Imperator
516 425 582 466 vero
592 412 692 467 tronus
702 409 932 483 archiepiscopo,
989 409 1098 466 honore
1112 412 1306 478 retinuerunt,
1322 410 1374 467 sed
1384 416 1483 467 tamen
1497 427 1564 466 cum
1580 411 1675 484 gratia
1685 411 1814 469 Heinrici

109 497 246 572 pracepit
261 502 294 553 ut
308 496 489 554 satisfaceret
500 497 732 564 amnibus.Qu0d
744 497 814 554 dum
826 497 936 555 archie-
989 498 1076 571 regis,
1093 498 1144 554 tilii
1160 497 1355 571 imperatoris,
1366 500 1443 571 quod
1457 497 1572 571 plenius
1581 498 1611 554 in
1622 499 1714 573 gestis
1725 499 1814 574 regis,

111 587 250 661 piscopos
266 591 410 654 renueret,
427 585 519 642 sensit
538 587 696 660 imperator
719 604 835 643 omnem
853 586 934 644 illam
989 587 1013 643 si
1026 589 1104 644 Deus
1118 587 1251 657 voluerit,
1275 602 1427 661 exsequar.
1443 587 1551 644 Eodem
1580 591 1711 660 tempere
1738 604 1816 662 papa
1874 636 1878 643 .

109 675 343 748 conjurationem
358 675 446 731 ltaliae
462 675 556 748 ipsius
585 675 707 735 coasilio
723 676 829 732 factam
859 692 933 746 esso,
989 676 1135 732 Cremona
1151 678 1321 733 occurrebat
1336 675 1515 749 imperatori,
1542 678 1571 732 et
1595 675 1753 734 honorifice
1769 693 1814 734 re·

108 769 138 822 et
157 781 225 821 mox
239 764 450 836 comprehenso
467 762 516 820 illo
530 764 651 820 retinuit
665 763 695 819 ia
711 781 766 821 sua
781 767 933 837 potestate.
988 770 1100 839 ceptus,
1108 766 1299 834 etdimissus,
1311 766 1434 822 Romam
1447 781 1581 821 reversus
1591 770 1645 820 est.
1655 765 1816 838 imperator

109 853 220 911 Deinde
236 853 452 910 commendavit
477 870 545 909 eum
573 853 603 908 in
632 853 794 910 custodiam
824 853 934 925 Poponi
988 853 1815 927 dispersoexarcituperregiones,ipseadmentuosaleca

110 940 283 1015 patriarcba
310 940 500 1014 Aquileiensi,
517 945 545 996 et
573 941 708 998 Cbunoni
730 942 797 998 duci
827 943 934 998 (laren-
988 944 1118 1010 secessit,
1144 947 1262 1016 propter
1282 941 1476 1015 refrigerium,
1506 941 1697 1015 quoniamae
1715 947 1816 1001 estate
1868 948 1871 953 '

109 1037 259 1098 tanarum,
275 1030 326 1103 qui
342 1030 377 1086 ab
393 1029 435 1086 eis
451 1030 558 1087 ductus
581 1035 626 1086 est
652 1047 719 1087 com
744 1031 934 1105 imperatorie
989 1048 1114 1105 magnus
1129 1030 1208 1088 calor
1221 1031 1403 1088 imminebat.

112 1117 410 1193 usquePlacentinam
422 1117 802 1185 civitatemDuadamnocte
814 1119 934 1192 quidam
1077 1137 1113 1176 aa
1131 1137 1277 1177 ssorrmas
1303 1137 1369 1184 oum
1390 1133 1476 1176 secra
1496 1137 1546 1176 sss
1565 1137 1593 1176 ra
1614 1136 1723 1177 asnaa.

109 1205 933 1281 dctaruiliaribusarchiepiscopicollocavitse,viceipsius,
1024 1209 1129 1265 Eodem
1145 1226 1221 1266 anno
1237 1208 1359 1265 hiberno
1385 1212 1515 1281 temporo
1530 1207 1650 1264 collecto
1673 1208 1814 1276 exercitu,

110 1298 140 1355 iu
156 1297 230 1354 lecto
250 1313 308 1369 quo
337 1295 400 1369 ipse
424 1298 521 1367 jacere
550 1295 671 1365 solebat,
701 1301 730 1352 ct
757 1297 934 1369 superducto
988 1297 1148 1370 imperator
1161 1298 1372 1355 transcendens
1388 1297 1498 1353 Padum
1513 1297 1549 1353 ad
1578 1298 1714 1354 Parmam
1744 1296 1815 1354 civi·

110 1385 291 1458 coopertario
306 1385 402 1450 latuit,
415 1388 448 1440 ut
457 1383 498 1439 ita
509 1383 621 1441 falleret
631 1386 777 1441 custodes.
788 1384 936 1458 Arcbiepi·
989 1389 1078 1442 tatem
1098 1387 1190 1444 venit:
1202 1387 1241 1442 ibi
1254 1385 1386 1443 Natalem
1399 1386 1513 1443 Domini
1530 1384 1694 1450 celebravit,
1712 1385 1816 1443 inobo-

110 1491 217 1547 sccpos
229 1474 354 1530 adducto
365 1472 422 1529 sibi
433 1489 508 1545 equo
518 1474 671 1546 aquodam
681 1472 766 1547 fugit,
777 1479 806 1530 et
816 1472 935 1530 veniens
988 1480 1056 1532 ante
1068 1493 1145 1534 auno
1161 1476 1318 1533 flaminicae
1329 1474 1538 1531 incarnationis
1547 1475 1629 1530 1038.
1644 1473 1675 1530 ln
1692 1473 1816 1547 ipasdis
1873 1494 1876 1499 ·

109 1562 315 1630 Mediolanum,
333 1560 425 1618 asuis
439 1577 507 1620 cum
522 1578 629 1635 magno
648 1563 756 1635 gaudio
779 1566 935 1635 susceptus
989 1563 1155 1621 Nativitatis
1170 1564 1286 1621 Domini
1302 1564 1379 1621 inter
1398 1562 1574 1621 Teutonicos
1597 1567 1633 1619 et'
1648 1561 1724 1620 cives
1744 1564 1815 1619 Par-

110 1656 163 1709 cst.
180 1650 290 1708 Deinde
305 1649 448 1723 quidquid
463 1652 576 1729 poterat
587 1648 682 1706 moliri
695 1655 795 1707 contra
810 1651 935 1724 impera·
950 1694 975 1761 B
989 1669 1105 1709 menses
1122 1669 1229 1727 magna
1257 1653 1364 1710 seditio
1379 1656 1444 1710 orta
1470 1656 1525 1720 est,
1542 1655 1571 1708 et
1595 1650 1716 1724 quidam
1741 1651 1817 1709 beas

111 1745 217 1808 torem,
233 1756 291 1795 uon
302 1739 498 1812 pretermisit.
513 1738 673 1812 Imperator
683 1756 806 1813 queque
817 1738 936 1798 castella
988 1739 1815 1812 valeustlbueuradusinfartorciborumimperatoriscum
1847 1742 1852 1756 ¹

112 1827 167 1886 sibi
185 1828 309 1885 adversa
335 1827 489 1895 destruxit,
518 1831 547 1882 et
575 1827 691 1900 iniquas
720 1828 936 1900 conjurationes
989 1830 1303 1887 aliisinterfectusest.
1320 1826 1815 1902 Undecommotusesercitusgla·

112 1915 306 1988 ltaliae,jueta
330 1913 393 1988 iege
422 1915 552 1983 reducta,
579 1915 746 1983 exinanivit,
773 1917 936 1974 eti-eniens
990 1918 1047 1977 diis
1061 1924 1090 1975 et
1105 1919 1172 1991 igne
1196 1918 1273 1975 cives
1302 1917 1481 1993 aggreditur,
1508 1921 1537 1972 et
1565 1916 1724 1989 imperator
1749 1920 1817 1989 post

112 2007 278 2062 Ravennam
295 2008 430 2060 sanctum
453 2003 565 2060 Pascha
579 2004 619 2060 ibi
645 2005 810 2061 celebravit.
827 2006 935 2063 Eodem
990 2008 1158 2064 incendium
1175 2023 1313 2080 magnam
1327 2011 1440 2080 partem
1451 2020 1603 2062 murorum
1619 2003 1730 2061 destrui
1742 2020 1815 2077 prae·

112 2111 189 2152 anno
204 2093 234 2150 in
250 2093 333 2149 ltalia
360 2097 419 2149 tres
441 2092 569 2166 episcopi
597 2092 800 2161 vercellensis,
816 2095 935 2151 Cremo·
989 2097 1224 2169 cepit,uteorum
1234 2099 1494 2168 presumptionem
1513 2111 1571 2149 nou
1588 2091 1815 2169 fuisseinuttam

112 2183 225 2251 nensis,
254 2181 441 2238 Placentinus
470 2181 546 2253 apud
577 2181 784 2254 imperatorem
807 2183 935 2240 accusati
991 2184 1052 2241 baec
1067 2184 1153 2240 ruina
1166 2182 1232 2240 aliis
1247 2182 1414 2239 civitatibus
1429 2181 1580 2237 indicaret.
1597 2181 1706 2238 Deinde
1719 2179 1816 2253 impa-
1843 2222 1847 2227 .

111 2275 200 2340 suat;
217 2286 291 2343 quos
306 2270 345 2325 im
349 2274 466 2342 perator
480 2270 707 2351 comprehensos
721 2272 846 2329 exsulari
858 2272 934 2329 lecit.
990 2278 1070 2330 rator
1081 2273 1293 2330 transcendens
1305 2272 1491 2344 Apenninum
1503 2268 1816 2342 montem,inApuliam

111 2362 178 2428 oue
194 2376 241 2416 res
253 2357 405 2431 displicuit
420 2356 533 2427 multis,
548 2359 714 2415 sacerdotes
741 2359 848 2416 Christi
873 2360 936 2417 sine
989 2363 1137 2419 tendebat.
1155 2360 1326 2433 imperatrix
1340 2377 1408 2416 vero
1424 2359 1558 2430 Romam,
1584 2357 1688 2415 eraudi
1709 2357 1814 2432 gratia,

105 2448 221 2522 judicio
236 2446 380 2503 damnari.
398 2445 574 2502 Referebant
588 2446 673 2503 nobis
692 2447 812 2520 quidam
835 2447 936 2521 piissi·
989 2452 1080 2519 venit,
1096 2450 1213 2506 indeed
1239 2449 1445 2522 imperatorem
1470 2448 1633 2504 revertitur.
1652 2447 1818 2521 Imperator

110 2554 193 2594 mum
204 2541 337 2593 nostrum
349 2535 507 2591 Hearicum
517 2551 625 2608 regem,
636 2535 730 2592 filium
739 2537 936 2610 imperatoris,
990 2542 1027 2598 ad
1041 2540 1183 2596 terminos
1200 2538 1315 2612 imperii
1330 2538 1376 2595 sui
1391 2535 1574 2610 perveniens,
1587 2535 1715 2602 Troiam,
1727 2535 1816 2593 Bene·

111 2624 191 2684 salvs
206 2622 367 2682 reverentia
378 2623 481 2698 patris,
493 2622 567 2679 clam
580 2625 719 2682 detestari
730 2627 936 2699 praesumptio·
989 2633 1159 2694 ventarum,
1176 2631 1204 2684 et
1218 2632 1359 2700 Capuam,
1384 2624 1516 2697 aliasque
1530 2623 1662 2681 civitates
1690 2623 1813 2697 Apulia,

113 2730 181 2772 nem
195 2713 318 2771 (laseris
340 2712 370 2770 ia
400 2712 653 2785 archiepiscopum
677 2714 937 2783 Mediolanensem,
990 2712 1620 2789 tegeetjustitiastobilivit;dissentiones,
1640 2728 1704 2784 que
1730 2714 1816 2769 crant

113 2801 247 2876 atqueiu
273 2801 347 2858 istos
373 2805 455 2857 tres:
488 2801 643 2867 etmarito,
671 2802 740 2874 quia
765 2802 843 2859 sicut
871 2807 938 2876 past
991 2808 1067 2862 inter
1095 2805 1279 2861 Normannos
1308 2806 1460 2859 extraneos
1487 2806 1517 2857 et
1553 2799 1718 2874 indigenas,
1753 2799 1817 2857 sola

110 2889 283 2966 judicialem
299 2891 474 2946 sententiam
497 2889 689 2963 depositionis
718 2890 818 2948 nuilus
844 2891 938 2949 honor
987 2894 1122 2967 jussione
1134 2893 1246 2950 sedavit
1262 2909 1269 2948 ε
1285 2891 1437 2949 etcuuotis
1452 2889 1665 2946 offensionibus
1676 2890 1711 2946 de
1726 2905 1816 2963 reguo

114 2978 295 3038 exhidendus
305 2977 409 3046 est,sic
420 2981 487 3034 ante
496 2977 641 3049 judicium
656 2995 762 3045 magna
777 2979 937 3036 reverentia
991 2983 1128 3051 sublatis,
1145 2981 1269 3038 feliciter
1281 2997 1424 3048 reversus,
1440 2979 1582 3034 Viennam
1594 2977 1683 3034 venit.
1700 2978 1742 3034 lbi
1758 2976 1817 3035 dis·

114 3068 315 3126 sacerdotibus
327 3067 458 3122 debetur.
475 3066 583 3123 Eodem
599 3084 675 3122 anno
691 3068 828 3139 profatus
839 3086 937 3126 comas
952 3056 975 3127 G
990 3072 1093 3146 positis
1108 3069 1311 3128 obsidionibus
1326 3074 1355 3125 et
1376 3067 1493 3124 insidiis
1514 3069 1654 3124 adversus
1678 3065 1817 3124 Medieta-

114 3157 176 3215 Dde
190 3157 226 3214 de
242 3154 363 3213 Francia
377 3155 407 3211 in
423 3171 511 3229 regno
523 3154 709 3228 imperatoris
725 3158 859 3229 quadam
874 3157 938 3215 ioca
992 3178 1108 3231 nenses,
1120 3160 1170 3234 qui
1186 3159 1282 3216 adbuc
1299 3158 1356 3215 sibi
1367 3156 1489 3213 rebelles
1504 3156 1630 3225 fucrant,
1644 3154 1816 3228 caterisque

114 3246 256 3305 invadens
271 3262 287 3300 a
302 3244 443 3302 Gozalena
472 3245 544 3301 dirce
561 3244 806 3319 Lethariagorum
823 3251 852 3302 ct
878 3245 937 3303 atio
992 3252 1080 3307 rebus
1096 3250 1132 3305 ad
1145 3248 1323 3305 voluntatem
1340 3263 1424 3302 suam
1441 3261 1627 3319 perregnum
1643 3243 1816 3317 conpositis,

115 3352 170 3393 suo
184 3332 543 3402 Godsfrido,etGerbardo
558 3334 664 3390 comite
685 3338 773 3407 atque
801 3334 939 3391 amititia
991 3339 1116 3413 patriam
1141 3337 1281 3395 resiscere
1308 3335 1445 3391 decrevit.
1470 3335 1510 3391 Eo
1539 3338 1671 3407 tempore
1698 3335 1818 3407 propter

87 3423 243 3499 ¹episcopi
271 3421 420 3491 Metensis,
453 3439 553 3496 pugna
587 3423 747 3479 commissa
780 3441 847 3480 cum
876 3423 936 3493 illo,
993 3428 1118 3485 nimium
1134 3426 1260 3483 calorem
1276 3421 1817 3497 nimiacontagiopestilentiaexerci·

113 3512 251 3586 fugiendo
266 3510 436 3568 interfectus
451 3515 504 3578 est,
521 3510 698 3568 ctrexillum
714 3512 937 3583 ejuscaesariin
992 3521 1055 3573 turn
1085 3515 1215 3573 invasit:
1243 3529 1338 3586 neque
1371 3513 1518 3581 statibus,
1556 3527 1651 3584 neque
1682 3511 1818 3584 personis

114 3598 708 3673 italiamallatum,bosteminteremptum
722 3600 937 3659 testabaturftc
992 3604 1129 3679 pepercit.
1143 3603 1186 3660 lbi
1208 3603 1311 3677 regina
1335 3600 1539 3666 Chunalindis,
1555 3601 1664 3672 coqjux
1690 3598 1815 3657 Heinrici

113 3692 246 3762 tempore
261 3688 420 3761 imperatur
434 3688 665 3745 Mediolanenses
677 3689 802 3745 nimium
814 3690 935 3747 afflixit:
991 3694 1079 3768 regis,
1093 3711 1131 3750 xv
1145 3691 1268 3748 Kalend.
1279 3690 1416 3763 Augusti,
1427 3689 1513 3763 quasi
1528 3689 1558 3746 in
1567 3688 1671 3747 limine
1684 3690 1758 3757 vito,
1776 3688 1818 3746 iu·

113 3783 143 3835 st
156 3777 298 3853 quoniam
312 3777 417 3833 urbem
432 3777 553 3851 antiquo
568 3793 654 3850 opere
669 3782 698 3834 et
712 3778 841 3835 maxima
859 3778 937 3836 mal·
990 3798 1095 3855 gressu
1110 3779 1224 3848 mortis,
1240 3779 1387 3847 occubuit,
1413 3778 1584 3850 relinquens
1613 3778 1817 3835 tautummodo

113 3867 241 3925 titudine
254 3865 409 3933 munitam,
426 3860 528 3938 capere
544 3883 601 3923 non
611 3870 734 3939 peterat.
750 3867 828 3940 quod
844 3867 874 3922 iu
885 3868 939 3924 cir·
991 3869 1084 3926 solam
1100 3867 1221 3925 filiolam
1237 3868 1273 3923 de
1289 3883 1365 3940 rege,
1382 3884 1471 3941 quarn
1486 3870 1589 3938 postea
1603 3871 1687 3939 pater
1701 3866 1817 3923 Christe

81 3985 85 3992 ‚
113 3957 195 4014 cuitu
211 3956 316 4022 fuerat,
331 3953 398 4029 igue
413 3961 443 4011 et
456 3953 554 4028 gladic
569 3954 762 4028 consumpsit.
991 3959 1174 4031 desponsans
1189 3957 1219 4011 in
1235 3954 1415 4012 abbatissam
1442 3953 1605 4012 consecrari
1631 3953 1709 4015 fecit.
1726 3954 1816 4011 filius

140 4061 177 4102 cs
195 4060 342 4101 araneoso
361 4060 439 4106 ouon
459 4060 573 4101 accrum
591 4061 621 4100 ns
637 4061 687 4101 ms
705 4061 908 4119 rammasses.
991 4044 1185 4121 imperatricis
1195 4044 1380 4100 Hermaunus
1390 4044 1450 4100 dux
1457 4041 1816 4114 Alemanuorumtuvsnis

143 4133 250 4190 bodam
261 4136 390 4207 tempore
401 4148 469 4188 cum
479 4132 639 4205 imperator
648 4132 799 4205 quoddam
807 4136 936 4189 castrum
990 4134 1073 4191 bcnn
1086 4133 1204 4201 indolis,
1228 4137 1257 4189 et
1269 4131 1300 4188 in
1316 4131 1404 4190 rebus
1416 4129 1530 4189 bellicis
1547 4132 1695 4197 strenuus,
1712 4129 1816 4187 eadem

114 4219 207 4278 sancti
222 4220 379 4290 Ambrosii,
397 4221 474 4293 quod
490 4221 642 4278 Curbitum
655 4222 774 4290 dicitur,
784 4223 869 4294 juxta
880 4222 937 4278 Me
990 4227 1072 4297 peste
1087 4226 1236 4297 gravatus,
1252 4222 1328 4278 inter
1343 4237 1450 4277 manus
1465 4218 1713 4293 peritissimorum
1723 4217 1818 4274 medi·

113 4307 266 4366 dictarum
281 4307 439 4379 obsideret,
456 4308 562 4365 accidit
580 4309 620 4364 ibi
650 4310 728 4381 quod
757 4309 855 4382 plures
884 4327 936 4384 pro
992 4329 1092 4369 eorum
1109 4310 1264 4367 vKalend.
1278 4309 1414 4383 Augusti,
1432 4324 1490 4365 non
1505 4306 1568 4365 sine
1583 4322 1690 4380 magau
1700 4306 1816 4380 imperii

114 4395 934 4467 miraculobabueruntiuDominicasanctaPentecostes,
951 4422 975 4488 Ι)
991 4402 1175 4469 detrimento,
1193 4399 1275 4456 abiit.
1291 4399 1400 4454 Eodem
1429 4413 1530 4454 mense
1557 4399 1646 4469 atque
1670 4395 1814 4468 sequenti,

112 4484 935 4559 antsboramtertiam,demsgnaserenitatecmlisubito
990 4482 1814 4558 maximamultitodcexercitus,mcrbocontacta,periit.

113 4571 314 4630 fulminacum
324 4573 462 4630 tonitruis
473 4578 633 4647 eruperunt
642 4579 729 4631 tantae
741 4575 933 4646 fortitudinis,
989 4578 1100 4651 Corpus
1113 4577 1220 4651 regina
1235 4581 1368 4633 tenerum
1385 4579 1415 4632 et
1440 4573 1608 4643 delicatum,
1633 4572 1815 4630 aromatibus

113 4665 145 4717 ut
159 4661 254 4719 multa
269 4679 337 4735 pars
363 4661 518 4718 hominum
540 4667 570 4719 ct
597 4679 741 4736 equorum
768 4663 876 4737 periret
903 4665 935 4721 in
989 4667 1152 4735 conditum,
1169 4683 1236 4721 curn
1249 4680 1316 4739 rege
1330 4669 1359 4721 et
1370 4662 1555 4737 imperatrice
1567 4662 1690 4718 ductum
1700 4661 1736 4717 ad
1746 4664 1817 4717 Ger·

112 4748 217 4807 castris
233 4768 240 4806 ε
257 4750 379 4823 quidam
394 4768 453 4824 prs
479 4754 562 4808 tanto
589 4755 700 4808 terrore
728 4751 759 4808 in
782 4767 935 4810 excessum
989 4755 1130 4826 maniam,
1144 4755 1175 4809 in
1202 4754 1395 4827 prepositura
1416 4752 1549 4824 butburg
1579 4747 1730 4821 sepultum
1758 4752 1813 4806 est.

112 4838 221 4896 mentis
232 4842 384 4909 venerunt,
400 4839 440 4895 ita
451 4844 484 4895 ut
493 4845 560 4912 post
569 4840 681 4912 aliquot
691 4856 807 4898 menses
818 4842 865 4897 vix
876 4840 935 4899 illis
989 4845 1030 4901 De
1044 4846 1117 4901 duce
1132 4848 1276 4900 statutum
1293 4843 1396 4911 fuerat,
1412 4845 1446 4897 ut
1461 4840 1490 4897 in
1514 4837 1716 4895 Constantiam
1742 4837 1814 4894 civi·

111 4943 217 4984 sensus
227 4926 356 4984 redierit.
371 4927 529 4984 Venientes
542 4929 651 4996 autem
667 4930 718 5002 qui
745 4934 824 4986 extra
839 4935 935 4987 castra
988 4937 1079 4991 tatem
1094 4931 1271 4989 Alamanniae
1286 4932 1452 4997 doceretur,
1468 4928 1519 4985 sed
1536 4925 1631 4983 calere
1651 4923 1743 4983 nimio
1762 4926 1814 4982 eb-

111 5015 236 5085 fuerant,
253 5016 434 5087 necridisse,
450 5017 634 5074 ascendisse
657 5018 769 5092 aliquid
784 5018 842 5075 tale
857 5020 934 5076 dice·
989 5025 1084 5078 stante
1096 5021 1126 5078 in
1142 5019 1311 5077 Tridentino
1327 5017 1479 5092 sepelitur.

110 5104 192 5160 bint-
207 5104 247 5160 ΕΟ
261 5106 393 5177 ῑθΠΨΟΓθ
408 5105 863 5180 ῖωΡθΐΕῑῡΗΡθΜθΡῗθῦθΡᾶῑῦω
876 5109 934 5165 ΜΘ·
990 5145 1066 5192 oona
1086 5144 1248 5184 rnrraaaroa
1267 5142 1340 5182 ramo
1360 5140 1415 5181 sue
1434 5138 1500 5179 naor
1528 5138 1722 5179 soaoonmnss
1745 5139 1814 5179 aaa·

110 5191 934 5268 dielaasnsemAmbrosioMediolanensicanoniccdedit,
1355 5211 1441 5251 amir.

110 5279 233 5338 licetilli
249 5280 306 5338 ista
320 5282 439 5339 donatio
454 5300 558 5356 parum
577 5284 744 5357 profuisset.
760 5285 833 5341 Nam
858 5285 935 5342 cives
1026 5288 1131 5345 Modern
1158 5303 1235 5343 auno
1258 5283 1424 5358 Stephanus
1448 5298 1498 5339 rex
1526 5281 1708 5356 Ungnrnrum
1730 5280 1814 5350 obiit,

111 5368 353 5440 Mediolanenses,
365 5371 507 5445 quidpuid
519 5372 707 5430 babuitidem
720 5373 893 5431 Ambrosius
904 5375 933 5433 ia
989 5375 1159 5449 relinquens
1169 5390 1291 5448 regnum
1301 5374 1384 5430 Petm
1395 5370 1455 5428 filio
1465 5371 1575 5430 sororis
1585 5387 1655 5429 sua.
1668 5371 1814 5427 Reversus

109 5453 401 5525 iltorom'territorio,
418 5459 662 5532 demoliebantur,
674 5466 703 5518 et
726 5480 815 5520 suum
839 5464 935 5521 archi·
992 5465 1151 5538 imperator
1180 5463 1210 5519 in
1239 5461 1414 5535 bojoariam,
1441 5464 1630 5536 egrotantem
1656 5456 1813 5517 exercitum
