3900 6098
613 320 646 383 S.
669 319 871 385 BRUNONlS
892 318 1203 387 seoomeueusts
1224 321 1416 386 ootsoool.
1813 312 1875 380 181

158 464 189 522 11
205 530 211 534 ,
228 463 287 521 Noe
298 463 337 519 rit
350 460 394 517 itti
404 456 517 533 adjutor
532 476 542 512 .·
1002 454 1029 525 A
1044 458 1093 512 tur
1108 473 1114 514 :
1133 460 1167 514 ut
1180 456 1327 530 Stephano
1342 460 1372 514 et
1387 454 1474 513 Paulo
1488 458 1518 512 et
1532 452 1596 512 eliis
1609 468 1687 527 quos
1698 448 1795 509 Jueei
1810 466 1873 525 per·

179 534 182 539 ’
227 554 280 611 Nee
292 552 328 608 sit
341 551 389 624 qui
402 549 571 605 miserentur
583 544 699 617 popillia
713 544 781 616 ejus.
1040 547 1132 603 secuti
1148 550 1218 603 sunt
1232 547 1262 602 io
1276 546 1401 603 Christo.

193 642 293 700 HNon
309 640 347 696 sit
360 638 401 695 illi
417 638 548 709 adjutor.
566 633 618 690 Illo
633 630 880 706 temporehabuit
894 648 987 705 popu·
1040 636 1075 691 16
1110 634 1683 705 Etetilceitmeledictionem,eteenietei
1697 649 1705 688 :

157 731 380 790 lus-iudeorum
391 722 756 798 adjutorem,quandoiuit
766 721 795 777 in
808 720 987 795 Babylonica
1110 726 1141 781 Et
1156 726 1247 781 notuit
1258 724 1484 792 benedictionem,
1498 732 1525 781 et
1539 721 1719 793 eleeeebitur
1732 720 1769 777 ob
1781 736 1823 778 eo.

157 819 320 895 captivitate
335 814 524 891 septuaginta
539 810 636 879 annis,
648 810 753 867 habuit
768 810 847 866 enim
858 809 899 867 ibi
915 811 986 866 Eze-
1076 814 1095 869 C
1112 814 1214 869 Adbuc
1230 815 1266 870 de
1282 814 1393 887 portido
1411 812 1516 886 populo
1532 811 1617 869 dicit:
1627 809 1876 885 quiadilexitma·

157 904 230 967 olrici
246 912 275 965 et
288 902 389 963 Daniel
403 903 616 979 prophetas:et
631 901 765 974 quamvis
776 904 847 955 tune
858 899 987 956 colerent
1040 901 1234 971 ledictionem‚
1251 903 1370 975 quando
1390 902 1430 958 ait
1441 921 1448 958 :
1460 902 1585 975 Sanguis
1601 902 1668 973 ejus
1683 903 1874 974 supernosct

156 996 243 1065 idola,
260 1001 473 1054 tameneorum
489 990 985 1049 Deusmiserebatur.Nuvieautcm
1041 1007 1129 1064 super
1155 991 1229 1047 filios
1259 996 1378 1047 nostros
1395 990 1498 1063 (ovorio.
1514 992 1613 1059 xmae).
1628 986 1733 1045 Noluit
1756 987 1873 1045 benedi·

157 1084 361 1161 quadringenti
377 1083 447 1141 anni
462 1085 534 1139 sunt
550 1079 688 1136 aChristi
710 1078 866 1147 occisione,
883 1082 912 1134 et
927 1096 986 1134 non
1041 1079 1167 1136 ctionem
1184 1098 1191 1135 :
1208 1081 1327 1152 quaudo
1343 1081 1379 1136 ab
1400 1078 1564 1136 illuminato
1590 1077 1705 1135 dietum
1734 1080 1787 1133 est·
1804 1076 1870 1148 illis,

158 1172 257 1247 colunt
271 1174 368 1232 idola:
386 1189 477 1248 quare
501 1169 658 1241 dereliquit
681 1185 732 1224 eos
747 1167 901 1235 Dominus,
918 1166 987 1240 quia
1040 1169 1181 1241 Nunquid
1193 1174 1221 1226 et
1233 1186 1283 1226 vos
1295 1169 1385 1226 vultis
1396 1167 1531 1243 discipuli
1541 1169 1606 1240 ejus
1616 1167 1680 1223 fieri
1692 1169 1707 1222 t
1717 1170 1872 1237 (teron.)

158 1248 308 1324 Christum
323 1263 502 1328 occiderunt,
520 1262 549 1316 et
563 1258 628 1314 ideo
653 1273 710 1312 uon
735 1258 780 1312 est
800 1256 842 1311 eis
858 1255 985 1327 adjutor.
1040 1257 1124 1313 Atilii
1139 1258 1233 1331 (quasi
1246 1259 1300 1315 sub
1321 1258 1476 1314 maledicto
1491 1257 1632 1314 acerrimo
1649 1255 1813 1329 provocati)
1828 1256 1871 1313 di-

159 1356 180 1414 G
195 1350 298 1428 l’upilli
313 1370 380 1410 vero
395 1351 465 1407 dicti
481 1353 551 1406 sunt
566 1346 650 1420 quasi
666 1344 833 1419 pusilli‚qui
846 1343 987 1419 parvitate
1041 1346 1156 1416 cebant,
1169 1348 1212 1401 Tu
1223 1348 1264 1403 sis
1275 1346 1691 1419 discipulusejusmosautem
1704 1344 1871 1418 Mopsiouo

160 1438 255 1500 etatis
270 1442 306 1499 ml
322 1457 354 1497 so
368 1440 511 1514 regendos
527 1437 689 1511 probantur
704 1434 825 1490 infirmi.
1041 1435 1130 1501 dicte,
1142 1435 1314 1509 prolongata
1328 1440 1373 1492 est
1388 1436 1424 1492 ab
1440 1436 1483 1492 eis
1498 1434 1674 1503 laeuedietio,
1684 1433 1871 1507 quaudoillis

162 1532 201 1589 12·
232 1530 313 1588 Fient
327 1531 388 1586 noti
403 1528 461 1601 ejus
474 1528 503 1583 io
520 1528 664 1583 interitum
680 1544 689 1579 :
1042 1523 1189 1580 derelictis
1204 1525 1282 1580 venit
1298 1525 1334 1580 ad
1349 1524 1481 1598 gentium
1498 1525 1595 1580 tidem.

232 1624 265 1678 ie
281 1620 456 1691 promotione
471 1632 527 1672 ooo
540 1615 665 1672 detectae
678 1630 776 1669 nomen
791 1614 857 1686 eirea.
1044 1614 1077 1668 17
1114 1615 1146 1668 Et
1160 1614 1251 1669 iodm't
1266 1613 1485 1671 enotedietiooem
1499 1615 1569 1669 aicae
1583 1615 1778 1669 uestimentum
1794 1631 1802 1670 :

153 326 215 394 108

198 1710 221 1766 11
237 1710 259 1768 0
274 1708 467 1782 prophetiae
483 1708 701 1762 sacramentum
718 1701 887 1775 prophetie!
899 1700 929 1756 in
941 1717 989 1774 go·

78 1832 86 1841 ·
164 1800 312 1857 nerationc
322 1815 381 1853 una
390 1797 523 1871 deleatur
532 1810 638 1850 nomen
649 1792 818 1849 Judaeorum
829 1809 835 1847 :
848 1794 913 1863 post
924 1807 988 1864 pas·

163 1890 275 1946 sionem
295 1884 410 1943 Domini
427 1882 623 1958 quadraginta
637 1882 695 1939 duo
711 1879 782 1937 unni
797 1879 987 1948 transierunt,

162 1981 192 2037 et
204 1978 329 2053 populus
344 1974 393 2031 ille
409 1972 524 2031 deletus
539 1976 595 2038 est,
612 1987 644 2027 ac
658 1968 859 2043 Hierosolyma
874 1969 987 2025 dostru-

164 2070 210 2125 ota
225 2071 285 2123 est:
294 2064 344 2121 sed
356 2063 385 2120 in
399 2060 455 2120 boe
465 2061 623 2118 elementia
640 2060 687 2118 Dei
701 2064 774 2127 erat,
787 2058 989 2131 quiaquadra·

163 2157 246 2231 ginta
260 2155 335 2209 duos
350 2168 443 2208 annos
456 2149 536 2207 dedit
550 2149 593 2206 eis
609 2150 644 2206 nd
660 2148 872 2221 poenitendum,
890 2150 990 2220 postea

1148 1709 1174 1759 et
1191 1705 1307 1759 introiet
1319 1704 1391 1760 sicet
1405 1719 1478 1775 oque
1493 1705 1524 1759 io
1539 1703 1673 1760 irotcrioro
1684 1703 1757 1775 ejus.

1113 1794 1146 1847 Et
1159 1794 1231 1848 aieret
1244 1794 1334 1849 eterno
1350 1794 1380 1847 ia
1394 1793 1501 1849 essitas
1515 1792 1584 1864 ejus.

1078 1882 1099 1937 C
1114 1882 1211 1938 lmluit
1225 1899 1256 1937 se
1271 1881 1428 1955 praedictus
1441 1881 1567 1954 populus
1578 1880 1789 1939 maledictione
1799 1882 1875 1939 sicut

1042 1971 1232 2028 vestimento:
1245 1972 1373 2045 eluendo,
1390 1970 1549 2043 instigante
1563 1969 1874 2037 diabolo,eonseneun

1044 2060 1218 2132 prebuit,ut
1228 2060 1383 2116 Dominum
1400 2060 1502 2116 Pontio
1514 2058 1605 2115 Pilato
1617 2059 1738 2117 tradere
1752 2058 1874 2117 maluis-

1044 2152 1098 2204 set.
1116 2148 1157 2204 lbi
1172 2148 1250 2204 euim
1267 2148 1390 2205 indutus
1412 2153 1457 2204 est
1483 2147 1566 2221 quasi
1591 2164 1681 2204 onere
1695 2150 1791 2206 restis
1806 2148 1875 2205 :ubi

165 2243 264 2302 nullus
280 2238 421 2298 remansit
434 2256 469 2296 ex
483 2238 526 2295 eis
540 2237 572 2293 in
587 2237 638 2294 illa
653 2236 780 2309 regione.

164 2332 200 2390 13
236 2330 266 2387 te
292 2328 454 2386 memorium
479 2328 571 2384 redeat
595 2329 727 2400 iniquitas
752 2334 866 2399 potrum
887 2325 945 2397 eins
960 2326 989 2380 in

272 2425 412 2492 conspectu
425 2418 537 2475 Domini
548 2436 557 2472 :

1044 2237 1093 2293 tali
1110 2237 1258 2294 voluntate
1274 2254 1304 2295 se
1320 2237 1448 2294 involvit.
1467 2237 1588 2293 Intravit
1611 2254 1680 2293 vero
1705 2238 1786 2294 sieut
1800 2254 1875 2311 aqua

1045 2325 1224 2383 maledictio:
1237 2328 1355 2400 equando
1366 2325 1537 2383 deliberavit
1547 2326 1875 2400 tacere,quod-eittaarat

1044 2414 1234 2488 iniquissima
1249 2415 1441 2489 inspiratione
1459 2418 1642 2489 suggestum,
1659 2416 1784 2488 quaudo
1798 2415 1874 2473 euim

236 2512 269 2566 Et
283 2517 423 2582 peceatum
435 2507 532 2563 enutris
547 2506 607 2577 eiua
620 2522 675 2561 noo
689 2504 821 2561 detentor.
1044 2520 1121 2576 aqua
1131 2504 1291 2562 visceribus
1302 2503 1877 2579 infirmisrecipitur,semperiugreditur
1909 2522 1914 2529 ·

202 2599 331 2656 llJudas
355 2595 547 2661 maledicitur,
564 2598 597 2651 ut
612 2594 641 2649 in
655 2594 733 2651 tuda
748 2592 840 2649 Judei
865 2590 989 2648 maledi·
1044 2594 1080 2649 nd
1097 2595 1272 2651 nocendum.
1290 2594 1391 2652 Oleum
1416 2594 1462 2650 hic
1482 2593 1630 2668 significat
1649 2594 1876 2653 detentationem

166 2691 281 2745 eantur.
291 2682 587 2742 PeccaveruntJudaei
604 2682 631 2738 in
644 2683 769 2749 deserto,
782 2682 833 2738 sed
844 2680 921 2737 Deus
931 2680 990 2737 illis
1045 2682 1182 2738 facinoris
1199 2700 1205 2738 :
1223 2683 1300 2739 unde
1314 2689 1343 2739 et
1358 2682 1442 2739 tertio
1462 2683 1578 2739 influxit
1602 2682 1750 2756 iniquitas
1764 2684 1796 2741 in
1811 2700 1877 2743 ossa

166 2771 289 2844 dimisit,
305 2790 383 2832 nuno
399 2775 584 2847 precatur,ut
595 2771 653 2828 illis
670 2771 909 2844 reputeturquod
920 2773 990 2825 tunc
1044 2775 1078 2826 ut
1093 2771 1189 2828 oleum
1204 2774 1321 2845 quaudo
1336 2772 1473 2829 ellectum
1489 2772 1529 2829 rei
1542 2772 1677 2829 inaudita
1688 2774 1876 2848 perversitate

166 2860 335 2941 peccarunt,
352 2867 493 2935 tanquam
509 2878 616 2918 novum
632 2860 738 2929 scelus,
751 2860 781 2915 in
797 2859 990 2916 interitum.C
1045 2861 1210 2934 complevit,
1227 2867 1260 2918 ut
1278 2863 1342 2934 jam
1366 2879 1424 2918 noo
1441 2862 1470 2917 in
1487 2860 1626 2918 interiora
1641 2861 1746 2919 solum
1768 2861 1877 2931 cornis,

165 2954 320 3013 Peccatum
336 2949 439 3009 matris
457 2968 464 3009 :
479 2954 523 3007 est
538 2954 607 3006 uota
632 2949 805 3023 protervitas
826 2965 988 3023 synagoge,
1045 2950 1095 3005 sed
1112 2950 1200 3005 etiam
1215 2952 1327 3007 ossium
1343 2950 1463 3008 venerit.

166 3061 230 3119 que
246 3024 403 3117 propbetas
419 3038 525 3096 oceidit
541 3057 548 3095 ε
565 3043 593 3096 et
619 3056 653 3094 ex
682 3037 732 3094 illa
760 3042 840 3112 purte
864 3037 991 3111 genitrix
1046 3040 1079 3095 18
1116 3042 1214 3097 Fiotci
1226 3042 1298 3097 aiem
1312 3043 1566 3114 vestimentumque
1580 3041 1732 3113 operitur:

166 3129 323 3207 proditoris
337 3130 415 3188 diota
428 3134 483 3198 est,
499 3129 569 3202 quia
592 3127 793 3185 innocentium
815 3126 989 3199 sanguinem
1116 3130 1149 3186 bt
1161 3131 1232 3186 sicot
1247 3147 1316 3187 cono
1330 3147 1385 3203 qoo
1397 3147 1503 3203 seraper
1514 3131 1712 3202 prineiopitur.

59 3294 62 3299 Ι
165 3212 258 3289 ludit:
271 3237 329 3277 nou
340 3215 435 3276 exilia
445 3220 527 3291 perte
537 3220 601 3291 ejus
612 3221 706 3274 muter
717 3216 834 3282 dicitur,
846 3214 989 3289 quavlros
1005 3200 1027 3270 G
1081 3216 1101 3272 C
1116 3218 1211 3291 Supra
1227 3219 1299 3275 dixit
1314 3218 1418 3285 induit,
1430 3220 1508 3292 quod
1525 3218 1651 3292 pertinet
1668 3220 1706 3276 ad
1723 3220 1877 3277 tunicam:

167 3313 285 3369 sanctos
300 3307 729 3381 pretulit,sedqua(utdictum
745 3306 799 3377 est)
816 3304 989 3379 sauguinem
1045 3322 1123 3362 nunc
1139 3307 1209 3363 dicit
1224 3309 1363 3381 operitur,
1380 3309 1458 3380 quod
1473 3307 1586 3365 videtur
1602 3307 1693 3382 pallio
1709 3309 1877 3367 convenire.

111 3430 123 3453 .
166 3396 257 3453 rudit:
268 3396 298 3451 in
309 3399 459 3468 quaparte
473 3412 536 3451 eam
552 3395 642 3450 ludes
658 3399 690 3450 ut
704 3393 923 3450 filiusimitatus
934 3396 988 3450 est.
1045 3395 1199 3453 Geminata
1222 3399 1301 3454 enim
1324 3398 1413 3454 vestis
1437 3396 1584 3471 siguificat
1602 3415 1693 3454 onera
1709 3398 1878 3473 ingentium

170 3486 203 3542 11
239 3488 324 3542 Ferret
337 3492 431 3541 contro
445 3485 591 3540 Dominum
614 3499 727 3555 soorperz
744 3484 776 3538 t't
798 3484 932 3556 dispereat
958 3482 991 3538 dc
1044 3487 1283 3556 peecatorumllt
1294 3487 1520 3560 sicutzonaqua
1534 3503 1650 3559 semper
1665 3486 1877 3562 praelegitur:

272 3579 349 3630 terro
363 3574 495 3629 memorio
509 3588 603 3628 eorem
617 3588 624 3628 :
1044 3589 1103 3645 qua
1114 3573 1307 3633 similitudine
1318 3574 1578 3648 dieit,siopeccatis
1588 3574 1878 3647 illigantibusiuisso

236 3671 292 3721 Pro
306 3678 337 3719 eo
352 3661 423 3735 qood
436 3676 490 3717 ocri
513 3669 552 3716 est
578 3660 732 3716 recordatos
759 3662 849 3730 secere
877 3661 988 3716 miseri-
1043 3660 1136 3719 iatum
1149 3663 1288 3736 poputum
1301 3664 1698 3736 constrictum,utnunquam
1709 3683 1729 3722 a
1740 3665 1877 3723 suisone-

271 3751 401 3808 cerdicio.
1044 3749 1126 3807 ribus
1135 3751 1342 3810 obstinationis
1350 3752 1474 3826 perfidia
1484 3758 1619 3825 gravatus
1631 3758 1805 3811 exueretur.
1813 3752 1877 3811 tete

198 3841 219 3898 C
234 3839 321 3898 Fiunt
330 3855 398 3913 ergo
410 3843 577 3912 peccatores
587 3840 688 3893 contra
698 3837 986 3910 Dominumsomper,
1043 3843 1137 3895 vestes
1152 3845 1231 3907 sunt,
1248 3858 1311 3912 quen
1327 3841 1528 3913 peccatoribus
1553 3841 1656 3898 ardeae
1671 3841 1802 3910 iaciunt,
1819 3858 1877 3900 non

162 3931 279 4006 quando
295 3928 331 3985 de
346 3944 435 4001 regno
459 3927 523 3999 ejus
549 3925 678 3993 alienati,
693 3930 722 3982 et
736 3927 771 3981 ab
787 3943 820 3983 eo
845 3927 941 3998 divisi,
958 3927 987 3982 in
1042 3927 1154 3985 calore:
1172 3946 1236 4002 quie
1253 3929 1281 3984 in
1297 3930 1447 3985 ssanrruam
1463 3928 1662 3999 mittunt,non
1678 3948 1697 3986 n
1712 3929 1878 4005 trigorede

158 4019 325 4095 gehennam
344 4016 480 4075 mittendi
498 4020 578 4084 sunt,
596 4032 664 4071 nam
680 4031 747 4070 cum
764 4014 812 4071 illo
827 4016 865 4071 sit
880 4020 988 4072 eterna
1043 4018 1177 4075 tendunt.

159 4108 319 4175 beatitudo,
333 4111 436 4164 contra
451 4105 549 4179 ipsum
565 4103 788 4170 dicunturfieri,
801 4105 850 4177 qui
867 4105 986 4178 perenni
1043 4108 1077 4162 19
1112 4109 1247 4180 lloeopus
1267 4125 1360 4166 eorum
1390 4111 1439 4180 qui
1462 4108 1608 4164 detrabunt
1636 4108 1713 4165 mitri
1738 4110 1895 4184 opudlto-

159 4194 270 4255 ultioue
285 4192 610 4268 damnantur.Disperit
620 4198 717 4249 autem
729 4194 871 4249 memoria
885 4211 986 4251 eorum
1149 4198 1257 4251 retorem
1272 4215 1280 4250 :

160 4288 197 4344 de
210 4286 287 4343 terre
299 4285 458 4342 virentium
475 4301 481 4340 :
498 4283 549 4356 qui
564 4284 592 4338 io
609 4282 695 4339 beata
709 4283 804 4355 patria
819 4300 876 4339 noo
890 4283 987 4339 viden·
1112 4289 1145 4341 m
1159 4287 1207 4356 qui
1222 4286 1373 4357 loquuntur
1387 4287 1462 4341 reete
1485 4285 1613 4342 erduersea
1627 4287 1764 4343 enimam
1777 4304 1865 4345 meam
1878 4330 1912 4345 -

159 4376 218 4441 tur,
235 4390 288 4430 nec
304 4373 395 4429 ullam
412 4371 535 4429 ulterius
551 4370 783 4428 misericordiam
799 4389 987 4445 consequun-
1076 4373 1193 4429 Glluuc
1208 4391 1324 4430 versum
1341 4392 1397 4431 non
1415 4374 1510 4432 solum
1526 4377 1629 4431 contra
1644 4374 1920 4445 ludaeos,sedet

159 4466 217 4518 tur.
228 4462 282 4518 Pro
297 4478 330 4517 eo
343 4462 421 4534 quod
437 4478 494 4517 noo
510 4466 563 4529 est,
576 4465 632 4516 ete.
644 4460 720 4516 Dicit
734 4477 853 4517 causam
865 4461 986 4518 ultionis
1036 4458 1141 4517 'contra
1151 4479 1254 4518 omnes
1266 4464 1392 4535 pectides
1400 4464 1542 4520 debemus
1553 4462 1698 4536 accipere.
1711 4464 1920 4523 Detrahunt!

155 4542 492 4623 justissimaezquoniam
507 4551 644 4623 pietatem
662 4566 719 4604 non
737 4554 830 4621 potest
845 4550 983 4619 inveniro,
1000 4575 1024 4640 D
1041 4551 1118 4605 enim
1135 4550 1206 4606 Filio
1222 4552 1299 4623 apud
1317 4552 1430 4609 Patrem
1445 4551 1555 4619 Ariani,
1572 4552 1623 4625 qui
1638 4570 1718 4637 eum!
1730 4554 1917 4613 minorem

159 4639 281 4714 quieam
297 4638 363 4696 aliis
376 4639 537 4695 contemnit
552 4637 731 4710 impendere,
739 4653 790 4709 per
805 4636 985 4709 singularem
1040 4654 1106 4695 esse
1128 4638 1240 4694 dicunt.
1259 4641 1432 4713 Lequuotm·
1446 4646 1474 4697 et
1489 4640 1565 4697 mala
1581 4641 1730 4700 adversus
1745 4644 1912 4701 animani

156 4747 223 4787 vero
234 4728 468 4795 numerum,uou
480 4725 577 4800 ipsum
589 4726 696 4782 tradam
709 4723 816 4791 solum,
828 4726 877 4791 sed
890 4730 984 4781 totum
1042 4727 1159 4784 Domini
1176 4728 1454 4802 Apollinariste,qui
1467 4731 1569 4786 dieunt
1583 4731 1649 4802 ejus
1663 4732 1907 4791 deitatemcnr·

156 4817 298 4893 populum
312 4818 342 4873 in
357 4816 440 4875 ludes
455 4814 561 4872 delicto
577 4831 669 4871 unum
687 4813 828 4869 debemus
843 4813 984 4886 accipere.
1043 4834 1110 4873 nom
1126 4816 1219 4873 solam
1235 4817 1363 4874 hominis
1378 4819 1545 4893 suscepisse
1560 4836 1619 4876 non
1633 4820 1781 4879 animam.

156 4908 191 4963 15
226 4910 259 4963 Et
272 4913 428 4979 persecutos
442 4914 481 4963 est
496 4906 633 4961 bominem
647 4906 753 4975 inopem
768 4910 792 4958 et
806 4903 986 4959 mendicem:
1042 4907 1077 4960 20
1115 4911 1147 4962 m
1162 4914 1203 4973 tu,
1219 4907 1341 4976 Doiroioe,
1357 4909 1482 4978 Domine,
1498 4910 1544 4981 see
1566 4924 1674 4965 meeum
1696 4915 1813 4984 propter
1825 4924 1884 4965 no·

226 4996 260 5050 rt
273 5002 464 5069 compunctum
475 4995 554 5052 corde
568 4994 744 5066 mortificare.
1148 5012 1211 5051 oreo
1225 5002 1302 5051 terror
1320 5014 1327 5052 :

190 5082 211 5139 C
226 5082 305 5139 llere
316 5088 414 5141 autem
426 5101 479 5140 suo
491 5100 649 5157 pauperem
663 5100 694 5138 sc
707 5081 852 5138 Dominus
863 5086 891 5137 et
903 5098 986 5138 men·
1112 5085 1183 5154 Quin
1199 5087 1290 5141 amieis
1306 5094 1345 5143 est
1360 5086 1553 5144 misericordie
1567 5094 1625 5142 too.

154 5171 253 5227 dicum
267 5188 332 5228 esso
348 5179 508 5229 memorat:
526 5173 679 5230 mendicus
692 5172 728 5226 de
744 5171 983 5238 nostro,divesde
1074 5173 1143 5228 Cllt
1158 5177 1199 5240 tu,
1218 5174 1338 5231 Doruine
1354 5192 1360 5230 :
1376 5175 1430 5231 boe
1446 5178 1491 5231 ost
1507 5193 1514 5232 :
1536 5174 1561 5231 si
1583 5174 1678 5233 ludas
1699 5175 1858 5245 tmoietto'

159 5259 982 5332 suo.Htlompunetumeorde:utinllvangeliozTri·
1038 5261 1384 5319 Juderuscrucifixit:tu
1404 5263 1857 5333 laemisericordiam‚uteoutra
1917 5324 1920 5339 Ι

157 5347 212 5405 stis
227 5352 272 5404 est
286 5349 385 5405 anime
401 5365 465 5404 mea
479 5366 572 5421 usque
585 5351 621 5405 ad
638 5353 761 5405 mortem
778 5348 981 5421 (Melitenses).
1040 5351 1091 5407 itta
1106 5369 1170 5425 qum
1188 5352 1262 5408 lacta
1277 5360 1348 5410 sunt
1373 5354 1549 5411 resurreetio
1562 5353 1694 5429 gloriosa
1708 5356 1857 5430 proveniat.
1914 5344 1920 5363 '¹

158 5436 251 5495 Aliter
268 5454 274 5492 :
292 5437 346 5493 hoe
359 5436 505 5501 dolebant,
518 5438 587 5510 quia
602 5456 669 5494 euin
686 5443 893 5511 persequentes
908 5436 985 5495 nole·
1038 5441 1104 5497 Sive
1115 5441 1180 5497 ideo
1192 5441 1262 5497 dicit
1274 5460 1387 5500 urceum
1401 5462 1409 5500 ι
1421 5443 1490 5517 quia
1506 5444 1605 5500 omnia
1620 5461 1686 5518 quae
1703 5445 1775 5502 iacit
1790 5444 1861 5505 Pater

154 5526 440 5600 bantpecnitcntiam
456 5542 550 5600 agere.
568 5530 587 5583 Α
603 5527 623 5582 G
637 5527 699 5594 Vel,
717 5527 787 5599 quia
799 5529 984 5600 compunctio
1039 5533 1176 5603 operatur
1191 5535 1219 5586 et
1234 5530 1333 5589 Filius.
1350 5534 1452 5590 Suavis
1468 5538 1513 5590 est
1530 5533 1609 5591 enim
1623 5533 1860 5596 misericerdiam

156 5615 277 5692 proprio
292 5617 328 5674 de
342 5616 469 5689 peccatis
485 5617 538 5685 est,
553 5616 588 5673 de
603 5615 707 5674 Christi
724 5615 866 5672 membris
883 5617 985 5691 accipi·
1038 5618 1117 5675 vacis
1131 5616 1336 5678 misericordie
1352 5622 1440 5696 (dom.
1455 5622 1507 5696 ra),
1523 5638 1612 5696 quam
1632 5622 1865 5689 misericordiam
