3884 6084
114 277 122 287 ,
172 227 233 290 aas
529 196 532 202 ’
627 223 659 285 s
682 219 881 285 rannerus
905 218 1216 286 casanatensis
1238 221 1427 286 eviscovi.
1820 221 1883 283 ner

173 363 222 416 tur
241 358 311 413 visio
333 357 409 428 pecie
434 372 441 411 :
467 371 530 427 quae
545 355 662 428 proprie
683 355 719 410 ad
745 353 825 410 illam
852 352 998 408 civitatem
1013 355 1040 421 Α
1056 356 1183 427 quelacit
1198 373 1231 411 aa
1244 359 1276 411 ut
1290 355 1457 428 compuncti
1474 354 1616 428 incipiant
1640 369 1725 427 agere
1741 340 1902 426 poenilon*

173 447 309 522 pertinet,
330 460 394 517 que
417 443 556 500 vitiorum
580 446 609 500 et
633 442 838 501 scandalorum
854 441 1000 498 consortia
1054 445 1135 499 tiam.
1150 444 1243 500 Flebit
1257 444 1421 516 spiritus‚id
1438 445 1545 512 cst,Dei
1561 444 1641 501 celer
1655 442 1888 499 americi-'luem

173 552 232 592 nen
244 533 373 591 habehit.
386 533 455 590 Sion
471 549 588 606 queque
602 534 751 606 specatetie
766 531 974 605 intorpretatur
991 548 997 586 :
1054 532 1180 603 aeneid
1196 536 1249 599 est,
1266 532 1448 604 protendunt
1461 529 1725 605 lineataspiritalis
1738 531 1887 595 beneficii,

173 624 204 681 in
219 623 271 680 illa
284 621 362 680 enim
378 621 428 678 Dei
444 620 559 678 civitate
571 621 737 678 videbimus
753 638 820 677 eum
836 619 922 676 sicuti
935 623 998 676 est:
1054 622 1135 678 Sicut
1150 621 1316 677 factumest
1331 622 1367 676 de
1384 625 1567 694 persecutore
1583 619 1682 687 Saule,
1692 619 1734 675 sic
1751 620 1784 674 fit
1799 618 1888 676 hodie

174 713 252 772 unde
264 711 368 769 merite
382 711 442 767 hece
457 710 516 766 due
529 710 649 767 nomina
673 711 776 767 luturae
801 708 910 765 civitati
930 725 999 764 cen·
1054 712 1090 768 de
1104 710 1250 784 plurimis.

173 801 305 860 veniunt.
1053 803 1072 855 7
1126 801 1343 865 Quianauutiet
1359 798 1702 857 uertaemsuumtacab:

57 906 59 919 ¹
171 893 191 946 2
245 891 381 960 Quoniam
394 891 556 962 confortavit
567 906 643 946 aerae
656 898 800 962 portarurn
816 893 926 944 tuarum
941 906 951 942 .·
1124 893 1142 946 J
1146 891 1251 945 vetitiae
1265 894 1291 945 ct
1301 888 1411 960 judicie
1425 906 1475 945 em
1491 890 1584 946 lsrael.

184 1002 187 1007 ·
243 978 389 1036 Benedicti
401 979 471 1051 filiis
487 981 545 1035 tais
559 981 589 1035 ia
604 988 638 1035 tc.
1090 979 1110 1033 C
1126 977 1179 1034 Per
1192 977 1282 1034 Jacob
1298 983 1326 1033 et
1342 976 1441 1043 lsrael,
1456 976 1640 1051 significatur
1659 975 1800 1043 Ecclesia,
1817 991 1888 1033 nam

208 1067 316 1125 CGurn
331 1067 410 1124 enim
424 1084 505 1123 seras
519 1067 695 1123 confortatas
718 1067 788 1121 dicit
814 1083 878 1122 csse
902 1068 999 1136 porta·
1054 1072 1084 1122 et
1098 1067 1184 1122 mede
1200 1065 1330 1122 Israelita
1344 1069 1388 1122 est
1407 1066 1576 1139 quicunque
1590 1070 1636 1123 est
1650 1065 1757 1133 fidelis,
1773 1068 1803 1120 et
1818 1069 1888 1120 ante

173 1173 239 1215 rum
254 1157 370 1213 clausas
381 1156 491 1229 januas
505 1157 596 1212 beaten
610 1156 737 1212 civitatis
754 1155 882 1210 ostendit
899 1171 905 1208 :
922 1152 1000 1224 quod
1053 1156 1153 1220 Jacob,
1166 1155 1221 1211 suit
1236 1154 1285 1227 qui
1301 1155 1424 1211 Domine
1437 1173 1511 1228 pura
1527 1156 1679 1211 devotione
1694 1152 1887 1225 complacuit;

171 1251 243 1304 tune
258 1245 373 1317 accidit,
389 1245 505 1317 quande
529 1262 656 1318 sponsus
681 1243 799 1299 intravit
813 1243 853 1316 (et
868 1259 931 1314 quea
954 1257 1004 1313 pa·
1054 1242 1097 1299 illi
1110 1244 1189 1300 enim
1205 1245 1325 1300 verbum
1340 1261 1438 1312 suum,
1463 1243 1506 1300 illi
1530 1245 1662 1301 nescitur
1675 1242 1888 1317 pronuntiasse

173 1340 241 1394 ratas
257 1338 327 1392 eunt
341 1350 408 1390 cum
424 1335 469 1404 ee)
482 1334 517 1389 ed
534 1334 662 1413 nuptias,
680 1337 713 1388 ut
736 1332 766 1387 in
791 1329 945 1404 Evangelio
965 1330 1001 1386 do
1050 1333 1192 1405 justitias.

171 1424 337 1498 virginibus
352 1421 460 1478 dicitur
474 1421 579 1491 (ldattlr.
593 1422 658 1493 xxv)
675 1437 682 1477 :
699 1437 752 1476 nec
772 1420 929 1493 quisquam
955 1416 1000 1472 ul·
1052 1423 1070 1477 9
1125 1428 1183 1481 lton
1198 1423 1263 1494 {ecit
1277 1424 1368 1479 taliter
1382 1424 1460 1480 omui
1474 1424 1609 1480 nationi:

172 1513 265 1569 terius
277 1515 397 1569 sanetus
410 1510 510 1579 exibit,
527 1527 579 1567 nec
594 1509 701 1583 aliquis
722 1513 823 1582 postea
847 1525 939 1564 nervus
954 1507 1000 1563 in·
1125 1515 1158 1569 St
1167 1513 1276 1584 judicie
1290 1529 1340 1568 sce
1353 1529 1408 1568 nce
1421 1514 1651 1585 vacciseetaoitff*
1670 1513 1711 1568 eis
1731 1515 1757 1578 2:

174 1599 274 1656 trabit.
289 1599 395 1672 Magna
419 1602 463 1654 est
491 1600 610 1671 quidem
625 1598 665 1654 ibi
682 1597 845 1654 benedictio
861 1596 999 1651 tiliorum.
1091 1601 1187 1656 CNon
1203 1600 1270 1655 lecit
1281 1599 1460 1672 taliter,quia
1471 1598 1537 1654 licet
1547 1615 1650 1655 omnes
1665 1602 1770 1672 gentes
1785 1598 1889 1672 religio

173 1689 285 1745 Dicitur
300 1687 397 1744 autein
410 1687 440 1743 in
456 1691 483 1743 te
501 1705 507 1743 :
522 1687 591 1759 quia
613 1703 764 1760 nunquam
793 1687 829 1741 ab
853 1685 903 1741 illu
923 1683 1000 1740 exire
1055 1688 1220 1744 Christiana
1233 1688 1384 1761 complexa
1397 1689 1545 1754 sit‚tamen
1559 1686 1632 1743 nulli
1649 1686 1765 1743 laoiead
1779 1687 1889 1744 faciem

175 1781 323 1851 poterunt,
340 1776 410 1848 quia
421 1780 529 1832 ceterae
543 1793 664 1832 munere
677 1778 895 1832 consecrantur.
1055 1777 1170 1834 locutus
1185 1782 1240 1845 est,
1252 1781 1303 1833 out
1315 1795 1395 1834 mare
1410 1776 1579 1844 divisit,nisi
1595 1778 1711 1832 tantum
1725 1775 1890 1835 Israelitieo

174 1868 192 1923 3
248 1867 302 1936 Qui
314 1867 408 1938 posuit
419 1867 488 1938 fiaes
502 1873 561 1922 tuos
574 1882 679 1938 pacem.
1054 1865 1182 1938 populo:
1199 1867 1221 1921 Α
1235 1865 1280 1921 vel
1295 1864 1405 1921 nationi
1420 1866 1522 1931 Jacob,
1537 1865 1585 1938 qui
1602 1882 1635 1921 ex
1655 1863 1808 1921 Abraham
1823 1864 1892 1922 des·

252 1956 325 2023 ÷lit
346 1961 353 2020 ζ
373 1954 454 2028 adipe
468 1957 604 2028 frameati
619 1956 703 2010 aetiat
717 1963 751 2010 te.
1054 1955 1194 2020 conditio
1209 1955 1295 2026 cujus
1311 1954 1367 2010 fide
1383 1969 1485 2010 omnes
1500 1952 1658 2010 Christiani
1671 1956 1754 2009 sunt.
1770 1951 1817 2009 llli
1833 1970 1891 2009 aa·

208 2049 228 2101 C
243 2045 325 2102 Sicut
339 2048 437 2101 autem
448 2044 534 2100 beata
543 2042 725 2099 Hierusalem
738 2058 839 2114 pacem
851 2040 999 2114 possidet:
1053 2043 1125 2099 tieni
1141 2043 1195 2099 soli
1209 2041 1408 2099 manifestavit
1418 2043 1533 2114 judicia
1544 2059 1610 2098 sua.

173 2134 215 2191 sic
230 2131 330 2190 infelix
355 2130 483 2205 Babylon
498 2132 632 2187 dolorum
649 2147 777 2204 pugnam
794 2130 895 2202 procul
911 2129 1000 2186 dubio
1150 2140 1158 2156 ·
1275 2148 1375 2188 enarro
1395 2149 1430 2188 ax
1450 2148 1523 2188 esre.
1544 2148 1659 2188 canvru.

173 2221 340 2278 sustinebit.
364 2220 486 2292 Adipem
511 2220 619 2292 quippe
647 2219 799 2287 frumenti,
816 2219 886 2275 dicit
906 2217 999 2292 ipsam
1090 2221 1237 2288 Conlorta,
1254 2220 1386 2286 Domine,
1403 2224 1502 2293 portas
1518 2219 1652 2276 Ecclesia
1667 2224 1736 2287 tua,
1758 2222 1788 2276 et
1812 2234 1891 2292 pone

173 2307 362 2366 contuibilem
378 2308 516 2365 deitatem
534 2326 540 2363 :
557 2309 636 2364 unde
660 2309 702 2364 sic
722 2309 872 2379 justorum
896 2324 1001 2363 sensus
1054 2310 1189 2365 terminis
1203 2310 1267 2381 ejus
1283 2308 1483 2382 poeem‚eique
1497 2308 1612 2381 adipem
1637 2307 1783 2381 spiritalis
1799 2309 1891 2367 tritici

172 2398 312 2464 reficitur,
326 2401 359 2453 ut
373 2413 490 2453 emnem
506 2398 674 2453 societatem
691 2413 830 2468 superare
852 2400 999 2452 noscatur.
1056 2399 1211 2471 dignanter
1225 2398 1360 2454 attribue.
1377 2397 1432 2454 Per
1445 2397 1602 2454 Dominum
1631 2401 1770 2456 nestrum
1784 2399 1889 2454 iesum

174 2488 190 2543 d
246 2487 300 2556 eat
312 2488 413 2543 emittit
427 2486 568 2558 eloquium
581 2503 663 2541 saum
677 2494 759 2542 terrm
777 2503 783 2541 :
1055 2486 1202 2543 Christum
1220 2486 1325 2542 Filium
1341 2489 1436 2554 tuum,
1452 2490 1507 2543 ete.

245 2575 377 2642 velociter
390 2576 478 2631 cvm!
491 2591 579 2630 seen
594 2576 661 2647 eju.
1300 2592 1474 2648 psnnueu
1494 2592 1635 2649 cxnvui.

208 2663 401 2736 CElequium
426 2663 554 2735 Domini,
569 2663 698 2718 Verbum
721 2662 815 2718 Petris
838 2666 903 2718 est:
921 2663 1000 2735 qued
1256 2681 1679 2721 aaoeuenruursan.cxnv1u.

176 2754 212 2811 ad
228 2757 322 2810 terras
338 2752 428 2820 misit,
444 2753 562 2824 quande
577 2751 772 2807 humilitatem
791 2751 845 2824 piae
867 2751 1001 2807 incarne·
1091 2756 1111 2810 C
1138 2754 1281 2827 Propheta
1306 2771 1357 2827 per
1380 2770 1540 2825 paucerum
1576 2755 1889 2813 commemorationem

176 2842 265 2900 tionis
280 2842 452 2915 assumpsit.
468 2842 550 2897 Tunc
566 2841 608 2897 sic
623 2841 752 2897 cucurrit
767 2857 863 2897 sermo
876 2842 940 2912 ejus
954 2857 1003 2897 ve·
1056 2848 1256 2900 creaturarum
1283 2859 1386 2899 omnes
1409 2846 1558 2898 creaturas
1579 2842 1616 2898 ad
1640 2842 1760 2901 Domini
1785 2844 1888 2902 laudea

173 2930 285 2999 leciter,
302 2935 335 2987 ut
350 2933 456 2987 saneta
471 2928 622 2986 Trinitatis
638 2928 758 3003 agnitio,
776 2928 903 2984 mirabili
925 2929 1002 2986 vcle·
1056 2933 1199 3000 hortatur,
1214 2929 1371 3006 rationales
1384 2939 1413 2987 et
1428 2930 1639 2988 intellectuales
1663 2948 1716 3005 per
1740 2949 1784 3001 se,
1801 2933 1885 2991 intel·

172 3021 260 3077 citate
277 3020 421 3077 mundum
436 3016 634 3093 compleverit,
651 3018 795 3073 idolerum
811 3017 937 3074 cultores
954 3036 1001 3075 ve·
1055 3021 1131 3077 lectu
1147 3026 1245 3077 autem
1255 3019 1299 3076 vel
1310 3037 1398 3076 sensu
1412 3025 1554 3088 carentes,
1567 3019 1693 3093 perillas
1704 3021 1885 3097 ntiqueapue

173 3109 268 3167 ritatis
283 3109 377 3182 ipsius
392 3108 629 3165 manifestatione
640 3112 820 3164 convertens.
1014 3094 1036 3161 C
1056 3125 1143 3183 opera
1158 3109 1274 3165 Domini
1291 3108 1511 3182 sapientissima
1527 3109 1763 3167 consideratione
1775 3111 1885 3169 collau·

172 3200 190 3257 5
245 3198 678 3266 Quidutaiaemeicattenam:
1055 3199 1134 3255 dant.

243 3287 377 3344 Natalem
391 3289 597 3344 aicatciacrem
611 3288 726 3358 spernit.
814 3296 816 3298 ’
1318 3285 1325 3291 ”
1357 3287 1417 3343 ΤΤ.
1443 3287 1574 3343 Attctaio.

208 3375 297 3443 ceni
313 3376 363 3432 dat
377 3375 473 3431 nivem
500 3376 577 3431 sicut
599 3375 697 3430 lanam
717 3375 788 3431 :dat
809 3374 889 3444 dicit,
907 3374 935 3429 id
955 3379 1001 3430 est
1055 3377 1068 3431 l
1124 3375 1559 3433 laudateDomiaumdecoetia:

173 3464 241 3521 lacit
256 3482 262 3521 :
280 3465 357 3536 quod
374 3463 406 3519 lit
420 3463 653 3536 utique,quando
670 3464 864 3535 frigidissima
874 3464 999 3536 peccatis
1127 3465 1247 3520 Laedete
1258 3481 1321 3520 aava
1337 3467 1367 3520 ia
1381 3466 1505 3521 eccelsia.

172 3554 260 3610 cerda
275 3551 494 3621 mortalium‚ad
508 3551 641 3607 ardorem
652 3551 861 3608 satislactionis
873 3553 1000 3608 adduxe·
1089 3552 1191 3620 CQuia
1207 3553 1329 3627 dignum
1345 3558 1436 3621 estut
1446 3557 1580 3609 creatura
1590 3570 1677 3608 sunm
1690 3552 1931 3624 laudarem*-

171 3642 218 3698 rit.
233 3641 287 3698 Nix
301 3641 525 3708 estheme,cum
539 3641 647 3696 recedit
662 3658 678 3694 a
693 3640 998 3707 Domino:lana,cum
1053 3645 1156 3711 torem,
1174 3642 1214 3697 eit
1230 3660 1237 3698 :
1254 3642 1382 3697 Laudate
1397 3642 1566 3697 Dominum.
1584 3642 1606 3697 H
1621 3642 1664 3696 Ad
1693 3643 1813 3698 laudem
1829 3641 1931 3713 Da<

170 3731 208 3788 ad
223 3731 288 3803 ejus
300 3730 413 3787 venerit
428 3729 730 3786 medicinamNchula
740 3746 745 3785 :
756 3729 902 3802 signifieat
912 3746 998 3786 omne
1053 3731 1115 3787 sela
1128 3730 1280 3786 hominum
1293 3735 1398 3786 natura
1407 3748 1464 3787 nen
1476 3728 1931 3803 sullicitpunganturrteoel'ffl

171 3819 413 3894 peccatum,qued
430 3835 547 3891 semper
561 3817 722 3891 caliginosa
740 3818 917 3890 obscuritate
933 3835 996 3890 per·
1052 3821 1114 3880 Non
1131 3824 1228 3874 antem
1243 3820 1327 3885 dixit,
1342 3820 1459 3875 laudate
1474 3819 1549 3887 coeli,
1561 3819 1611 3875 sed
1625 3836 1678 3876 ves
1694 3821 1746 3893 qui
1762 3819 1833 3875 estis
1847 3819 1904 3877 it·

170 3909 275 3984 agitur.
292 3910 349 3966 Sed
363 3908 441 3964 velut
457 3907 530 3963 cinis
544 3907 740 3980 dispergitur:
758 3908 828 3962 dum
842 3924 916 3980 pura
931 3924 997 3963 con·
1052 3908 1145 3976 coelis,
1160 3908 1215 3965 hee
1236 3912 1281 3964 est
1305 3908 1415 3975 throni,
1441 3909 1667 3978 dominationes,
1684 3908 1931 3982 principat&

169 3998 296 4056 sessione
310 4015 344 4055 ex
357 3997 463 4054 Christi
479 3995 573 4070 gratia
585 3996 755 4069 dissipatur.
1051 4003 1220 4073 potestates,
1228 4004 1256 4054 ct
1268 4001 1371 4054 cetera
1384 3999 1412 4053 in
1429 3996 1592 4065 excelsis,id
1608 4003 1655 4054 est
1669 3996 1931 4069 excelsi,dig==,

167 4089 186 4143 6
240 4089 328 4147 etittit
341 4086 504 4160 crystallum
517 4102 598 4141 saum
611 4085 684 4141 sicut
699 4085 831 4141 hieracites
843 4105 853 4140 .·
1049 4086 1167 4144 laudate
1183 4086 1347 4144 baceloum.

239 4179 306 4234 Ante
319 4177 420 4248 [aciem
433 4176 547 4248 imperis
563 4175 621 4246 ejas
640 4177 702 4247 puis
716 4176 882 4232 sicaticetit?
1048 4180 1067 4231 2
1122 4175 1242 4232 Laudato
1256 4194 1328 4245 craia,
1343 4193 1434 4232 eruerer
1449 4178 1542 4247 euecti
1556 4177 1615 4248 ejas
1630 4192 1637 4230 :

202 4264 399 4340 GGrystallus
411 4268 456 4321 est
467 4264 498 4319 ia
514 4264 634 4320 modurn
651 4264 716 4319 vitri
731 4263 905 4337 gluciesper
920 4263 995 4320 mul·
1121 4265 1241 4322 tondete
1255 4282 1327 4330 cern,
1344 4282 1435 4322 enarres
1447 4268 1562 4322 uirtutes
1576 4266 1645 4339 ejus.

167 4360 214 4414 tas
229 4354 343 4411 hiemes
357 4355 526 4420 condurata,
535 4355 564 4409 ct
576 4353 606 4408 in
623 4353 761 4409 duritiam
775 4353 837 4409 saxi
853 4353 994 4425 perducta
1083 4356 1103 4411 G
1119 4354 1247 4410 Laudato
1262 4372 1341 4422 euni,
1355 4371 1457 4411 omnes
1473 4354 1570 4427 angeli
1585 4354 1743 4427 ejus,qued
1756 4350 1910 4427 angelus

167 4443 344 4502 substantie.
358 4442 382 4498 H
395 4442 416 4498 G
428 4441 479 4497 Cui
493 4445 702 4513 comparantur
718 4459 725 4496 :
742 4441 792 4514 qui
808 4442 914 4514 frigere
929 4458 993 4513 per·
1007 4460 1032 4527 D
1046 4447 1143 4500 Gracc
1158 4443 1373 4516 lingua,taline
1385 4445 1501 4499 nuntias
1515 4441 1899 4515 interpretatur3ange1m

166 4531 242 4587 ildito
266 4529 426 4599 constricti,
452 4546 504 4603 per
528 4529 660 4601 singulos
684 4530 746 4585 dies
774 4530 991 4603 congelascunt.
1048 4533 1127 4589 enim
1141 4532 1227 4588 cilicii
1242 4533 1360 4588 nomine
1376 4532 1554 4599 dicitur,non
1570 4531 1803 4587 naturaeDmnes
1815 4531 1888 4588 vir·

165 4619 224 4677 llos
239 4621 340 4677 emittit
353 4619 495 4674 Dominus
511 4618 588 4674 sieut
601 4617 746 4674 buccellas
764 4636 770 4673 :
788 4620 905 4691 quande
922 4637 990 4676 cen·
1044 4625 1122 4677 tutes
1137 4621 1212 4692 ejus,
1229 4620 1284 4677 hee
1297 4621 1431 4692 gencrale
1446 4637 1553 4677 nemea
1568 4623 1624 4687 est,
1640 4618 1695 4675 tihi
1710 4619 1786 4675 caim
1802 4634 1877 4676 coa·

163 4726 265 4767 versos
279 4707 436 4782 praedicare
460 4706 849 4778 suafacitmagnatie,unee
864 4708 991 4781 populus
1045 4708 1204 4765 eluduntur
1231 4709 1330 4765 omnia
1354 4726 1417 4782 quer
1444 4709 1587 4782 dignitate
1610 4706 1738 4765 eoelestis
1762 4704 1866 4764 militia
1926 4696 1931 4711 ¹

163 4800 297 4857 esuriens
312 4797 421 4856 coelesti
437 4812 511 4871 pane
522 4800 668 4852 vescatur.
678 4798 752 4852 Ante
768 4796 869 4853 laniem
895 4797 925 4853 id
947 4803 992 4854 est
1045 4799 1252 4871 grandescunt.

163 4888 350 4961 presentiam
367 4885 563 4965 trigoris-ejus
579 4884 757 4952 dicitur,nen
773 4886 850 4958 quod
871 4887 907 4941 ab
926 4885 991 4959 ipse
1044 4890 1062 4941 2
1116 4887 1237 4943 Laudete
1251 4903 1324 4952 cura,
1340 4888 1380 4943 sel
1393 4890 1419 4943 et
1436 4887 1526 4943 lanc:

163 4975 256 5049 frigus
271 4975 342 5033 illud
355 4976 516 5044 veniat,sed
532 4973 594 5029 ficri
606 4974 678 5030 lecte
686 4977 863 5045 poenitetur
873 4981 935 5032 est:
949 4976 992 5032 ln·
1116 4976 1235 5033 laudate
1248 4993 1320 5043 eum,
1339 4992 1430 5032 omncs
1443 4976 1533 5033 stettae
1545 4984 1571 5032 ct
1586 4975 1691 5033 tamea.

163 5060 279 5119 duravit
304 5064 381 5121 Deus
405 5081 455 5121 cer
481 5061 640 5119 Pharaonis
655 5064 750 5135 (deod.
767 5063 806 5134 x).
830 5065 902 5120 Ante
916 5064 990 5120 illud
1081 5066 1103 5121 ll
1121 5066 1186 5122 Ideo
1203 5065 1256 5134 sel,
1273 5069 1302 5120 et
1316 5064 1430 5135 luno,et
1445 5063 1534 5121 stella
1550 5064 1674 5122 laudant
1688 5075 1845 5135 cumquei

163 5147 267 5222 trigue,
284 5152 360 5224 qued
375 5153 437 5224 ipse
453 5153 529 5208 Deus
556 5169 613 5208 non
639 5158 777 5220 removet,
794 5169 880 5209 neme
895 5157 992 5226 petest
1045 5170 1098 5211 suo
1113 5153 1209 5210 oltleie
1224 5158 1252 5210 et
1267 5152 1384 5209 servitio
1404 5170 1462 5209 nen
1489 5153 1645 5222 recedunt;
1669 5157 1699 5210 et
1721 5149 1842 5210 servitium

162 5239 334 5306 subsistere,
351 5256 437 5296 nomo
452 5239 523 5296 illud
541 5245 636 5313 petest
651 5242 807 5297 sustinere.
1044 5243 1177 5316 ipsorum
1192 5241 1257 5299 laus
1272 5243 1322 5298 Dei
1339 5246 1392 5298 est.
1401 5243 1499 5310 Addit,
1510 5240 1660 5311 lumcn,ut
1674 5234 1842 5315 quomodote

160 5328 179 5382 7
232 5326 345 5382 Emittet
358 5328 471 5383 eertum
484 5345 566 5384 saum
578 5338 604 5385 et
618 5329 774 5402 tr'qucsacict
788 5346 821 5386 ce
838 5348 844 5386 :
1042 5331 1241 5388 invisibilibus
1257 5331 1338 5401 dixit,
1355 5331 1482 5401 laudate,
1499 5348 1602 5388 omnes
1625 5331 1758 5398 virtutes,
1770 5323 1841 5386 sieta

233 5416 326 5476 Flebit
339 5420 454 5488 spiritus
470 5416 528 5488 ejas
543 5425 569 5473 et
581 5420 666 5489 placa
679 5436 767 5491 aava.
1042 5418 1208 5477 visibilibus
1224 5420 1304 5489 dicit,
1317 5419 1435 5476 laudate
1450 5437 1528 5489 eum,
1545 5436 1633 5477 omne
1643 5420 1721 5495 qued
1736 5418 1812 5477 lucet.

197 5505 220 5572 ti
235 5508 256 5563 (t
270 5503 410 5564 Veniente
423 5505 522 5578 verbe,
538 5504 624 5586 idest
637 5508 853 5582 predicatione,
875 5509 926 5566 Dei
953 5509 988 5566 li·
1043 5511 1060 5568 d
1114 5509 1235 5567 tondete
1249 5526 1322 5579 eam,
1338 5510 1405 5571 coeti
1415 5510 1545 5569 ceterum
1556 5529 1568 5569 .·
