3884 6084
127 240 207 311 1048
694 247 894 311 APPENDIX
915 248 966 310 Ab
989 249 1021 312 S.
1046 248 1259 312 ODlLONElll.

268 377 313 436 Tu
327 394 381 435 nos
396 378 485 436 decus
499 375 635 437 Ecclesiae
925 386 927 393 '
964 381 992 449 A
1148 382 1192 437 Tu
1208 381 1316 439 nostris
1330 379 1431 437 lumen
1444 380 1608 454 mantibus,

232 464 335 524 ldundi
349 466 485 540 procellis
499 467 578 542 eripe
595 485 601 526 :
1114 469 1212 528 Sacris
1228 469 1349 528 infunde
1362 469 1499 544 precibus
1516 488 1522 527 :

234 557 326 622 Quem
341 555 412 613 dum
428 556 538 614 iluenta
552 560 690 614 metuunt
1114 557 1168 626 Qui
1183 559 1267 616 cecis
1282 559 1377 616 visum
1393 576 1522 633 reparas,

233 643 348 702 Natura
363 643 439 702 vires
449 645 622 718 reprimunt.
1112 649 1148 703 Et
1162 652 1277 704 nostras
1292 646 1367 720 pelle
1381 649 1518 707 tenebras

268 735 350 790 (terte
364 734 498 791 membra
511 733 653 795 debilium
1148 736 1192 793 Sit
1204 736 1283 793 Patri
1297 736 1363 795 laus
1377 737 1519 812 ingenito,

234 822 334 880 Robur
348 821 516 881 instaurant
530 823 688 898 pristinum
1114 825 1158 882 Sit
1172 827 1262 882 decus
1277 826 1451 900 Unigenito:

234 911 339 969 Manus
353 910 459 970 abluta
477 929 485 969 r
501 910 640 987 poculum
1113 914 1157 969 Sit
1169 914 1324 988 utriusque
1339 913 1424 989 parili

235 1000 316 1059 Muto
328 1000 425 1059 reddit
438 1000 597 1074 eloquium.
1116 1002 1253 1074 Majosus
1268 1019 1387 1061 summa
1402 1001 1538 1061 Flamini.
1554 1004 1659 1060 Amen.

1512 1199 1820 1216 ffl-

722 1353 851 1428 Missa
879 1352 1006 1427 ΒΕΑΤΙ
1031 1353 1227 1427 ODlLONlS

889 1501 953 1576 (obi
965 1502 1073 1575 supro.)

485 1780 598 1821 onemo.
971 1765 996 1831 Β
1305 1776 1536 1819 rosrcouunrvro.

162 1859 250 1923 Deua,
265 1855 316 1928 qui
332 1855 415 1911 beato
431 1852 546 1911 Odiloni
565 1869 654 1924 super
668 1851 766 1926 gregis
781 1851 824 1908 tui
840 1850 949 1907 dedisti
1047 1851 1096 1918 Da,
1114 1850 1482 1923 quarumnaomnipotens
1493 1851 1627 1920 Deus,nt.
1641 1852 1817 1914 intemedente

49 1950 55 1959 ’
128 1943 248 2018 vigilare
262 1943 437 2013 custodiam,
453 1942 492 1999 da
506 1941 623 1999 familie
638 1945 705 2009 tuo,
727 1955 906 2013 quesumus,
923 1942 957 1996 ut
1009 1937 1041 1994 Β.
1057 1937 1178 1994 Odilone
1204 1939 1369 1995 consessore
1393 1940 1454 2008 tuo,
1479 1956 1554 2013 quos
1583 1942 1702 2014 pondus
1725 1945 1816 2018 pmpni

129 2032 380 2106 ejasinlormetur
390 2031 531 2106 exemplis
547 2031 631 2103 cujus
642 2033 688 2086 eat
702 2027 837 2085 instituta
851 2026 956 2084 doctri·
1009 2029 1108 2083 reatus
1123 2031 1271 2100 aggravat,
1287 2026 1413 2084 coelestis
1428 2044 1535 2085 mense
1551 2027 1635 2104 vigor
1651 2031 1816 2092 attollat.Psr

131 2121 187 2178 nis.
201 2121 437 2179 PerDominum.
1009 2115 1178 2172 Dominum.

477 2225 608 2266 secuml.
1293 2221 1385 2264 sonna
1402 2223 1547 2265 nordana.

112 2363 115 2369 ,
165 2299 302 2356 Oblatum
324 2297 378 2356 tibi
401 2296 589 2366 sacrillcium,
615 2312 796 2370 quesumus,
819 2293 953 2364 Domine,
1044 2294 1087 2350 Da
1102 2309 1282 2366 quesumus,
1297 2294 1484 2366 omnipotens
1499 2295 1811 2371 Deus,perbesti0dilo

131 2388 209 2445 beati
224 2386 355 2445 Odilonis
370 2385 556 2443 commendet
578 2384 681 2451 oratio,
697 2385 775 2457 quod
800 2400 854 2440 noe
875 2383 954 2440 etab
1009 2382 1055 2438 nis
1070 2382 1107 2438 ad
1122 2385 1150 2438 te
1173 2381 1297 2456 vestigia
1318 2384 1448 2453 tendere,
1469 2385 1554 2456 cujus
1583 2403 1638 2444 nos
1668 2389 1807 2463 monaterio

132 2474 357 2534 adversitatibus
373 2473 488 2532 muniat
501 2473 578 2531 etad
601 2488 731 2530 amoram
746 2477 831 2529 tuum
846 2469 955 2530 indesi·
1008 2470 1147 2545 dignatus
1161 2487 1193 2528 ea
1209 2472 1334 2532 erudire.
1352 2473 1405 2530 Per
1419 2473 1590 2532 Dominum.

132 2571 235 2624 nenter
249 2564 397 2624 accendat.
412 2565 466 2621 Per
479 2561 648 2621 Dominum.

691 2913 972 3009 Jovsllbl
1004 2913 1276 3009 MONAGHI

369 3090 554 3151 PLANGTUS
574 3089 619 3148 llll
639 3085 821 3148 TRANSITU
840 3083 956 3144 oollrd
975 3085 1144 3144 ODlLONIS
1162 3086 1313 3145 abbans
1331 3085 1601 3147 GLUNlACENSlS.

763 3227 904 3303 (Brotiotb.
921 3226 1057 3299 Cluniae,
1073 3244 1101 3301 p.
1122 3227 1196 3301 329.)

164 3511 206 3567 Ad
222 3507 309 3565 fletus
322 3518 408 3561 voces
421 3498 558 3558 extendat
571 3496 680 3554 chorda
690 3511 822 3562 sonoras,
968 3499 989 3568 c
1007 3496 1024 3552 J
1027 3496 1103 3555 ussit
1117 3496 1147 3553 in
1163 3496 1299 3555 occiduas
1316 3497 1473 3557 morientes
1488 3498 1529 3556 ire
1543 3500 1686 3559 tenebras.

129 3600 246 3674 Organa
259 3595 433 3653 cunctorum
445 3590 597 3645 vertantur
612 3590 690 3642 sorte
704 3586 870 3642 modorum.
1009 3584 1115 3643 Tendit
1124 3586 1161 3643 ad
1176 3601 1313 3644 occasum
1322 3587 1466 3660 quidquid
1481 3587 1557 3644 lucis
1572 3587 1651 3663 capit
1660 3592 1746 3653 odon,

130 3686 271 3761 Plangite,
287 3699 338 3741 vos
348 3677 459 3755 populi,
474 3692 526 3733 voe
536 3674 641 3748 linguae
657 3673 753 3731 sidera
764 3672 839 3743 omli,
1008 3673 1115 3731 Doctus
1130 3679 1159 3731 et
1173 3675 1309 3732 indoctus
1324 3675 1428 3749 aquali
1444 3680 1522 3734 sorte
1538 3678 1683 3734 recedunt.

129 3778 253 3836 Proruat
266 3773 297 3830 in
307 3771 442 3829 tenebras
456 3765 647 3840 resplendens
662 3761 757 3822 orbita
772 3760 853 3830 eolis,
1007 3762 1110 3820 Divitis
1122 3769 1151 3820 et
1168 3765 1274 3821 modici
1289 3765 1418 3822 similem
1433 3782 1513 3823 mors
1526 3767 1652 3840 suscipit
1664 3767 1754 3830 umbra

129 3863 272 3924 Dellciant
285 3860 369 3935 plene
380 3855 525 3915 radiantia
538 3870 648 3912 cornua
662 3851 748 3920 luno,
1006 3850 1135 3908 Vertitur
1149 3853 1178 3909 iu
1190 3852 1316 3910 cinerem
1332 3852 1439 3911 cineris
1454 3870 1597 3930 compago
1614 3855 1721 3913 soluta:

127 3954 238 4029 Lugeat
251 3955 281 4008 et
293 3948 423 4006 mundus
434 3947 571 4020 protenso
586 3956 706 4014 corpore
721 3942 800 3997 totus
816 3958 823 3996 τ
1005 3939 1086 4005 Quod
1103 3940 1204 4014 nequit
1217 3941 1338 4012 absolvi,
1350 3943 1436 4000 debet
1450 3944 1595 4016 patienter
1610 3943 1714 4003 haberi.

125 4044 209 4102 Nunc
220 4046 323 4107 terras,
340 4035 471 4111 pelagus,
488 4035 614 4100 montes,
631 4030 778 4103 silvasque
793 4029 874 4086 oiebo
891 4045 898 4085 :
1125 4031 1260 4087 llerrelotr'o
1273 4031 1386 4099 doloris,
1400 4039 1426 4088 ct
1438 4032 1586 4089 consolatio
1601 4035 1702 4091 mortui.

30 4158 50 4174 ·
124 4128 344 4203 Quadrupedes,
359 4125 488 4198 bipedes,
504 4118 649 4196 reptantia
660 4123 766 4176 cuneta
780 4117 911 4174 movebo.
1039 4119 1132 4190 Musa,
1148 4118 1221 4175 mihi
1236 4135 1342 4177 causas
1356 4137 1497 4193 memora,
1512 4136 1571 4194 quo
1581 4122 1679 4180 tristia
1688 4121 1773 4179 solvam

123 4218 302 4278 condoleant
315 4216 432 4273 Patrem
448 4211 633 4270 subtractum
650 4224 728 4265 nunc
743 4206 894 4264 Odilonem
1002 4205 1156 4280 Deponens
1170 4207 1315 4281 lacrymas
1329 4208 1454 4277 steriles,
1470 4215 1500 4266 et
1512 4211 1625 4284 gaudia
1639 4227 1752 4268 sumam.

122 4307 245 4367 Conciso
259 4304 378 4380 plausu,
394 4303 565 4376 pungantur
578 4298 690 4354 viscera
705 4296 786 4364 lletu,
1001 4294 1085 4352 Odilo
1101 4311 1158 4352 non
1174 4296 1310 4367 moritur,
1323 4297 1375 4354 sed
1391 4297 1495 4354 mortis
1509 4298 1615 4356 lunera
1625 4299 1749 4374 spernit:

121 4397 157 4454 llt
170 4394 259 4453 variis
272 4393 418 4467 lacrymas
432 4388 612 4465 profundant
625 4385 746 4443 vocibus
760 4384 833 4441 istas
848 4401 855 4440 ε
1000 4382 1083 4441 Odilc
1096 4401 1154 4441 non
1170 4385 1304 4455 moritur,
1321 4386 1373 4443 sed
1388 4385 1465 4443 viam
1482 4387 1566 4444 duxit
1579 4386 1739 4447 honestam.

122 4483 215 4551 Odilo,
226 4481 312 4541 dulce
326 4481 426 4548 decue,
441 4477 554 4535 venturi
567 4473 661 4550 gloria
674 4472 755 4540 secli,
999 4472 1083 4530 Odilo
1098 4489 1156 4530 non
1171 4474 1305 4542 moritur,
1321 4475 1373 4532 sed
1387 4475 1477 4533 vitam
1493 4480 1587 4534 morte
1601 4477 1718 4554 recepit.

121 4570 215 4639 Odilo,
232 4569 318 4627 dulce
331 4569 431 4636 decus,
447 4566 580 4623 fraterno
595 4563 676 4638 pacis
691 4562 814 4619 amicus.
1000 4562 1112 4636 Regnat
1124 4563 1154 4619 in
1169 4567 1311 4621 aternum
1326 4565 1459 4639 gaudens
1473 4583 1505 4624 se
1516 4583 1637 4625 cernane
1651 4552 1837 4626 ennead

120 4659 212 4726 Odilo,
227 4657 313 4715 dulce
327 4657 428 4724 decus,
445 4653 617 4710 meritorum
630 4652 765 4724 lampade
779 4650 885 4708 clarus.
998 4651 1090 4714 Quem
1105 4650 1204 4721 coluit,
1221 4652 1329 4722 docuit,
1347 4654 1489 4726 quesivit,
1505 4653 1691 4730 glorificavit,

119 4752 163 4808 'l'u
179 4747 265 4806 sessis
274 4745 401 4820 requies,
416 4741 626 4818 languentibus
640 4756 672 4798 es
687 4739 842 4809 medicina,
996 4740 1086 4812 Cujus
1100 4739 1193 4814 gloria
1208 4757 1278 4798 crux
1293 4741 1358 4811 luit,
1375 4745 1404 4800 et
1415 4742 1552 4802 Christus
1566 4746 1734 4804 crucifixus.

117 4837 265 4898 Debilium
280 4834 413 4904 baculus,
430 4832 605 4889 miserorum
621 4828 749 4886 maxima
762 4829 856 4885 virtus
873 4846 879 4887 :
996 4828 1083 4902 Virgo
1099 4829 1200 4896 Maria,
1215 4833 1266 4886 tuo
1282 4835 1424 4903 quantum
1438 4832 1555 4890 servivit
1568 4834 1689 4894 honori!

118 4926 279 5002 Splendida
292 4941 350 4999 quo
365 4921 453 4980 lanies
464 4920 545 4988 abiit,
562 4936 620 4993 quo
635 4933 730 4975 sermo
746 4919 866 4976 recessit
956 4883 980 4949 D
995 4919 1035 4975 Te
1051 4918 1154 4975 mnndi
1169 4919 1333 4989 Dominam,
1350 4921 1488 4980 celorum
1502 4939 1594 4980 necne
1610 4924 1775 4998 benignam,
1805 4928 1854 4965 ⁴

116 5017 240 5085 Aureus,
256 5014 403 5071 humanos
417 5025 596 5083 componens
611 5006 721 5080 optime
736 5006 852 5064 mores?
994 5008 1138 5065 Omnibus
1154 5009 1184 5066 in
1199 5009 1275 5066 votis
1285 5010 1389 5081 tenuit,
1403 5009 1554 5086 praeligit,
1571 5014 1682 5070 amavit

117 5105 179 5168 Ouo
193 5107 245 5160 tua
259 5107 360 5160 sancta
374 5117 490 5169 manus,
505 5096 636 5171 fulgorus
652 5094 777 5166 denique
792 5096 872 5153 vinus
994 5097 1138 5169 Firmiter,
1155 5100 1242 5171 atque
1252 5097 1346 5156 Deum
1361 5098 1493 5157 recolens
1507 5100 1544 5158 de
1558 5105 1586 5158 te
1599 5106 1780 5175 generatum,
1792 5104 1854 5149 Α

116 5193 263 5264 Ouojacet
273 5191 303 5248 in
316 5191 422 5264 spatio,
436 5189 481 5246 vel
494 5205 552 5261 qno
563 5183 720 5259 requiescit
734 5184 764 5240 in
779 5186 887 5241 antro?
994 5185 1120 5242 Extorsit
1129 5183 1273 5260 lacrymas
1288 5188 1357 5257 sibi,
1370 5189 1448 5261 quod
1464 5192 1516 5246 tua
1525 5195 1631 5248 sancta
1643 5189 1780 5258 mamilla,

292 5280 382 5349 flauo,
396 5279 431 5335 ad
442 5279 501 5336 baec
511 5275 684 5349 respondem,
700 5275 761 5329 eit:
992 5275 1086 5339 Ouam
1101 5273 1226 5331 lactasse
1241 5279 1332 5332 Deum
1347 5277 1457 5332 coelum
1474 5282 1584 5353 stupet,
1602 5280 1685 5339 orbis
1699 5281 1782 5337 adora

151 5368 258 5425 Ordine
269 5369 390 5425 funereo
406 5366 584 5424 clauduntur
601 5364 733 5421 membra
747 5361 880 5435 sepulcro
992 5361 1038 5417 llli
1055 5378 1143 5434 quam
1159 5362 1246 5418 luerit
1263 5364 1310 5436 pia
1323 5363 1512 5423 circumcisio
1528 5366 1649 5437 Christi,

115 5457 232 5516 Fmdore
244 5460 393 5530 perpetuo,
409 5454 455 5512 lex
469 5460 514 5512 est
529 5452 702 5512 mortalibus
715 5451 772 5508 isla
788 5468 794 5508 :
992 5453 1059 5517 Ouo
1075 5450 1182 5507 tenens
1197 5451 1338 5509 membris
1349 5453 1464 5511 inlluxit
1478 5456 1603 5513 vulnera
1615 5458 1713 5527 cultri,

112 5548 228 5607 Natura
242 5546 367 5620 genitor,
383 5561 481 5648 rernm
493 5543 654 5618 plasmator
665 5545 809 5601 etauctcr
992 5540 1093 5598 Testes
1104 5544 1174 5597 suut
1188 5541 1326 5613 gemitus,
1342 5542 1495 5606 oculorum
1510 5545 1625 5604 lumine
1640 5547 1701 5610 iusi
1716 5564 1722 5578 ·
