3884 6084
113 261 189 327 lost
527 262 601 327 LlD.
624 262 675 326 Dll
696 260 998 327 condonandus
1018 264 1228 332 ADVEN'DDS
1250 266 1403 332 DOMINI.
1739 270 1819 334 {082

110 414 172 456 non
187 395 435 482 inconvenienter,
445 401 479 454 ut
491 414 565 468 reor,
576 401 696 472 propter
708 399 838 472 quinque
848 396 938 470 hujus
952 400 980 467 Α
995 403 1076 456 ratur
1098 400 1214 458 Gabriel
1242 401 1435 477 archangelus
1462 399 1572 461 missos
1586 401 1622 461 ad
1638 402 1820 477 Zachariam,

112 487 212 545 seculi
229 487 376 553 artetesin
390 486 499 560 quibus
514 487 677 544 humanum
694 504 788 562 genus
802 488 938 561 subjugo
992 488 1127 547 videlicet
1149 491 1272 548 nuntius
1298 492 1459 550 nativitatis
1483 493 1671 567 precursoris
1692 493 1818 551 Domini.

112 576 224 634 diaboli
247 577 394 649 captivum
409 576 572 642 tenebatur,
588 594 744 650 quousque
758 594 810 651 per
825 577 938 635 intacta
992 580 1101 636 Verum
1126 581 1215 636 etiam
1240 585 1269 638 ct
1293 581 1446 655 prophetia
1473 581 1616 638 Zacharia
1637 583 1673 639 de
1687 584 1820 640 Adventu

111 666 245 740 Virginis
253 668 370 722 uterum
382 667 528 723 nascendo
538 683 625 722 carue
636 671 797 740 appareret,
815 667 938 740 quicar-
994 669 1122 738 Domini,
1135 674 1163 725 ot
1171 669 1287 726 Gabriel
1296 671 1408 727 missus
1417 673 1452 728 ed
1463 671 1584 728 Mariam
1594 671 1738 745 virginem
1752 689 1819 729 nar·

112 755 161 814 nis
171 759 290 829 peccata
300 772 350 829 per
360 756 406 812 sui
420 755 549 828 corporis
564 756 690 813 hostiam
701 755 830 813 aboleret
840 761 869 813 et
882 758 939 813 ini·
995 774 1063 815 runs
1083 758 1108 814 ei
1134 760 1353 831 conceptionem
1375 759 1531 817 salvatoris
1558 761 1660 829 nostri,
1676 763 1705 817 et
1719 765 1822 818 cetera

112 845 190 901 tium
207 847 292 901 sexte
309 845 460 917 sequentis
476 845 568 901 etatis
583 845 786 901 sanctificaret.
802 844 854 902 Vel
870 847 941 918 quia
994 847 1064 904 talia
1079 865 1173 919 usquo
1198 848 1234 903 ad
1259 848 1354 921 ipsam
1380 849 1575 905 Nativitatem.
1593 849 1702 922 Nempe
1717 853 1745 906 et
1757 850 1821 925 ipsa

111 933 236 992 interior
247 937 347 990 nostor
361 933 449 990 horno
464 950 516 1006 per
537 935 668 1006 quinque
689 952 794 992 sensus
809 936 940 1009 corporis
995 941 1100 1010 quarta
1115 937 1308 1005 bebdomada,
1325 938 1379 994 hoc
1394 942 1448 1007 est,
1465 955 1528 1011 qurn
1548 937 1682 1010 proxima
1696 942 1741 996 cst
1755 942 1821 996 aute

112 1023 323 1097 corrumpitur,
344 1023 386 1078 ita
409 1028 441 1079 ut
462 1023 492 1078 in
513 1024 597 1080 nobis
611 1042 690 1081 more
703 1031 848 1098 operetur,
864 1026 941 1082 sicut
995 1025 1096 1082 Natale
1112 1026 1238 1093 Domini,
1255 1027 1314 1084 sive
1341 1027 1369 1083 in
1395 1044 1453 1100 qua
1476 1026 1647 1097 celebratur,
1663 1027 1822 1101 singularis

112 1110 337 1186 propbetadicit
349 1129 356 1166 ε
368 1112 500 1169 lutroioit
512 1128 590 1169 inore
598 1115 805 1185 perfecerimus
815 1120 940 1183 restrum
996 1119 1049 1172 est.
1066 1116 1159 1171 Habet
1174 1115 1204 1171 in
1220 1115 1385 1172 matutinali
1401 1116 1497 1172 cilicio
1515 1133 1567 1188 per
1582 1132 1822 1189 unamquamque

113 1205 263 1277 quatenus
274 1200 304 1256 in
320 1200 367 1258 his
383 1201 513 1275 quinque
529 1201 763 1259 hebdomadibus
778 1203 939 1276 hospitium
996 1203 1097 1261 seriam
1114 1205 1290 1277 antiphonas
1306 1204 1437 1278 propriae
1450 1204 1478 1260 in
1490 1204 1822 1278 psalmislitaliomodo

113 1289 224 1364 mentis
234 1289 277 1345 illi
288 1290 348 1364 regi
362 1294 461 1346 nostro
478 1295 760 1365 preparetur,quem
772 1292 942 1365 prophetica
996 1298 1097 1350 auctor
1112 1294 1282 1350 Lectiouarii
1298 1295 1383 1350 docet
1398 1310 1451 1351 nos
1466 1310 1554 1366 quum
1572 1295 1655 1352 tortis
1670 1294 1708 1351 sit
1722 1294 1821 1352 Domi·

112 1379 202 1437 lectio
213 1380 242 1435 in
253 1380 318 1452 ipsa
328 1378 514 1436 hebdomoda
528 1380 687 1452 quintohis
697 1380 794 1437 verbis
809 1398 941 1454 pronun·
996 1399 1063 1448 nus,
1077 1381 1127 1456 qui
1137 1387 1277 1439 venturus
1292 1387 1336 1439 est
1350 1383 1386 1439 ad
1403 1400 1466 1450 nos,
1478 1387 1506 1438 ct
1522 1383 1685 1440 intraturus
1700 1384 1821 1440 domum

112 1469 169 1526 tint
183 1473 359 1526 venturum:
376 1472 449 1527 Ecce
464 1470 527 1526 dies
543 1469 747 1539 seniorecto
760 1473 942 1541 hominunm
995 1474 1138 1539 nostram,
1153 1471 1228 1527 utin
1243 1488 1277 1528 ea
1292 1471 1413 1538 habitet,
1423 1487 1512 1544 quam
1528 1470 1658 1528 solemus
1672 1472 1823 1530 sordidare

113 1559 261 1616 suscitato
275 1559 371 1616 Dauid
386 1575 504 1630 germen
512 1563 637 1632 justum.
997 1559 1127 1633 quinquo
1142 1559 1277 1616 sensibus
1293 1560 1410 1617 nostris.
1424 1559 1519 1617 illices
1533 1560 1632 1616 torma
1647 1559 1758 1617 intrant
1772 1575 1824 1633 per

151 1650 225 1704 ltem
240 1647 270 1703 in
285 1647 496 1720 Antiphonario
511 1649 617 1705 diurno
630 1654 696 1722 post
707 1650 763 1705 tria
779 1650 942 1707 oflicinsta·
997 1647 1245 1722 ooulos,suepicio
1261 1647 1340 1705 mala
1355 1649 1390 1705 de
1406 1649 1494 1706 fratre
1508 1665 1560 1722 per
1575 1647 1824 1718 auree,odorlihi·

112 1737 168 1794 tim
186 1735 942 1810 sequiturJejuniumdcindeDominicavacat,utox
998 1738 1118 1795 diuosus
1144 1756 1195 1811 per
1223 1755 1318 1807 nares,
1336 1755 1388 1811 per
1412 1754 1445 1794 os
1472 1737 1615 1812 ingluvies
1643 1736 1756 1812 polluit,
1772 1754 1825 1811 per

114 1824 171 1882 boc
183 1825 298 1898 liquido
312 1828 519 1899 comprobetur
530 1830 674 1900 quantum
687 1828 775 1885 etiam
786 1829 886 1900 in2hoc
897 1829 944 1886 de·
997 1831 1109 1884 tactum
1125 1826 1293 1884 crudelitas.
1302 1828 1332 1883 ln
1342 1827 1479 1885 sordibus
1491 1845 1547 1883 uon
1563 1826 1766 1884 vulthabitare
1773 1843 1824 1884 rex

111 1913 312 1988 linquantqui
321 1915 496 1988 inpraesenti
507 1932 583 1971 enno
588 1916 828 1991 jejunium,quod
836 1936 943 1991 praece-
996 1919 1147 1974 venturus.
1164 1916 1225 1972 Nisi
1247 1915 1347 1988 itaque
1369 1919 1512 1989 purgetur
1535 1915 1707 1988 hospitium,
1723 1918 1756 1971 ut
1770 1932 1823 1973 nec

114 2005 184 2061 dere
198 2004 310 2073 debuit,
326 2010 393 2078 post
407 2004 589 2061 Dominicam
620 2024 685 2079 qure
711 2012 795 2064 vacat
818 2015 942 2082 ponunt,
998 2005 1101 2063 saltem
1117 2005 1213 2078 pulvis
1227 2004 1332 2062 talium
1348 2004 1586 2078 phantasmatum
1601 2007 1823 2072 remaneat,non

114 2093 280 2150 Adventum
296 2094 409 2150 Domini
426 2095 598 2152 inchoantes
612 2114 641 2153 vr
656 2097 718 2153 llal.
735 2099 870 2155 Decemh.
998 2094 1167 2169 dignabitur
1181 2094 1290 2168 hospes
1313 2099 1454 2150 venturus
1476 2093 1585 2150 intrare
1599 2093 1629 2148 in
1645 2092 1738 2149 illum.
1757 2094 1823 2150 ldeo

152 2182 271 2251 Quodsi
284 2183 339 2239 hoc
352 2188 485 2240 caventes
501 2185 583 2257 prius
595 2186 742 2257 jejunant,
752 2186 943 2244 nihilominus
998 2184 1100 2240 scribit
1112 2187 1214 2239 auctor
1226 2182 1357 2256 quinque
1368 2181 1507 2238 lectiones
1522 2182 1653 2254 quinque
1667 2181 1826 2238 hebdoma-

114 2275 220 2328 oontra
229 2271 349 2328 Petrum
362 2272 497 2328 institute
507 2281 607 2346 agunt,
618 2274 822 2347 quijcjunium
838 2278 944 2334 decimi
999 2274 1102 2329 darum
1114 2276 1206 2328 utnos
1217 2270 1565 2327 horteturcircumcidere
1577 2269 1708 2342 quinque
1719 2286 1824 2327 seusus

115 2360 230 2417 mensis
243 2377 360 2434 semper
373 2360 403 2417 in
420 2361 551 2434 proximo
561 2364 687 2420 Sabbata
700 2369 767 2421 ante
776 2365 877 2422 Natalc
887 2367 943 2424 Do·
998 2366 1116 2418 nostros
1127 2362 1163 2418 ab
1176 2361 1256 2418 omni
1266 2359 1346 2426 vitio,
1357 2362 1386 2416 et
1396 2376 1499 2433 parare
1509 2359 1694 2417 mansionem
1704 2357 1824 2433 dignam

114 2448 192 2505 mini
211 2449 420 2507 celebrandum
446 2455 621 2508 statuerunt.
639 2452 862 2517 Quaternarium
878 2473 944 2513 vero
999 2451 1060 2524 regi
1075 2455 1104 2507 et
1118 2451 1242 2507 Domino
1257 2455 1345 2522 atque
1359 2465 1426 2506 vero
1442 2449 1600 2523 propheta.

114 2553 285 2607 numerum,
298 2555 395 2611 quem,
413 2544 446 2595 ut
461 2557 550 2613 supra
565 2540 777 2608 uotavimuas.
788 2543 944 2617 Gregorius
1034 2564 1048 2591 «
1062 2540 1174 2612 Deipso
1183 2556 1250 2613 rege
1260 2539 1331 2595 dicit
1341 2538 1438 2613 prima
1447 2537 1545 2594 lectio:
1557 2542 1624 2594 Ecce
1632 2538 1691 2594 dice
1701 2540 1824 2610 veniunt,

115 2625 147 2683 in
162 2631 270 2699 quarta
283 2628 436 2685 Dominica
450 2630 485 2685 de
499 2630 632 2686 Adventu
646 2632 761 2687 Domini
777 2633 883 2690 diebus
893 2651 944 2707 po·
998 2630 1066 2687 dicit
1082 2631 1224 2697 Dominus,
1241 2636 1266 2684 ct
1280 2629 1414 2685 euacuabo
1438 2627 1528 2684 Dooid
1546 2643 1658 2698 pomnen
1667 2627 1782 2698 justum,
1799 2635 1827 2683 et

115 2713 179 2774 anit
186 2715 238 2771 tali
247 2714 398 2774 celebrans
408 2720 749 2789 sacramentomthomo,
757 2722 807 2793 qui
819 2727 946 2795 quatuor
998 2718 1123 2790 regnabit
1137 2734 1196 2785 reo,
1212 2721 1237 2772 et
1251 2719 1361 2788 sopierat
1375 2718 1437 2773 erit.
1453 2716 1489 2771 ut
1503 2715 1609 2770 iterum
1626 2715 1661 2770 dc
1676 2714 1799 2771 Domino
1816 2730 1824 2773 τ

116 2803 430 2873 oonsistitelementis‚
448 2824 499 2879 por
514 2813 642 2879 quatuor
665 2809 865 2868 hebdomadas
880 2813 944 2884 ejus
998 2809 1032 2864 Et
1059 2807 1108 2863 hoc
1136 2814 1174 2862 est
1202 2821 1312 2873 nomen,
1330 2805 1399 2877 quod
1428 2803 1561 2860 rrocohunt
1586 2820 1659 2871 eum,
1688 2805 1825 2861 Dominus

114 2897 266 2965 exspectet
279 2894 455 2963 Adventum,
472 2912 559 2968 quem
576 2914 627 2970 per
648 2902 707 2955 tres
723 2899 841 2956 ordines
855 2900 943 2957 libro·
994 2897 1085 2969 justus
1098 2903 1199 2952 norim.
1216 2895 1251 2950 ut
1268 2894 1377 2949 iterum
1393 2895 1423 2949 in
1438 2891 1593 2965 llvnngelio
1609 2893 1644 2949 de
1658 2891 1823 2966 propheta:

115 2998 197 3050 rum,
213 2981 286 3056 legis
299 2982 420 3052 scilicet,
436 2984 657 3058 prophetarum,
675 2987 858 3060 psalmorum
874 2989 944 3045 olim
1000 2983 1385 3056 Quinhicestoercprophctc,
1395 2983 1669 3054 quioenturusestin
1679 2981 1824 3037 muudum.

115 3070 265 3144 promisit,
281 3075 310 3128 et
323 3089 375 3146 par
389 3078 539 3146 quartum,
556 3075 641 3131 idest
656 3075 833 3150 principium
848 3078 943 3135 Evan-
1035 3068 1826 3144 «Auctorllissalissivehntiphonariieamdemprapa·

114 3158 195 3237 gatii,
207 3161 310 3233 angelo
319 3167 426 3218 sancta
443 3162 539 3219 Maria
548 3180 664 3236 semper
671 3165 775 3238 virgini
785 3170 943 3241 conceptus
957 3142 980 3212 G
999 3163 1142 3220 rationem
1153 3162 1288 3218 hortetur
1298 3177 1352 3217 nos
1364 3160 1457 3217 iacere
1469 3177 1520 3233 per
1529 3163 1657 3232 quatuor
1665 3158 1822 3216 hebdoma-

115 3263 149 3305 ιο
164 3248 327 3306 nativitatis
351 3251 416 3322 ejus
444 3252 577 3308 ordinem
603 3257 749 3324 narrante,
767 3254 944 3314 adsalutem
999 3253 1062 3309 das.
1074 3249 1338 3308 sicutenimhomo
1350 3248 1540 3305 internuntiis
1551 3247 1682 3321 quinque
1692 3249 1829 3307 sensibus

115 3335 240 3393 humani
251 3339 543 3412 generis,certissinre
552 3341 740 3398 scimushuic
749 3344 860 3400 mundo
873 3361 944 3418 prae-
999 3343 1034 3399 ad
1047 3341 1177 3397 animam
1189 3341 1261 3397 bene
1271 3343 1323 3395 aut
1334 3337 1410 3394 male
1421 3341 1573 3410 operatur;
1588 3337 1629 3392 ita
1639 3354 1690 3410 per
1705 3341 1831 3411 quatuor

115 3415 454 3485 scrutumlltnetanta
468 3428 520 3486 illa
533 3430 685 3503 parvitatis
701 3448 771 3488 moa
787 3433 944 3503 attestatio,
999 3432 1143 3487 elementa
1158 3433 1209 3485 aut
1223 3428 1283 3484 ruit
1299 3428 1335 3483 ad
1350 3427 1429 3483 mala
1442 3425 1615 3500 corporalia,
1626 3430 1677 3482 aut
1692 3427 1785 3500 surgit
1793 3427 1828 3483 ad

114 3530 206 3588 quam
223 3531 257 3571 ex
272 3515 397 3573 eliorum
423 3517 516 3591 magis
541 3535 630 3591 quum
646 3536 680 3575 ex
695 3521 813 3593 propria
836 3522 944 3594 protuli
999 3521 1085 3576 hona.
1101 3520 1283 3591 Quapropter
1297 3516 1433 3573 hortatur
1448 3533 1511 3584 uos,
1521 3518 1554 3572 ut
1566 3515 1635 3583 dixi,
1652 3518 1753 3572 auctor
1767 3531 1829 3572 rna·

115 3604 274 3674 nutantia,
286 3605 421 3662 videatur
436 3607 686 3679 parvipendenda,
705 3610 851 3680 majorum
867 3611 946 3668 dicta
1000 3611 1141 3678 moratuS,
1152 3610 1194 3673 ut,
1210 3605 1236 3662 si
1252 3622 1346 3679 nsque
1360 3606 1447 3662 modo
1462 3604 1629 3678 torpuimus
1640 3603 1828 3679 negligentia,

115 3697 266 3767 ponantur
279 3693 310 3749 in
326 3693 476 3763 medio,ut
486 3694 528 3753 vel
545 3713 579 3751 ex
593 3696 640 3753 hie
654 3696 766 3770 liquido
779 3701 946 3772 comproba
999 3696 1105 3754 dehinc
1115 3711 1274 3769 surgamus
1285 3695 1321 3751 nd
1331 3695 1532 3752 mundandam
1548 3694 1669 3750 domum
1686 3697 1827 3763 nostram,

111 3782 165 3839 tur
178 3798 307 3855 quorum
323 3800 396 3839 usus
411 3784 518 3841 rectior
532 3784 685 3842 habeatur.
1000 3784 1301 3859 utquinouexcitntus
1312 3783 1395 3841 estin
1406 3782 1827 3857 quintahebdomada,saltem

447 3883 563 3939 CAPUT
582 3884 617 3940 Η,
999 3879 1101 3948 surgat
1110 3875 1139 3930 in
1151 3878 1266 3946 quarta.
1279 3875 1378 3946 lpsum
1392 3871 1469 3929 enirn
1482 3874 1568 3928 sonat
1580 3871 1665 3928 lectio
1681 3889 1745 3944 qua
1760 3870 1829 3946 legi·

131 3956 212 4015 ldem
232 3960 624 4031 continuatureulmoturic,
640 3965 787 4021 Fortunato
803 3975 828 4022 et
843 3967 925 4024 Dedo.
998 3967 1047 4020 tur
1074 3963 1105 4019 in
1134 3967 1239 4034 quarta
1267 3961 1454 4018 hebdomada
1471 3977 1478 4015 :
1495 3961 1604 4016 Scimus
1628 3956 1829 4033 quio'lioroeet

149 4045 199 4103 Ait
212 4064 319 4122 nempe
332 4048 498 4107 Amalnrius
510 4049 572 4124 (lib.
587 4069 617 4108 nr
633 4054 734 4110 Douka.
750 4055 843 4126 offic,
854 4056 944 4128 ald),
994 4053 1056 4126 jorn
1069 4050 1267 4107 conderemus
1280 4066 1402 4120 surpere,
1419 4054 1448 4105 ct
1462 4046 1584 4121 reliqua

116 4133 285 4193 divinorum
300 4136 464 4195 ciliciorum
477 4144 624 4196 scrutator
633 4159 691 4198 non
700 4146 942 4203 contemnendus:
1034 4164 1048 4190 «
1065 4140 1129 4196 Non
1143 4138 1255 4207 dubito,
1273 4142 1425 4212 propterea
1448 4140 1597 4193 cantorem
1619 4137 1648 4191 in
1665 4136 1827 4194 memmi!

116 4246 131 4274 a
141 4223 176 4281 ln
187 4225 318 4298 antiquis
326 4226 411 4284 libris
426 4229 590 4285 Missalium
605 4231 888 4290 etLectionariorum
899 4249 943 4290 re·
998 4227 1183 4296 bebdomada
1197 4220 1266 4283 cuni
1280 4228 1352 4283 tuha
1367 4243 1453 4283 suam
1467 4224 1593 4283 exaltare
1608 4240 1707 4281 vocem
1724 4239 1730 4278 :
1746 4223 1787 4282 lo
1801 4231 1827 4280 tc

116 4313 697 4392 periturscriptum,hebdomadaquinta
707 4322 881 4379 anteNatale
891 4324 945 4381 Do·
999 4319 1086 4375 levavi
1101 4319 1225 4373 animam
1239 4333 1338 4385 mom,
1351 4321 1384 4372 ut
1398 4315 1503 4374 excitet
1526 4331 1575 4371 cos
1602 4313 1652 4387 qui
1676 4313 1707 4369 in
1722 4311 1826 4385 quinta

116 4401 189 4459 ruini
207 4403 354 4462 :totidem
370 4405 449 4462 enim
470 4405 608 4465 lectiones
625 4408 773 4466 habentur
787 4411 817 4467 in
833 4412 943 4469 Lectio·
998 4406 1182 4464 hebdomada
1198 4422 1301 4478 sopore
1317 4404 1500 4478 negligentia
1516 4401 1648 4476 oppressi
1663 4403 1743 4458 suut.
1810 4429 1813 4432 <

115 4491 209 4560 ΜΟ,
226 4496 255 4548 ct
273 4493 395 4550 totidem
423 4495 579 4569 Evangelio
594 4514 611 4553 a
625 4502 756 4571 ternpore
781 4505 942 4557 memorato
957 4517 981 4584 p
1034 4518 1048 4547 «
1065 4496 1214 4562 Quomodo
1223 4499 1320 4550 autern
1332 4499 1462 4550 hamram
1474 4493 1595 4549 domurn
1607 4489 1826 4564 prepararede·

116 4595 168 4654 per
181 4579 245 4638 dies
259 4582 426 4640 Dominicos
448 4600 542 4658 usque
561 4586 598 4642 ad
613 4585 798 4656 Nativitatem
813 4590 941 4646 Domini.
997 4583 1170 4651 beamus,in
1186 4584 1378 4656 sequentibus
1393 4586 1556 4640 memorata
1567 4580 1652 4638 lectio
1667 4582 1823 4637 monstrat:

115 4668 348 4742 lutipbouarius
362 4673 451 4730 babet
459 4674 514 4730 tria
530 4674 627 4732 officia
636 4677 752 4744 diurna,
765 4681 793 4734 et
804 4682 941 4751 quartum
996 4679 1057 4732 Non
1072 4677 1102 4730 iu
1115 4673 1356 4730 comssationibus
1379 4680 1404 4728 et
1426 4672 1614 4738 ebrietatibus,
1631 4686 1688 4726 nou
1702 4670 1733 4724 io
1746 4669 1825 4724 cubi·

115 4754 940 4837 iadieDominico,quivacat,postlectiouesduodecim;
997 4764 1068 4820 lidus
1081 4772 1107 4820 et
1120 4762 1311 4835 impudicitiis,
1327 4778 1383 4818 nou
1411 4762 1442 4816 in
1464 4761 1637 4818 ementiore
1659 4765 1687 4815 et
1705 4756 1824 4814 aemulo·

115 4851 261 4905 motnma
274 4865 342 4906 vero
357 4855 493 4923 quatuor,
510 4857 543 4909 ut
568 4853 703 4927 superius
727 4854 796 4923 dixi,
812 4871 865 4928 per
879 4856 941 4912 dies
996 4854 1079 4918 tione,
1093 4852 1139 4908 sed
1153 4852 1306 4918 induimini
1319 4851 1465 4908 Dominum
1478 4850 1570 4906 lesum
1584 4847 1732 4903 Christum.

115 4933 589 4998 Dominrcos.huctorhectionnrii
598 4943 705 4999 excitat
716 4943 940 5001 fidomnostram
1033 4963 1047 4992 u
1061 4941 1201 4998 hamdem
1213 4935 1716 5014 preparationeminculcatinaures
1727 4931 1823 4989 cordia

115 5024 152 5081 ad
161 5024 351 5084 muniendum
362 5028 477 5085 Domini
489 5029 581 5086 nostri
591 5030 660 5087 lesu
671 5031 778 5088 Christi
788 5033 902 5088 venturi
911 5034 941 5089 in
996 5031 1088 5088 nostri
1102 5030 1367 5087 sacramentarium
1380 5045 1386 5084 :
1403 5027 1602 5098 suscipiamus,
1612 5021 1760 5095 inquiens,
1771 5026 1824 5078 llo·

115 5115 261 5172 mamm
285 5117 462 5189 preconium
486 5136 538 5192 per
562 5119 692 5192 quinqua
712 5125 810 5178 aetates
825 5121 938 5178 mundi.
994 5123 1081 5187 mine,
1095 5120 1313 5177 miscricordiam
1340 5126 1416 5174 tuum
1437 5119 1466 5172 in
1489 5114 1579 5171 audio
1607 5113 1703 5184 tempti
1725 5113 1777 5178 tui,
1794 5119 1824 5167 ut

114 5203 225 5260 Auctor
238 5204 368 5262 missalis
387 5208 438 5280 qui
453 5208 624 5264 nominatur
638 5209 824 5283 Gregorialis,
841 5216 869 5266 et
881 5214 940 5267 ltn-
995 5211 1178 5283 reparationis
1193 5214 1294 5266 nostra
1309 5217 1420 5265 eventurn
1442 5207 1576 5263 solemnio
1595 5203 1724 5275 congruis
1738 5202 1823 5259 douo·

114 5290 347 5365 tiphonarii,ncs
356 5296 459 5369 tangit,
471 5300 503 5352 ut
512 5296 676 5355 recolamus
692 5299 872 5355 nativitatem
890 5305 940 5356 Do·
994 5300 1070 5356 ritus
1083 5299 1281 5370 procedamus.

113 5379 188 5437 mini
201 5380 377 5440 celebratam
393 5389 519 5457 perires
534 5387 652 5444 ordines
668 5387 940 5456 librorum,scilicet
1030 5412 1044 5439 a
1060 5387 1089 5443 Si
1097 5384 1486 5460 quisvolueritnostradicta
1496 5379 1753 5454 intringere,quasi
1763 5395 1821 5435 non

111 5464 197 5543 logis,
214 5471 425 5545 prophetarum
446 5479 475 5533 et
497 5475 690 5550 psalmorum,
708 5494 831 5533 necnon
847 5482 875 5533 et
889 5494 941 5550 per
994 5478 1054 5534 siut
1069 5479 1195 5549 quotuor
1209 5473 1399 5531 hebdomadas
1415 5472 1505 5546 plena
1521 5473 1714 5528 ememoruta
1724 5466 1821 5525 Domi-

77 5628 87 5645 !
111 5563 268 5634 quartum,
283 5560 315 5618 id
325 5566 371 5619 ost
381 5563 559 5638 principium
574 5565 733 5640 llvangelii,
751 5567 780 5623 in
798 5583 856 5639 quo
871 5583 938 5625 nar·
994 5566 1060 5624 nica
1084 5579 1178 5639 usque
1200 5562 1231 5622 iu
1253 5562 1443 5623 nationum
1467 5560 1596 5633 Domini,
1608 5559 1723 5617 videtur
1746 5553 1821 5612 mibi
