3884 6084
116 265 178 332 639
643 266 787 335 cuntur
813 266 953 333 enasci
977 264 1156 333 uoulcut
1177 267 1359 337 enucleo.
1768 265 1832 349 dtu

116 402 247 462 millibus
263 400 509 473 Normannorum,
525 403 666 476 quoniam
676 402 900 479 'Burgundiones
916 403 941 458 ci
955 405 986 470 Α
999 400 1166 469 hominum,
1181 405 1286 476 prater
1297 401 1430 461 civitates
1444 405 1475 459 et
1489 405 1587 459 cestra
1603 399 1762 469 tutissima,
1781 419 1831 473 us,

117 490 198 550 inere
214 490 347 559 rebelles,
359 489 490 551 nolentes
501 508 568 549 eum
581 492 729 566 suscipere
739 490 768 549 in
779 490 947 548 civitatibus
1002 505 1059 563 que
1073 489 1104 546 in
1119 491 1286 565 superiores
1300 489 1476 564 burgundia
1492 492 1591 565 partes
1612 489 1666 556 Oui
1679 488 1833 551 maneam

117 585 146 638 et
160 581 264 639 castris
279 598 342 655 qua
358 581 475 639 inerant
490 581 574 639 ducis
590 581 716 650 Hearici,
730 581 794 654 ejus
813 579 948 637 videlicet
1002 578 1128 645 rediens,
1145 581 1211 652 post
1225 579 1286 637 hec
1301 583 1400 637 umen
1415 578 1484 637 iicet
1498 577 1614 637 madius
1629 580 1666 637 sd
1682 594 1717 637 sc
1737 596 1833 641 muer-

117 670 252 727 avuncuii
263 688 270 737 ;
281 670 353 744 quin
366 671 465 743 potius
476 670 531 728 sibi
548 671 578 727 in
594 670 726 744 propriae
745 669 870 727 divisere
880 686 946 742 par·
1002 667 1043 724 sis
1060 666 1329 741 Burgundionibus,
1345 685 1485 746 prospere
1507 667 1680 728 universum
1706 668 1833 737 obtinuit

117 759 335 817 tes.Deveniens
343 776 461 832 quoque
472 776 521 817 rex
530 759 669 834 primitus
677 776 744 817 cum
752 758 830 816 omui
842 758 948 815 exerci·
1001 755 1161 831 regionem.

116 851 148 907 tu
160 848 308 905 civitatem
324 848 642 917 autissiodorumcum
658 848 810 905 obsidione
823 847 946 905 circum·
1323 846 1440 905 CAPUT
1460 846 1504 903 IX.

115 935 319 1003 deditouidiu
328 937 367 994 ibi
379 937 489 995 crebris
499 936 947 1011 assultibusfatigatusrosidens
1062 937 1101 991 lle
1113 936 1188 1007 sume
1204 936 1294 992 uciidc
1307 943 1333 992 et
1346 938 1522 1008 insectatione
1534 937 1765 995 Sarraceaoruea.

116 1042 173 1082 non
189 1026 329 1085 adversus
344 1044 409 1083 eam
426 1025 588 1100 prevaluit,
604 1043 669 1101 qua
683 1027 777 1085 fertur
792 1040 945 1098 nunquam
1036 1024 1144 1081 Eodem
1157 1028 1255 1083 autem
1270 1024 1491 1100 temporeiscta
1503 1028 1549 1086 est
1563 1024 1832 1101 remaneremus·

115 1112 217 1171 fraude
231 1115 273 1172 voi
288 1116 373 1173 hoste
383 1116 475 1173 luisse
484 1116 613 1188 decepta.
622 1114 731 1171 Relicta
743 1131 870 1187 namquo
881 1112 947 1171 civi.
1001 1112 1202 1187 quinquennio
1217 1112 1247 1169 in
1264 1114 1399 1171 universo
1414 1114 1544 1173 Romano
1554 1113 1838 1189 cresanciacum

114 1205 322 1273 tute,re1eum
339 1205 474 1262 universo
488 1203 591 1260 bellico
606 1207 748 1278 apparatu
764 1202 906 1258 convertit
913 1218 946 1260 ee
1000 1201 1083 1259 nulia
1097 1203 1248 1259 audiretur
1260 1219 1319 1261 non
1335 1203 1420 1277 inops
1436 1202 1514 1279 regio
1538 1207 1566 1260 et
1591 1201 1734 1278 indigens
1746 1220 1837 1278 pecs.

114 1291 150 1348 ad
166 1296 296 1351 castrum
311 1292 387 1349 beati
400 1292 535 1366 praesulis
545 1292 681 1349 Germani
703 1291 944 1382 expugnandum,
1000 1290 1144 1365 Multique
1158 1292 1291 1349 exhausti
1302 1292 1403 1351 inedia
1411 1292 1447 1350 de
1461 1291 1834 1368 praeuaricationem

115 1383 193 1455 quod
209 1382 323 1441 munito
335 1397 439 1454 aggere
451 1380 624 1454 praepollens
640 1381 729 1437 haret
744 1381 864 1438 civitati.
876 1378 944 1437 Vel·
999 1381 1089 1438 atiam
1105 1380 1254 1455 perplura
1266 1381 1332 1439 loca
1344 1386 1501 1452 terrarum,
1514 1398 1572 1439 non
1588 1380 1689 1441 solum
1699 1382 1833 1445 immua-

114 1471 224 1528 lavernl
239 1472 316 1528 enim
330 1471 410 1543 illud
426 1470 562 1526 bandrici
586 1470 702 1527 comitis
726 1470 869 1527 exercitus
891 1485 945 1526 nec
998 1469 1826 1545 dorumanimaliumetreptiiium‚verumetismvircrum

115 1560 318 1632 nonejusdem
330 1558 385 1616 loci
398 1559 556 1616 familiares
569 1559 770 1627 viri‚hostium
796 1558 943 1632 siquidem
998 1575 1032 1614 ae
1048 1558 1206 1617 mulierum
1222 1557 1438 1633 infantiumque
1453 1575 1557 1617 carnos
1570 1557 1721 1634 compulit
1739 1558 1825 1623 lama

114 1653 278 1709 metuentes
293 1648 368 1706 sacri
382 1649 480 1722 gregis
495 1646 731 1720 diremptionem.
751 1648 883 1704 Occurrit
897 1649 943 1706 in·
997 1646 1118 1704 horrida
1131 1664 1247 1705 sumere
1268 1648 1298 1707 in
1320 1647 1517 1717 cioummulla
1538 1647 1582 1705 vei
1598 1652 1761 1722 putatum
1783 1649 1823 1709 ab

112 1743 192 1798 terea
207 1738 314 1797 iuranti
326 1742 386 1813 regi
398 1735 662 1795 Odilovenerabilis
671 1736 763 1794 abbas
774 1736 979 1844 elucidem-B
998 1740 1093 1792 stante
1103 1735 1408 1794 necessitudine.Nem
1419 1752 1452 1793 eo
1465 1751 1561 1810 usque
1570 1736 1821 1813 deuenemtbsju

114 1829 156 1887 sie
167 1826 472 1909 monasterii,cupiens
487 1824 660 1887 intervenire
674 1829 773 1898 partes
783 1830 938 1900 utrasque:
995 1824 1106 1883 sevitia
1118 1825 1216 1895 tamis,
1233 1828 1339 1899 etjam
1355 1824 1452 1883 adulti
1463 1824 1516 1883 lllii
1531 1830 1748 1885 consumerent
1765 1844 1820 1887 mc·

112 1916 261 1992 siquidem
276 1920 310 1975 ut
325 1916 386 1990 regi
401 1917 585 1974 exhiberetur
601 1915 940 1985 honorificentiasoiida-
995 1919 1064 1982 tres,
1080 1913 1211 1988 ipsaque
1225 1915 1256 1970 in
1270 1913 1419 1988 parvulos,
1433 1913 1665 1988 remotepietste
1676 1919 1815 1987 mauros,

112 2011 194 2065 retur
209 2006 366 2065 concordia
381 2004 557 2080 principum,
568 2023 625 2080 pax
645 2006 746 2080 patria
761 2006 938 2064 firmaretur.
993 2003 1071 2061 idem
1096 2007 1273 2069 exercerent.
1290 2003 1493 2077 Subsequento
1521 2019 1654 2077 namque
1682 2008 1819 2079 tempore,

111 2094 167 2160 Oui
183 2095 282 2153 minus
297 2111 385 2170 posse
400 2095 462 2152 fieri
474 2111 597 2152 cernone
608 2095 686 2168 quod
696 2095 940 2164 decreveratbor-
993 2109 1064 2165 gens
1077 2094 1305 2151 sarracenorum
1316 2090 1681 2166 conregnaturam
1697 2092 1819 2162 umine,

114 2185 233 2241 tabatur
248 2184 353 2241 iratres
362 2186 427 2240 octo
438 2182 708 2257 tantummodo,qui
719 2184 755 2241 ad
763 2183 940 2242 contessoris
992 2197 1111 2256 egressa
1125 2186 1170 2240 est
1183 2182 1220 2238 ab
1246 2180 1392 2240 Auicanis
1411 2181 1557 2254 partibus,
1572 2197 1729 2257 occupans
1746 2198 1821 2258 ¹pene

114 2270 281 2330 custodiam
296 2270 389 2328 relicti
414 2271 529 2329 luerent
553 2274 634 2342 (nam
651 2275 771 2329 ceteros
794 2288 861 2328 cum
885 2290 939 2331 suo
993 2271 1160 2331 universam
1175 2270 1484 2347 Hispaniaregicaem
1497 2287 1593 2345 usque
1617 2270 1650 2331 in
1674 2271 1821 2337 Auatmiac

114 2362 219 2421 abbate
233 2357 379 2418 Hilderico
402 2359 520 2418 nomine
542 2360 640 2433 jussio
667 2360 745 2435 regis
769 2361 838 2417 inde
861 2362 938 2419 exire
992 2359 1155 2420 Galliarum
1168 2358 1821 2434 caesareamquechmtimomndadue

114 2448 317 2523 compulerat),
332 2452 366 2506 ut
381 2447 505 2505 orationi
520 2447 664 2505 instarent
675 2447 802 2515 assidue,
818 2448 843 2505 si
865 2448 939 2506 torte
993 2451 1176 2524 stragessed
1192 2449 1260 2507 licet
1274 2449 1370 2524 impar
1384 2448 1635 2522 exercitusapius
1647 2452 1750 2509 umen
1758 2448 1822 2513 iniit

112 2537 229 2601 Domini
245 2537 341 2612 pietas
352 2553 413 2605 eos,
430 2536 595 2611 pariterque
610 2535 718 2606 locum,
729 2555 747 2592 a
761 2541 843 2594 tanta
857 2538 938 2596 ohsi-
992 2556 1060 2599 cum
1072 2537 1472 2614 eisprealiaWillermusdux
1482 2536 1820 2614 Navariwguouteuto

112 2627 199 2687 dione
220 2627 390 2703 dignaretur
413 2625 534 2699 eripere.
561 2627 646 2685 Sexto
661 2625 752 2700 igitur
776 2626 938 2685 obsidionis
992 2630 1129 2687 Sanctus.
1144 2629 1226 2686 Trruc
1249 2627 1338 2686 etiem
1352 2629 1390 2687 oh
1405 2626 1550 2688 exercitus
1564 2625 1720 2689 mittem
1742 2644 1821 2691 cem·

111 2714 324 2785 illuscescente,
341 2715 432 2774 nimio
458 2732 508 2773 rex
532 2721 667 2790 arreptus
695 2716 800 2785 lurore,
817 2715 938 2773 indutus
992 2717 1069 2792 pulsi
1085 2722 1155 2775 sunt
1178 2717 1306 2793 regionis
1330 2716 1411 2776 iilius
1434 2715 1571 2777 monachi
1596 2732 1721 2775 sumere
1739 2733 1823 2779 arna

111 2804 201 2863 lorica
215 2804 305 2863 simul
320 2809 349 2862 et
362 2803 455 2881 galea,
472 2821 649 2877 omnemque
668 2804 828 2863 exercitum
852 2805 938 2862 dictis
992 2806 1106 2865 bellica.
1123 2806 1209 2865 Ceae
1224 2806 1353 2880 denique
1364 2805 1492 2881 graviter
1503 2807 1635 2879 utraque
1648 2809 1823 2880 mua

111 2893 385 2962 exacuens,habens
401 2893 489 2951 etiam
505 2910 605 2950 secum
631 2892 783 2969 Hugonem
805 2895 938 2968 ejusdem
992 2896 1059 2955 dem
1072 2913 1212 2954 concessa
1226 2893 1536 2954 Christianisvictcris
1553 2895 1824 2970 postgtaadasua·

111 2984 194 3042 urbis
208 2983 386 3059 pontitioom,
403 2982 498 3040 solum
511 2999 545 3041 ex
569 2982 649 3041 omni
674 2983 845 3058 burgundia
863 2983 939 3057 perti
991 3003 1059 3045 num
1074 2985 1274 3060 dispendium,
1289 2985 1341 3058 qui
1355 2985 1527 3058 superfuere
1539 2984 1821 3057 Smmcenosumd

112 3073 189 3149 regis
205 3074 359 3132 laventem.
376 3073 478 3132 itidem
498 3089 625 3147 namque
651 3073 711 3149 regi
736 3074 765 3129 in
786 3073 937 3147 procinctu
991 3075 1118 3134 Africam
1135 3075 1227 3133 lacere
1241 3074 1423 3149 contagium.
1440 3074 1497 3133 eeu
1511 3077 1543 3133 ct
1556 3074 1588 3135 iu
1611 3072 1675 3135 tuta
1697 3072 1821 3139 diuma

108 3163 172 3238 jam
197 3163 356 3222 coasfituto
379 3162 506 3221 occurrit
528 3163 717 3236 supradictus
736 3163 827 3221 abbas
842 3161 935 3232 Odilo,
951 3145 974 3217 G
992 3163 1178 3223 conflictibus
1192 3163 1359 3238 praeliorum
1373 3166 1490 3227 comt
1502 3161 1740 3227 Christianorum
1751 3162 1819 3235 §tib

112 3251 197 3313 illum
212 3251 377 3326 increpans,
385 3253 509 3327 ejusque
522 3253 664 3327 primates
678 3252 869 3326 rederguens,
884 3268 938 3308 cur
991 3253 1088 3326 gioaos
1104 3252 1204 3326 plnres
1227 3252 1409 3322 occubuisse,
1426 3251 1477 3326 qui
1501 3250 1601 3326 potius
1622 3252 1667 3325 ab
1684 3250 1819 3323 bam

112 3341 375 3399 adversustantum
384 3340 434 3398 Dei
444 3340 735 3415 pontismem,scllieet
745 3341 936 3408 Germanum,
991 3342 1144 3399 eharitatis
1157 3358 1287 3400 amorem
1300 3340 1818 3417 omimtdaoortareqoamprop-

111 3428 212 3487 hostili
227 3445 317 3486 manu
331 3428 560 3487 insurrexissent
576 3447 583 3485 ε
599 3430 647 3487 cui
668 3428 843 3504 specialiter,
858 3434 895 3487 ut
906 3430 936 3486 in
990 3434 1035 3488 ter
1049 3430 1180 3505 aliquem
1192 3429 1317 3506 gloriam
1329 3429 1426 3489 laudis
1440 3429 1616 3505 pompatice,
1630 3433 1699 3492 αἱ
1711 3431 1818 3505 quippo

111 3517 204 3593 gestis
219 3515 298 3573 illius
311 3516 469 3589 invenitur,
484 3533 541 3574 usu
556 3517 613 3574 iuit
624 3518 677 3576 Dei
690 3517 798 3576 aumlio
815 3522 844 3576 et
861 3518 939 3577 belia
992 3537 1028 3579 eo
1037 3519 1267 3594 tempomtrater
1275 3519 1425 3594 quispiam
1436 3518 1576 3582 wlferius
1589 3518 1819 3589 mmiauduicie

112 3622 296 3681 compescere
311 3605 485 3680 piurimaet
505 3622 607 3680 regum
623 3607 767 3666 ferocitati
790 3608 936 3668 resistere.
992 3610 1153 3669 admodum
1164 3609 1307 3680 moribus,
1318 3608 1630 3671 emanationem
1642 3607 1820 3679 monueris

111 3697 201 3771 cnjus
214 3696 311 3754 verbis
326 3695 426 3754 minus
441 3695 574 3753 auditum
589 3696 762 3770 prebentes,
770 3715 827 3771 qno
837 3698 938 3756 tonde·
993 3699 1289 3774 ummagenseqaod
1304 3702 1351 3759 est
1360 3698 1451 3769 ciuem
1463 3697 1578 3772 inpage
1587 3696 1819 3769 domatum

111 3787 399 3860 banipervenerunt,
415 3785 624 3859 cingentesque
649 3785 851 3859 supradictum
874 3803 937 3849 cae·
992 3786 1040 3844 cui
1055 3791 1143 3861 stpam
1159 3784 1492 3862 apparuitdisquadam
1502 3784 1865 3849 nortmannia-satin

111 3879 191 3935 trum
207 3874 237 3935 in
251 3891 364 3933 corone
374 3872 642 3942 modum,certatim
653 3872 726 3931 illud
742 3877 938 3950 expugnaturi
993 3874 1160 3935 credulitati
1176 3876 1341 3935 commoda.
1356 3875 1542 3948 usmern-
1551 3891 1606 3950 pee·
1629 3874 1865 3951 wictim-

113 3963 248 4040 prelium
258 3961 651 4037 inieruntelternisquoque
661 3963 854 4037 partibusdiu
865 3964 939 4023 mul·
985 3963 1215 4023 matutinalium
1228 3964 1350 4024 laudum
1364 3965 1397 4025 in
1411 3964 1582 4038 sumadidc
1591 3963 1865 4039 summensis—

110 4059 236 4128 tumque
251 4052 479 4122 decertantibus,
488 4052 594 4111 domus
608 4069 669 4109 sua
682 4053 760 4126 parti
774 4053 824 4111 Dei
840 4053 937 4112 subito
994 4053 1087 4111 visset
1100 4053 1292 4124 monasterio,
1306 4052 1419 4115 esces
1441 4053 1584 4115 trabibus
1595 4051 1677 4115 iude·
1687 4052 1865 4129 aliqun-

111 4144 194 4201 ait'uit
207 4160 336 4218 presens
353 4140 505 4198 auxilium.
522 4141 595 4198 Nam
611 4142 745 4214 ejusdem
762 4143 849 4200 castri
871 4143 937 4200 uni·
992 4141 1088 4200 tutum
1103 4142 1141 4198 ad
1154 4158 1279 4216 pausem
1295 4139 1615 4209 aerumnarum
1630 4138 1812 4216 reptatam

109 4251 194 4291 versa
207 4230 353 4306 capacitas
363 4230 404 4287 ita
414 4229 525 4304 repieta
541 4234 587 4287 ost
597 4229 627 4287 in
642 4230 716 4287 hora
726 4230 817 4304 praelii
828 4232 939 4289 teterri·
992 4232 1086 4291 totius
1098 4230 1234 4305 ejusdem
1243 4229 1374 4293 eccesia
1382 4228 1865 4293 antuusunssctltrat-mti-

110 4340 161 4381 ma
174 4321 291 4390 nebula,
301 4324 333 4381 ut
347 4318 458 4377 nemini
472 4317 604 4377 hostium
615 4337 635 4377 a
648 4319 719 4378 loris
733 4321 851 4394 pervias
864 4321 939 4381 ierat
992 4320 1136 4379 carduis
1149 4318 1265 4381 indutis
1274 4335 1308 4379 sc
1320 4315 1574 4393 purpureisstctis
1584 4317 1865 4395 iugatam-

106 4409 259 4485 jaculandi
274 4409 382 4477 aditus,
399 4425 467 4466 oum
482 4407 519 4465 ab
534 4407 611 4466 intro
626 4410 862 4483 repugnantibus
875 4427 938 4468 cer·
992 4427 1060 4471 rum
1074 4408 1164 4469 etiem
1179 4406 1365 4471 continentia
1378 4406 1509 4482 gravitas
1520 4405 1741 4481 pleumund-
1750 4405 1865 4482 trd-

111 4504 216 4558 nerent
228 4515 261 4557 se
274 4497 354 4572 gratd
369 4497 447 4554 cade
456 4496 726 4573 prosternisiccpre
736 4515 804 4557 cum
815 4516 937 4557 suorum
952 4519 977 4589 D
991 4494 1481 4564 instituebat-ecscementem‚0m
1490 4494 1865 4571 tenc-occemund&-

112 4589 240 4649 maxime
253 4587 488 4663 normannorum
503 4585 681 4658 concisione,
691 4587 868 4647 dimiserunt
877 4605 938 4647 aas·
991 4604 1110 4647 crucem
1124 4603 1215 4647 manu
1228 4588 1360 4661 gestem,
1366 4583 1539 4660 episcopum
1546 4582 1865 4653 martan-

111 4685 192 4739 trum
206 4674 526 4751 incolume,quoslicet
539 4675 622 4735 tarde
637 4676 776 4750 poenituit
796 4678 938 4737 adurens
992 4677 1108 4737 damu
1123 4675 1378 4751 ptolemaicae
1391 4674 1440 4735 dia
1459 4673 1530 4748 ipse
1553 4689 1640 4733 acra
1662 4674 1865 4747 mium

112 4766 214 4844 magni
222 4765 425 4825 meritilocurn
434 4764 835 4840 armasumpeisse.Gcntigit
848 4767 938 4827 etiam
992 4766 1138 4827 celebrare
1151 4783 1189 4825 so
1203 4767 1337 4841 oportere
1357 4761 1540 4838 perhibebat.
1555 4761 1718 4825 &motat
1736 4760 1865 4835 otia?

111 4858 231 4928 uthere
244 4873 305 4931 qua
317 4854 547 4932 regisexercitus
556 4854 700 4912 adsersus
712 4853 810 4915 locum
820 4872 938 4915 sacrem
991 4859 1053 4915 iam
1065 4856 1226 4930 ipsequam
1235 4853 1374 4915 sotadeo
1383 4850 1470 4921 itlius
1482 4845 1586 4913 ποσῶ-
1594 4867 1667 4919 cum
1679 4850 1865 4919 bamah*

112 4951 260 5006 certamen
274 4945 351 5004 inire
364 4944 510 5020 coepisset,
527 4944 572 5001 vir
586 4942 741 5018 religiosus
756 4944 938 5004 Gislebertus
990 4945 1126 5020 ejusdem
1136 4942 1310 5009 nocuerit
1322 4939 1515 5003 matutinales
1527 4934 1865 5013 increementa&

113 5037 246 5109 ejusdem
260 5034 318 5094 loci
330 5034 504 5102 monachus,
521 5049 609 5107 super
621 5031 713 5091 altars
726 5033 818 5092 besta
841 5033 938 5092 Maria
992 5034 1223 5093 neatderebant
1232 5033 1354 5106 insuper
1363 5029 1587 5106 optimelaudis
1595 5028 1865 5107 αἰθυίῃ,

114 5140 230 5197 semper
242 5123 376 5198 virginis,
391 5122 469 5197 quod
483 5121 633 5180 decennus
647 5121 761 5180 catoris
783 5121 814 5179 in
832 5122 939 5181 aarum
992 5123 1147 5182 audierant
1161 5120 1206 5179 illi
1220 5120 1278 5179 disi
1292 5119 1541 5194 coagmeraurat
1551 5121 1657 5179 auten
1666 5117 1865 5191 Dauid,

114 5212 247 5285 ejusdcm
263 5216 379 5269 constat
391 5211 530 5283 ecclesia,
541 5211 791 5286 quemadmodum
802 5211 938 5271 boradiei
985 5213 1056 5273 diss
1070 5215 1173 5271 octava
1184 5207 1421 5278 Pentecostes,iu
1435 5224 1509 5282 qua,
1516 5212 1641 5283 psopter·
1655 5207 1865 5284 μιῦῆῷ

114 5302 202 5359 tertia
215 5299 348 5375 quotidie
361 5303 560 5369 consueverat,
576 5300 737 5359 missarum
757 5304 941 5360 sacramenta
994 5301 1152 5376 pletionem
1179 5297 1414 5359 Resurrectionis
1441 5295 1865 5373 Dominicwiwffl

115 5389 262 5448 celebrare
273 5389 422 5463 inciperet.
439 5390 521 5454 Quod
535 5389 644 5448 scilicet
658 5389 768 5449 iactum
781 5390 855 5448 satis
864 5390 942 5448 coeli·
993 5382 1865 5461 decensionimtadreatasflpiritunsucti,inbuite-²

115 5484 164 5538 tus
177 5478 314 5555 prestita
324 5479 459 5554 congruit
472 5478 606 5537 victoria.
617 5479 755 5554 Sequenti
777 5479 867 5556 igitur
882 5478 941 5546 die,
994 5479 1176 5539 diversarum
1190 5477 1345 5553 regionum
1356 5474 1429 5537 locis
1439 5473 1865 5551 mundemur*

113 5568 269 5659 wenc
297 5584 347 5636 rex
369 5567 438 5628 iada
460 5569 604 5647 processit
625 5568 693 5651 igne
716 5569 873 5633 eumundo
895 5584 941 5628 res
986 5546 1865 5642 ,emissemisratdeboneatissiraieooramacmff
