3884 6084
111 254 189 321 {tat

651 257 745 324 VITA
767 260 800 324 S.
823 257 1044 325 Mamaeam
1066 258 1280 329 Manassis.

1737 269 1820 345 tasi

113 394 275 467 quamdam
291 392 320 450 in
337 393 468 468 Tigurini
480 394 533 452 leci
544 394 639 451 littere
651 396 749 463 sitam,
763 401 936 469 rogaverunt
950 398 978 463 Α
995 395 1113 468 insuper
1128 416 1160 454 ue
1171 405 1272 471 potum
1282 400 1404 467 addidit,
1418 400 1550 459 diceneo<
1560 403 1668 461 Hacde
1679 407 1817 464 manibus

113 482 168 540 sibi
190 484 347 541 monstrari
378 502 441 557 qum
458 503 525 558 pars
547 487 645 559 pervia
660 492 737 542 essct
758 486 885 543 adeundi
901 486 936 541 ad

993 486 1066 542 meis
1087 488 1247 561 percipite;
1277 494 1434 564 postquam
1457 509 1524 549 vero
1540 493 1754 566 compleveritis
1780 496 1816 552 ad

113 572 249 630 cellulam
278 575 352 646 ejus,
369 576 450 640 Quod
466 592 533 631 cum
553 575 595 631 eis
625 579 820 631 monstratum
849 580 936 643 esset,
991 575 1068 647 quod
1086 577 1818 655 agendumvenistis,potestisborumquaeadsunt

113 666 228 719 mature
243 679 295 735 per
307 667 422 719 nectem
439 670 603 736 surgentes,
619 665 749 737 aggressi
769 670 838 720 suut
854 682 937 720 mon-

90 756 238 809 ·stratum
254 751 310 808 sibi
327 754 390 820 iter,
404 754 532 826 agitante
546 753 596 826 qui
613 770 661 809 eos
677 753 847 826 impleverat
856 759 939 810 teter-

112 841 187 898 rime
204 841 319 914 spiritu.
349 841 404 897 Diu
420 846 518 897 tamen
544 845 688 898 erroneis
714 847 791 898 recto
821 844 938 898 tramite

112 932 236 988 ducente
251 931 287 986 ad
304 931 397 1002 ipsam
413 931 526 997 cellam,
543 932 673 988 damone
698 933 816 988 taudem
832 932 936 1000 vexati,

112 1037 171 1094 quo
187 1019 322 1075 volebant
336 1026 539 1092 pervenerunt,
565 1022 693 1077 nraaima
705 1023 767 1093 jam
785 1026 865 1094 parte
881 1021 937 1078 diei

112 1106 223 1180 elapsa.

151 1199 176 1252 t.
194 1199 257 1270 lpse
273 1213 338 1253 voro
355 1198 449 1254 solitis
471 1199 655 1254 orationibus
685 1199 839 1265 menbrana,
865 1201 938 1257 mis·

992 681 1108 737 pervus
1123 665 1223 722 tollere
1253 669 1331 740 qued
1362 669 1478 741 cupitis.
1509 671 1815 746 Scioeuimquedad

992 753 1182 809 occidendum
1197 756 1341 824 intrastis,
1362 758 1411 813 sed
1426 775 1519 814 unum
1534 777 1552 815 a
1567 760 1649 817 vobis
1665 778 1753 833 posce
1768 764 1818 819 be·

992 841 1140 911 netieium,
1158 849 1201 911 ut,
1213 846 1285 900 dum
1298 847 1449 918 praeacutis
1461 848 1524 904 vita
1535 864 1656 904 cursum
1668 848 1697 904 in
1708 867 1755 907 me
1765 855 1820 907 ter·

992 932 1184 1001 minareritis,
1195 934 1332 990 candelas
1344 952 1417 1007 quas
1428 936 1583 1008 inspicitis,
1596 955 1670 1010 quas
1682 939 1818 996 etiamad

992 1021 1048 1077 hec
1058 1022 1156 1092 ipsum
1164 1022 1391 1090 tormavi,unam
1402 1025 1437 1081 ad
1447 1029 1534 1098 eaput
1545 1043 1643 1083 meum
1655 1029 1816 1085 ardentem.

992 1114 1021 1166 et
1035 1109 1122 1165 aliam
1135 1112 1169 1166 ad
1187 1111 1274 1182 pedes
1286 1112 1397 1184 ponite,
1407 1116 1436 1168 et
1453 1115 1509 1170 cito
1523 1119 1624 1187 postea
1636 1117 1671 1171 ab
1689 1115 1818 1174 hocloco

993 1198 1143 1265 discedite,
1155 1217 1191 1255 ne
1203 1200 1512 1272 asupervenientibus,
1524 1203 1575 1275 qui
1591 1220 1637 1261 me
1648 1205 1766 1262 visitare
1775 1224 1821 1263 so-

112 1304 213 1343 sarum
243 1286 342 1343 devote
372 1287 514 1343 solemnia
542 1288 653 1343 libabat
685 1289 822 1344 Creatori.
855 1290 938 1346 Prius
992 1286 1064 1354 lent,
1084 1289 1817 1363 constringamini,poenasluituriscelerisvestri.»

112 1381 212 1432 autem
229 1392 317 1446 quem
333 1376 367 1451 in·
378 1377 472 1449 ipsam
493 1376 597 1433 cellam
623 1377 744 1450 maligni
768 1378 937 1447 intrassent,
1029 1377 1073 1433 t3.
1084 1378 1241 1434 confestim
1252 1377 1342 1452 igitur
1353 1378 1515 1437 bichardus
1527 1382 1819 1456 pradietus,pollutis

112 1466 336 1538 (querumunus
345 1466 503 1521 vecabatur
515 1466 689 1534 bichardus,
702 1471 824 1540 eratque
834 1485 939 1540 genere
993 1467 1131 1522 manibus
1148 1467 1266 1522 beatum
1283 1467 1376 1523 virum
1394 1469 1523 1524 medium
1535 1470 1767 1542 comprehendit,
1784 1490 1818 1529 ac

112 1552 301 1622 alemannus,
314 1554 460 1611 altervero
469 1556 582 1620 Petrus,
595 1557 645 1628 qui
657 1555 874 1612 llbaetianorum
888 1577 938 1614 na·
993 1555 1134 1611 tenaciter
1150 1562 1329 1612 maceratum
1337 1556 1460 1629 Jejuntis
1472 1558 1681 1630 corpusculum
1691 1559 1819 1618 brachiis

112 1645 191 1700 tiene
215 1648 385 1717 procreatus
400 1646 454 1715 est)
484 1644 567 1717 pulli,
597 1662 671 1717 quos
687 1646 730 1700 vir
755 1649 939 1703 venerandus
993 1643 1119 1713 strinxit,
1134 1645 1271 1716 socioque
1285 1646 1536 1718 minaciterjussit
1549 1651 1582 1702 ut
1596 1653 1732 1705 sanctum
1743 1650 1820 1707 suste

111 1733 258 1791 eudemio
289 1734 520 1796 loconutrierat,
550 1751 600 1789 eos
629 1735 660 1789 in
691 1735 823 1807 prosimu
842 1736 1166 1836 venireBpercuteret.
1183 1734 1237 1798 Oui
1251 1750 1318 1790 eum
1330 1734 1458 1791 diaeum
1474 1735 1602 1793 feriendo
1613 1737 1689 1794 eirca
1700 1737 1779 1795 latus
1791 1744 1820 1796 et

111 1821 337 1895 conspicientes,
367 1823 486 1894 quasia
512 1822 597 1895 vulpe
626 1823 862 1895 insequerentur,
889 1842 939 1897 per

111 1927 244 1968 eremum
260 1912 445 1984 diffugerant,
471 1911 597 1968 elamore
623 1911 740 1967 insolito
769 1917 799 1968 et
815 1915 938 1986 strepitu

113 2000 247 2057 inaudito
266 2000 368 2056 silvam
386 1999 545 2056 resultante
560 2001 630 2055 eche
644 2000 832 2073 complentes
851 2003 893 2058 ita
908 2010 940 2058 ut

112 2090 203 2146 etiam
214 2088 271 2162 ipsi
282 2089 410 2146 latrones
423 2090 476 2145 hec
491 2091 526 2145 de
543 2106 572 2145 re
586 2090 713 2146 multum
725 2091 901 2147 mirarentur
911 2097 940 2149 et

113 2179 364 2250 obstupescerent,
379 2184 465 2251 atque
482 2179 517 2232 od
534 2179 700 2251 prodigium
716 2180 770 2235 hoc
795 2181 939 2252 pertinere

110 2266 239 2341 propriae
254 2268 363 2322 mentis
378 2262 697 2338 decernerentjudicie.

153 2358 195 2411 12.
207 2357 351 2422 Attamen,
368 2360 488 2428 aeoepte
503 2375 559 2412 non
573 2357 715 2424 distracti,
728 2360 941 2430 aggrediuntur

114 2444 256 2518 capellam
273 2444 302 2498 in
319 2462 376 2516 qua
392 2446 435 2499 rir
451 2445 511 2512 Dei,
529 2449 560 2500 ut
577 2445 744 2517 predictum
761 2452 814 2514 est,
835 2448 940 2505 oratio·

114 2533 204 2590 uibus
218 2534 375 2589 Dominum
392 2533 446 2588 sibi
464 2534 596 2605 placabat
612 2535 751 2606 protasis,
774 2552 939 2608 corpusque

112 2623 310 2689 flamininum,
328 2629 360 2678 ut
386 2624 526 2695 praescius
543 2624 718 2690 tatarorum,
741 2624 776 2679 ad
800 2625 937 2682 viaticum

113 2711 213 2768 obitus
229 2711 274 2767 sui
290 2728 362 2783 puro
379 2713 464 2767 eorde
479 2729 512 2767 ae
530 2713 633 2768 devota
649 2717 745 2768 urente
761 2722 937 2786 susceperat.

113 2800 240 2873 Jamque
253 2800 296 2856 vir
311 2800 370 2868 Dei,
388 2805 420 2855 ut
443 2800 583 2857 sensisset
611 2801 712 2857 adesse
740 2807 940 2875 peremptores

114 2906 196 2955 suos,
209 2906 265 2944 non
278 2893 374 2944 tamen
389 2907 419 2945 aa
434 2890 476 2944 eis
492 2891 591 2944 statim
604 2889 803 2961 presentavit3
819 2891 870 2946 sed
881 2909 941 2947 mo-

113 2977 214 3032 dicum
235 2977 330 3032 adhuc
346 2977 493 3043 differens,
510 2977 641 3033 clausum
659 2979 767 3033 ostium
783 2979 878 3050 ipsius
893 2997 939 3037 cu·

114 3064 198 3139 pellea
206 3083 263 3120 neu
275 3066 435 3138 aperuit,ut
443 3066 655 3137 aliquantisper
664 3067 693 3121 in
703 3067 832 3123 oratioue
843 3069 939 3127 adbuc

994 1840 1079 1878 suras
1108 1821 1301 1889 debilitasset,
1332 1828 1433 1879 saneto
1461 1826 1634 1884 extendente
1655 1825 1819 1899 palmasad

994 1911 1818 1988 Dominum,alterinlulitdiceus:«0segnisleureumin

994 2005 1082 2074 caput
1096 2018 1153 2056 nen
1170 2001 1350 2073 percutiant
1362 2001 1478 2075 plagam
1492 2002 1645 2060 mortalem
1661 2006 1819 2079 suscipiat?

994 2106 1083 2162 quam
1110 2089 1135 2145 si
1150 2093 1182 2144 tu
1205 2091 1305 2145 tardas
1325 2090 1441 2159 interra,
1460 2107 1513 2164 ege
1529 2091 1671 2151 citissime
1683 2093 1819 2159 illaturus

994 2178 1820 2252 sum.»Conlcstimquesusteapprehense,ictumlibrabat

993 2268 1023 2323 in
1040 2272 1126 2340 caput
1140 2267 1408 2324 vehementissime.
1425 2268 1484 2324 llec
1512 2269 1599 2326 modo
1627 2269 1672 2326 vir
1700 2275 1824 2337 sanctus

994 2356 1141 2429 plagatus,
1157 2356 1315 2412 semivivus
1330 2356 1359 2412 in
1376 2362 1482 2413 terram
1494 2359 1617 2425 corruit3
1634 2363 1663 2415 et
1677 2358 1720 2415 illi
1730 2361 1820 2417 couti·

994 2462 1053 2501 uuo
1061 2446 1090 2500 in
1102 2462 1169 2500 eum
1181 2446 1324 2501 irruentes
1334 2450 1435 2517 guttur
1443 2447 1658 2518 ejussutl'eeant
1669 2449 1817 2520 manibus,

994 2534 1817 2610 quousqueexhalassetspiritumllgredienteautemjam

994 2623 1103 2688 anima,
1115 2622 1144 2676 in
1155 2623 1217 2694 ipso
1230 2627 1322 2678 tractu
1333 2623 1499 2678 novissimas
1510 2623 1819 2695 exspirationis‚tautea

994 2711 1147 2768 suavitatis
1162 2711 1234 2766 eder
1249 2711 1439 2783 progrediens
1465 2715 1559 2766 tetum
1584 2711 1694 2767 cellulae
1720 2713 1817 2770 locum

994 2798 1197 2872 compleverat,
1225 2814 1259 2853 ac
1275 2797 1300 2854 si
1327 2797 1457 2854 omniurn
1482 2798 1700 2871 pigmentorum
1715 2802 1817 2858 edera·

995 2893 1093 2946 menta
1108 2887 1146 2943 ibi
1164 2887 1270 2943 dillusa
1287 2887 1459 2960 fragrarent.

1031 2980 1073 3033 ll.
1092 2981 1196 3032 Postea
1209 2993 1275 3031 vero
1290 2979 1472 3032 nudareruut
1489 2995 1555 3032 eum
1572 2983 1650 3034 reste
1675 2996 1734 3051 qua
1757 2988 1819 3037 erat

995 3066 1127 3132 indutus,
1144 3068 1172 3120 et
1186 3068 1337 3136 portantes
1357 3070 1516 3136 posuerunt
1530 3066 1558 3120 in
1582 3065 1690 3122 lectum
1703 3085 1761 3140 quo
1775 3069 1818 3125 vir

116 3155 261 3211 demorari
285 3155 437 3227 potuisset.
463 3156 586 3210 Strenue
601 3172 668 3227 erge
684 3157 843 3211 orationem
859 3132 975 3214 eom·C
996 3155 1045 3213 Dei
1057 3152 1238 3226 requiescere
1249 3152 1369 3208 solebat.
1385 3153 1469 3208 Nudo
1480 3160 1699 3226 supposuerunt
1709 3157 1764 3229 (57)
1776 3157 1818 3212 fil-

116 3243 216 3317 plevit,
233 3260 395 3315 capsasque
407 3244 538 3317 singulas
549 3243 739 3316 reliquiarum
751 3262 840 3301 manu
852 3250 942 3304 susci·
995 3250 1073 3300 trum
1088 3244 1143 3315 (58)
1152 3247 1350 3315 supponentes
1358 3241 1445 3298 etiam
1458 3247 1486 3299 el
1499 3244 1633 3315 quaedam
1643 3245 1817 3318 fragmenta,

116 3333 203 3405 piens
219 3336 245 3388 et
261 3332 444 3399 deosculans,
468 3333 693 3388 curnmcndabat
712 3350 835 3404 ugonem
851 3354 939 3393 suurn
995 3337 1094 3405 atque,
1118 3337 1150 3388 ut
1169 3331 1268 3389 vivens
1282 3331 1325 3386 vir
1339 3331 1389 3387 Dei
1407 3337 1566 3404 regaverat,
1583 3332 1720 3390 candelas
1736 3352 1817 3390 sum-

116 3421 242 3477 Domino
251 3422 396 3477 etsanctis
407 3438 531 3492 querum
544 3421 683 3493 reliquias
694 3422 942 3494 complectebatur

116 3514 291 3566 reverenter.
308 3510 378 3577 Hoc,
394 3512 442 3582 qui
460 3511 645 3574 advenerant,
663 3510 784 3583 maligni
799 3529 851 3583 per
865 3513 939 3570 sora·

114 3615 184 3654 men
200 3598 347 3670 quoddam
361 3598 480 3670 parietis
500 3615 567 3653 eum
584 3604 716 3670 agentem
736 3598 938 3678 inspiciebant.

112 3687 239 3758 lamque
250 3686 359 3742 athleta
371 3688 464 3752 tortis,
476 3692 533 3741 Deo
549 3688 741 3750 cent'ertante,
754 3693 940 3759 pugnaturus

112 3776 272 3849 egreditur,
286 3775 528 3847 praesentiamque
539 3791 623 3830 suam
635 3792 692 3830 neu
707 3781 794 3848 negat
803 3778 939 3835 occisori-

111 3864 169 3921 bus
179 3882 185 3931 ;
195 3880 229 3919 ac
241 3865 369 3936 primum
380 3862 564 3918 ralutationis
575 3864 662 3918 rerba
673 3864 708 3918 ad
717 3880 766 3920 eos
778 3866 938 3937 proterens,

111 3957 180 4026 post
196 3952 308 4008 intulit:
325 3954 374 4009 «0
390 3952 472 4019 socii,
484 3969 536 4007 cur
546 3957 607 4007 tam
621 3969 685 4008 sere
695 3953 815 4010 venistis
825 3956 839 4010 l
850 3971 940 4027 quare

112 4059 173 4098 aen
180 4042 352 4098 maturastis
366 4041 506 4097 veniread
518 4041 697 4097 audiendum
705 4043 857 4114 parvitatis
869 4061 939 4100 mere

112 4131 248 4198 missam,
267 4136 299 4186 ut
314 4148 366 4204 pro
376 4131 458 4186 vobis
470 4147 655 4186 communem
668 4130 825 4187 Dominum
840 4133 939 4205 depre-

113 4220 220 4276 carer?
235 4221 285 4277 sed
301 4219 345 4275 vel
371 4236 449 4275 nune
465 4220 582 4284 intrate,
597 4220 738 4291 poscituri
765 4219 938 4292 placabilem

114 4308 200 4365 uehis
216 4310 275 4365 tore
292 4310 446 4364 Dominum
462 4313 491 4364 ct
509 4314 626 4364 sanctos
641 4309 715 4379 ejas,
730 4326 764 4365 ac
779 4316 880 4381 postea
894 4329 938 4368 re-

112 4397 259 4453 vertimini
276 4398 313 4453 ad
329 4414 386 4464 me,
410 4397 527 4469 utquid
543 4398 670 4452 donante
685 4402 743 4454 Dee
757 4399 840 4455 vobis
855 4399 940 4456 bene·

995 3424 1127 3493 pserunt,
1143 3437 1234 3475 unam
1250 3424 1391 3491 ponentes
1403 3421 1438 3475 ad
1454 3425 1555 3492 eaput;
1568 3438 1635 3476 eum
1653 3422 1710 3479 alia
1724 3440 1819 3480 curre·

995 3510 1065 3566 baut
1080 3510 1114 3563 ad
1131 3508 1226 3580 ipsam
1237 3507 1390 3579 capellam,
1407 3508 1506 3564 lumen
1522 3509 1589 3564 inde
1601 3509 1728 3578 allaturi,
1739 3513 1818 3583 qued

995 3598 1024 3653 iu
1040 3598 1141 3653 eedem
1158 3597 1282 3652 oratorio
1293 3596 1405 3668 jugiter
1417 3598 1547 3653 ardebat.
1561 3598 1742 3670 ltepedantes
1752 3617 1818 3657 vere

994 3687 1030 3743 ad
1039 3685 1246 3758 corpusculum
1257 3685 1396 3754 defuncti,
1404 3686 1660 3743 inveneruntclare
1667 3690 1817 3746 ardentem

994 3772 1818 3847 quamposuerantcandelemexstinctam.'l'autusautem

994 3880 1044 3921 ees
1059 3864 1197 3920 continuo
1214 3862 1320 3917 invasit
1339 3861 1438 3927 timer,
1464 3865 1497 3918 ut
1511 3863 1584 3918 nibil
1600 3865 1768 3939 contingere
1782 3869 1818 3923 de

994 3952 1125 4009 rebusad
1132 3949 1336 4006 altariset'sreia
1344 3950 1557 4020 pertinentibus
1564 3952 1818 4010 auderentllestea

994 4058 1027 4096 ae
1041 4043 1204 4097 stramenta
1214 4038 1348 4110 quadam
1356 4036 1456 4093 lectuli
1465 4039 1491 4111 ej
1496 4056 1530 4095 us
1541 4044 1702 4112 sumentes,
1714 4041 1818 4099 festine

994 4128 1172 4201 repedabunt
1187 4127 1265 4182 uude
1281 4125 1404 4198 digressi
1422 4132 1501 4183 suut.

1030 4218 1073 4272 15.
1089 4216 1252 4273 bisantem
1281 4215 1350 4271 iude
1364 4215 1556 4288 fugientibus,
1577 4217 1655 4272 cervi
1671 4217 1721 4289 qui
1738 4235 1818 4275 mere

994 4306 1119 4362 solitoad
1132 4304 1276 4361 famulum
1283 4305 1333 4360 Dei
1341 4305 1588 4362 viventemvenire
1596 4312 1818 4375 consueverant,

992 4412 1026 4451 ae
1035 4395 1220 4468 praebendam
1231 4394 1267 4449 de
1278 4394 1416 4450 manibus
1424 4395 1488 4466 qius
1499 4395 1746 4467 suscipere,quasi
1759 4396 1819 4452 vin·
1913 4407 1919 4416 ·

111 4486 251 4543 dictionis
257 4487 385 4558 prebere
395 4485 517 4547 valeam,
530 4485 682 4557 impertiar
692 4503 743 4557 pro
754 4488 936 4558 ejusamore,
953 4504 977 4569 D
992 4485 1090 4540 dicare
1105 4483 1259 4555 cupientes
1271 4482 1457 4550 exstinctum,
1470 4484 1669 4556 sequebantur
1678 4484 1818 4559 latrones,

111 4575 213 4648 sicque
229 4574 371 4647 complete
387 4592 460 4646 opus
476 4574 513 4629 ad
528 4574 604 4645 qued
620 4576 767 4647 agendum
777 4575 909 4633 veniatis.
923 4600 937 4627 »

111 4663 259 4720 latrantes
275 4664 365 4736 igitur
377 4662 548 4729 oratorium,
566 4679 623 4717 neu
636 4663 672 4718 ad
689 4663 765 4720 idad
777 4665 854 4736 quod
870 4682 937 4721 sua·

111 4753 258 4809 dabantur
273 4752 386 4819 intenti,
404 4753 454 4807 sed
472 4752 506 4807 ad
524 4750 635 4806 malum
650 4751 686 4806 ad
707 4753 784 4824 quod
800 4759 939 4809 venerant

111 4843 350 4915 perpetrandum,
363 4842 502 4900 contiuuo
514 4840 720 4913 regrediuntur
729 4841 765 4897 ad
777 4857 854 4898 eum.
868 4842 936 4906 Oui-

110 4931 168 4988 bus
178 4931 223 4987 vir
232 4931 283 4988 Dei
294 4932 424 4988 tunicam
435 4936 463 4987 et
472 4928 619 4985 cucullam
633 4945 718 4984 suam
730 4929 819 4997 dedit,
831 4947 936 5002 panem

110 5056 233 5130 pervilla
246 5073 314 5112 cum
334 5073 399 5113 aree
411 5059 625 5123 constructum,
640 5057 672 5108 ut
687 5071 721 5110 ex
733 5054 798 5110 Vita
814 5055 936 5111 Germa·

111 5127 179 5184 nica
194 5132 278 5184 notat
292 5127 461 5184 Bollandus.

145 5199 206 5281 Ι(157)
223 5199 254 5254 ld
270 5203 314 5282 est
329 5201 588 5324 saperXosuerunt,
605 5212 663 5269 quo
687 5213 775 5252 sensu
796 5199 884 5278 etiam
900 5198 936 5254 ab

110 5269 411 5328 alusaueterrbusme
433 5289 466 5325 aa
478 5273 935 5340 antatrsnennunquamsumitur.

111 5341 286 5398 Ekkebardo
305 5344 424 5415 juniore
448 5359 511 5414 cap.
532 5349 556 5404 t,
581 5341 630 5394 ubi
647 5340 814 5396 Grimaldus
830 5357 937 5396 erucem
964 5348 973 5363 ⁴

110 5421 224 5482 argemo
238 5413 369 5469 deuorato
385 5414 509 5470 restitum
522 5412 649 5482 unutopio
672 5412 828 5468 nocturnali
839 5428 936 5539 capgr-

110 5487 200 5541 suinae
214 5485 330 5554 dieitur,
347 5486 424 5558 apud
441 5483 624 5551 Oaldastnm,
637 5500 702 5556 pag.
719 5485 763 5552 38,
777 5500 813 5540 an
825 5484 882 5539 scri
906 5501 935 5540 a·

111 5573 180 5613 rum
195 5555 292 5613 vitiet

992 4574 1169 4644 vocibusque
1184 4571 1372 4640 grandisonis
1392 4572 1543 4645 replebant
1558 4573 1658 4640 silvas,
1674 4577 1712 4641 at,
1729 4591 1817 4647 quam

992 4662 1123 4735 proxime
1138 4664 1272 4733 poterant
1287 4659 1432 4733 capitibus
1448 4678 1548 4718 eorum
1560 4662 1738 4731 advolantes,
1751 4679 1817 4735 pre-

992 4751 1100 4807 debaat
1115 4752 1316 4821 perpetratum
1330 4749 1421 4805 nefas.
1439 4750 1500 4805 Non
1518 4749 1648 4806 multum
1671 4753 1739 4823 post
1760 4750 1816 4822 ipsi

992 4838 1113 4911 maligui
1128 4836 1332 4909 comprehensi
1348 4842 1427 4903 sant,
1442 4842 1471 4894 et
1486 4839 1563 4910 quod
1579 4837 1692 4895 occulte
1714 4856 1816 4912 perpe-

992 4929 1138 4984 traverant
1148 4925 1327 4997 patefactum
1340 4929 1385 4981 est
1395 4924 1501 4993 scelus,
1512 4924 1626 4982 nolente
1638 4926 1696 4983 Deo
1708 4926 1818 4984 dillerri

1029 5049 1085 5123 (58)
1101 5047 1259 5105 Geldastus
1276 5049 1306 5103 in
1321 5049 1442 5105 notised
1458 5049 1624 5105 lllrlrehardi
1639 5052 1763 5122 caput5,
1776 5052 1818 5106 fit-

991 5126 1036 5179 tra
1050 5122 1127 5177 iuter
1148 5121 1317 5191 retaturfito
1331 5119 1376 5174 vet
1391 5122 1540 5193 tenuatus,
1556 5121 1645 5176 citato
1667 5121 1745 5178 balbi
1761 5123 1816 5178 Ca-

991 5192 1108 5251 tholice.
1123 5137 1279 5248 Pectiusv.
1296 5191 1332 5247 cl.
1349 5191 1469 5247 Carolus
1485 5193 1625 5248 treantes
1651 5193 1681 5247 in
1702 5193 1815 5250 Glossa-

992 5265 1045 5332 rie,
1061 5265 1178 5320 leltrum
1195 5281 1246 5318 seu
1263 5261 1372 5317 filtrum
1388 5262 1486 5319 lanam
1499 5263 1647 5319 eeaetilem
1659 5279 1724 5320 esse
1736 5264 1815 5331 dicit,

990 5337 1038 5393 vul
1061 5353 1077 5391 o
1105 5342 1190 5390 entre.
1208 5335 1372 5390 Beruardas
1389 5334 1470 5390 Prior
1482 5335 1634 5391 Portarum
1647 5335 1675 5390 in
1692 5335 1816 5408 epistola

990 5409 1026 5536 {sd
1037 5337 1205 5535 tPnclusum,
1219 5404 1329 5460 filtrum
1345 5411 1480 5463 numerat
1494 5407 1571 5463 inter
1585 5405 1815 5480 suppellectilem

1001 5497 1034 5536 ec
1049 5493 1151 5534 arram.
