3884 6084
110 276 168 346 sar
581 277 767 342 nonnum
790 275 934 341 ossam
958 272 1137 340 nonaum
1159 254 1341 340 munuc
1763 273 1845 337 aas.

38 384 43 395 .
110 409 255 469 universis
269 407 463 486 incognitum,
482 409 570 468 sicuti
594 413 697 467 cetera
722 426 784 483 quae
800 410 857 466 tide
872 426 940 467 con·
956 408 984 476 Α
998 407 1094 464 dictus
1109 410 1192 480 pater
1205 407 1357 481 comperit,
1374 410 1408 464 ut
1430 409 1493 464 erat
1513 403 1558 464 vir
1572 403 1688 464 solertis
1702 405 1828 481 ingenii,

117 505 208 572 etant,
223 504 252 557 et
265 500 405 557 intuitum
427 499 578 556 oculorum
600 517 658 555 non
681 503 851 572 exposcunt.
868 498 943 556 lllud
997 497 1092 552 tribus
1108 513 1123 551 e
1138 496 1200 552 suis
1213 495 1365 553 monachis
1380 497 1470 569 hujus
1485 496 1584 554 delicti
1598 495 1718 570 culpam
1733 496 1834 569 paeni·

110 591 256 666 precipue
271 590 531 656 commonendum,
548 589 626 662 quod
642 589 773 662 eorporis
788 588 944 662 etsangui-
999 590 1057 641 tere
1073 583 1221 657 pracepit:
1236 584 1371 641 videlicet
1386 585 1593 658 permitesceus
1608 602 1646 642 nc
1658 584 1747 659 culpa
1757 585 1828 644 insi·

112 680 160 735 nis
175 677 290 734 Domini
305 677 375 735 Jesu
391 676 500 733 Christi
514 677 666 733 vivificans
682 676 823 734 conlectio
840 677 944 733 existi.
999 674 1106 748 pientis
1121 673 1281 747 presbyteri
1297 692 1367 731 suos
1383 673 1540 731 involveret
1554 691 1621 731 cum
1637 673 1688 731 illo
1709 675 1746 730 ad
1761 675 1826 735 vin·

112 771 210 825 matur
224 765 393 823 nullatenus
408 767 437 822 iu
454 783 518 823 sese
531 766 592 840 pati
608 766 862 839 dispendium,aut
873 783 946 823 casu
1000 762 1108 819 dictam
1126 762 1256 819 ultionis.
1274 764 1354 829 Quod
1370 763 1459 820 etiam
1476 764 1602 833 fecisset,
1616 763 1642 821 si
1656 781 1718 820 non
1734 766 1826 824 obsti·

110 857 210 930 aliquo
224 854 374 912 incurrere
391 855 602 930 periculum.Si
620 857 738 929 quaudo
753 856 942 912 autcmvide·
1000 852 1084 908 tissct
1097 851 1277 924 providentia
1292 852 1405 926 sagacis
1418 851 1522 923 viri‚ut
1538 853 1579 909 rei
1594 853 1730 926 probavit
1741 871 1827 914 even·

110 950 160 1003 tur
172 944 276 1002 collabi
292 961 344 1001 seu
361 945 496 1019 deperire
513 962 565 1018 per
580 944 790 1017 negligentiam
814 945 868 1000 sihi
886 949 945 1000 tra·
1000 943 1155 1013 tacitique
1170 940 1277 997 idcirco
1293 941 1350 998 ista
1364 942 1608 1014 premisimus‚ut
1620 942 1828 1005 intimaremus

111 1033 263 1104 etardum,
280 1039 372 1092 restat
388 1034 509 1103 eisdem,
527 1034 552 1090 si
568 1051 626 1090 non
652 1034 791 1091 alacriter
806 1030 949 1114 poenitus]
1003 1031 1125 1086 tidenter
1140 1031 1257 1086 credere
1273 1031 1423 1103 quoniam,
1439 1031 1533 1088 sicubi
1548 1047 1636 1089 casus
1650 1031 1827 1103 hujussscri

113 1121 184 1193 rint,
197 1122 396 1180 damnationis
407 1123 610 1195 judicium.At
625 1140 692 1178 cum
708 1124 851 1179 Dominus
866 1121 932 1178 dixe
1003 1137 1036 1176 ac
1051 1119 1155 1176 vivifici
1169 1118 1236 1174 doni
1252 1118 1432 1193 negIIgenter
1445 1119 1828 1188 evenerit‚ultioniscladem

112 1212 151 1270 rit
167 1229 173 1268 :
191 1213 244 1282 Qui
258 1214 407 1270 rmnducct
419 1230 509 1269 mcum
524 1229 645 1278 cauum,
658 1220 684 1268 ct
699 1213 768 1269 bibit
780 1228 946 1272 murnaco,
1003 1209 1142 1265 divinitus
1161 1208 1315 1265 imminere
1337 1226 1369 1264 ac
1394 1209 1544 1282 subsequi.
1560 1210 1830 1283 Quemadmodum,

114 1303 236 1373 quinem,
263 1302 343 1359 hahet
369 1304 455 1358 vitem
485 1310 630 1365 aeteruum,
656 1309 682 1357 ct
706 1317 754 1374 eqo
782 1303 947 1357 reeavcs'toto
1001 1315 1085 1354 versa
1100 1299 1169 1366 vieo,
1186 1297 1316 1370 quolibet
1330 1298 1359 1352 in
1375 1296 1437 1354 loco
1453 1297 1596 1373 condigne
1614 1298 1689 1356 illud
1711 1302 1830 1361 tractari

14 1406 18 1413 ·
115 1408 189 1462 eum,
204 1388 285 1447 nullo
312 1391 398 1448 modo
420 1394 523 1465 putere
550 1390 691 1446 dehemus
717 1394 750 1446 ut
776 1391 948 1463 quodquam
1001 1387 1167 1461 contigerit,
1183 1387 1333 1443 abundare
1355 1387 1518 1443 commodis
1542 1386 1700 1445 universis.
1722 1391 1780 1448 Sed
1801 1398 1831 1451 et

115 1478 342 1552 animal‚preter
355 1478 617 1547 hominem,carnis
630 1478 948 1552 resurrectionomper.
1001 1475 1081 1532 illius
1096 1476 1242 1547 magnifici
1267 1475 1397 1548 mysterii
1419 1475 1574 1534 celebratio
1600 1483 1748 1550 quantum
1764 1497 1824 1554 pre

115 1566 214 1640 cipiet,
222 1567 273 1624 sed
288 1582 342 1623 neo
358 1566 542 1635 cicindelis,
557 1566 643 1622 etiam
664 1566 870 1622 eucharistiam
886 1584 947 1639 por·
1001 1565 1040 1621 sit
1055 1565 1211 1621 animabus
1227 1564 1430 1621 detunctorum
1445 1564 1587 1635 fidelium,
1597 1583 1667 1623 cum
1680 1568 1712 1624 in
1728 1569 1824 1628 multis

116 1654 189 1728 cipit
201 1656 237 1711 ad
254 1654 524 1728 sclutstenique
539 1655 651 1712 exstitit
665 1656 786 1727 quidam
801 1655 831 1712 in
847 1660 945 1713 nostro
1001 1655 1041 1711 sit
1055 1653 1307 1726 probatissimum,
1324 1654 1395 1710 libet
1408 1660 1507 1710 tamen
1522 1671 1538 1711 e
1553 1655 1679 1712 diversis
1705 1673 1824 1730 prasea-

114 1748 246 1817 tempore
260 1743 291 1800 in
313 1742 439 1801 clericali
462 1745 576 1814 habitu,
594 1746 664 1801 dum
687 1746 755 1817 jure
779 1745 947 1818 culparetur
1000 1742 1108 1799 tialiter
1122 1742 1822 1815 producereadmediumunum.lnremotioribus

115 1833 243 1907 quodam
258 1831 518 1908 crimine,contigit
531 1837 564 1889 ut
578 1839 707 1892 sumeret
721 1835 858 1891 audacter
864 1835 945 1907 judi·
999 1832 1099 1888 Africae
1124 1830 1257 1904 partibus
1281 1835 1344 1887 erat
1367 1831 1488 1904 quidem
1513 1833 1703 1904 anachoreta,
1720 1835 1758 1892 dc
1772 1853 1822 1910 quo

115 1921 160 1979 cio
174 1920 522 1983 examinationisdonum
538 1922 732 1993 eucharistiae,
749 1923 848 1980 calicis
862 1923 941 1981 vide·
996 1919 1144 1976 ferebatur
1158 1920 1236 1992 quod
1264 1919 1392 1993 spatium
1417 1919 1518 1995 viginti
1539 1938 1690 1980 annorum
1714 1925 1823 1983 tenebat

114 2010 183 2068 licet
199 2009 353 2085 sanguinis
368 2011 486 2069 Christi.
503 2011 556 2068 Cui
576 2013 711 2084 protinus
738 2029 789 2086 per
812 2013 942 2070 medium
997 2008 1080 2065 illum
1096 2008 1216 2064 omnino
1229 2012 1413 2082 segregatum
1430 2025 1447 2064 s
1462 2014 1619 2083 conspectu
1637 2010 1824 2071 ulliushomi·

116 2098 248 2157 umbilici
262 2099 361 2174 egredi
376 2101 438 2156 visa
460 2103 504 2157 est
527 2118 595 2173 pars
620 2100 831 2158 candidissima
854 2118 941 2175 quam
997 2097 1178 2154 nis.Vivebst
1194 2096 1272 2152 enim
1288 2095 1386 2154 labore
1401 2114 1544 2154 manuum
1560 2103 1589 2156 et
1604 2099 1832 2178 radicibushen

116 2192 284 2262 sumpserat
305 2188 440 2259 ejusdem
466 2189 613 2256 sacrificii,
631 2190 705 2246 dana
729 2190 829 2262 procul
853 2192 943 2248 dnbio
998 2186 1113 2242 harum.
1129 2185 1256 2258 Contigit
1271 2190 1303 2241 ut
1317 2185 1474 2244 homuncio
1494 2188 1613 2261 quidam
1631 2205 1741 2263 genere
1763 2192 1822 2251 'l'ei-

117 2275 236 2333 evidens
257 2274 400 2332 iudicium
424 2281 522 2334 rcatus
547 2295 579 2333 se
602 2278 722 2351 indigne
745 2279 942 2353 percipientis.
997 2274 1115 2347 phalus,
1132 2291 1209 2330 unus
1234 2273 1351 2330 exiliis
1375 2273 1578 2333 circuitoribus
1601 2276 1760 2350 regionum
1777 2281 1821 2354 qui

118 2363 198 2420 lllico
213 2379 281 2420 vero
296 2364 439 2421 confitens
454 2366 532 2437 quod
560 2365 642 2438 prius
667 2371 831 2439 negaverat,
857 2367 944 2441 digne
998 2380 1149 2436 nunquam
1165 2367 1336 2420 saturantur
1351 2363 1526 2437 experientia
1533 2366 1820 2427 etnovitatibusloro·

118 2450 266 2526 poenituit.
283 2451 315 2508 ln
332 2451 528 2511 Cabillonensi
550 2470 668 2528 quoque
685 2472 769 2529 pago,
786 2457 822 2513 ob
845 2456 944 2513 immi·
998 2451 1147 2519 rum‚illuc
1163 2468 1287 2524 pergent
1302 2452 1516 2521 deveniithiiui
1533 2453 1645 2511 samam
1660 2455 1745 2515 iilius
1758 2473 1820 2515 unt·

119 2543 238 2596 nentem
253 2538 506 2608 cladem,vidimus
522 2542 571 2616 qui
587 2543 697 2599 videret
710 2549 944 2617 expanesacrato
999 2541 1121 2598 charete
1137 2541 1331 2614 comperiens,
1346 2558 1502 2616 aggressus
1518 2542 1710 2602 solitudinem
1726 2546 1819 2605 ardore

119 2645 217 2685 veram
241 2645 360 2686 carnem
385 2630 527 2686 ellectum.
543 2632 626 2704 Apud
650 2633 790 2690 Divonem
815 2637 944 2691 castrum
999 2630 1069 2687 sctis
1085 2633 1208 2702 perusta
1224 2629 1414 2704 regionis,diu
1431 2630 1616 2705 multumque
1631 2633 1718 2692 illum
1733 2635 1820 2710 inqui·

120 2717 222 2774 eodem
237 2721 378 2791 tempore,
395 2718 466 2774 dum
482 2736 500 2775 a
515 2720 642 2792 quodam
656 2721 818 2778 deterretur
828 2722 944 2780 cuidam
998 2719 1105 2788 rens,si
1122 2719 1195 2775 sorte
1209 2718 1356 2791 reperiret.
1371 2719 1502 2776 Tandem
1517 2719 1566 2776 ills
1581 2721 1664 2794 prior
1678 2723 1818 2783 solitarias

119 2805 282 2880 egrotanti.
298 2823 368 2863 casu
384 2808 520 2865 excedere
535 2825 625 2864 manu
642 2809 827 2877 terentisoui
838 2815 946 2870 attente
1000 2825 1030 2866 se
1046 2807 1243 2881 inquirentem
1258 2808 1413 2881 aspiciens,
1424 2809 1535 2865 vocavit
1548 2825 1617 2867 eum
1634 2816 1668 2869 ut
1682 2814 1720 2870 ad
1736 2831 1765 2872 se
1777 2831 1818 2872 ve·

33 2910 35 2914 ’
123 2894 399 2970 quarens,reperire
414 2896 536 2954 minime
552 2898 656 2971 potuit.
672 2899 740 2956 Post
755 2918 865 2957 annum
878 2918 945 2958 vero
1000 2897 1085 2955 niret.
1101 2897 1166 2965 Qui,
1182 2897 1302 2953 veniens
1317 2898 1353 2954 ad
1379 2896 1474 2964 illum,
1492 2897 1675 2974 interrogare
1690 2903 1817 2961 eumdem

121 2982 283 3053 evolutum,
299 2988 447 3060 repertum
463 2988 507 3042 est
517 2986 603 3058 juxta
621 2986 697 3044 viam
722 2988 881 3062 publicam,
896 2990 946 3047 ubi
1000 2986 1087 3059 coepit
1103 3003 1109 3040 :
1126 2986 1206 3054 Quis,
1224 2991 1274 3042 aut
1290 2987 1367 3042 unde
1382 2990 1469 3055 esset,
1487 3003 1537 3043 seu
1563 2989 1650 3061 cujus
1673 2990 1716 3048 rei
1736 2992 1819 3066 gratis

121 3073 176 3129 sub
191 3072 257 3130 divo
272 3072 426 3141 ceciderat,
438 3074 478 3132 ita
493 3076 652 3133 candidum
670 3080 757 3151 atque
773 3078 947 3136 incontami·
1000 3074 1069 3132 illuc
1084 3075 1314 3143 devenissetoui
1330 3075 1464 3148 protinus
1479 3076 1631 3150 respondit
1647 3095 1654 3134 :
1672 3078 1765 3154 ipsius
1776 3080 1818 3139 de

120 3164 269 3231 natum,ac
283 3162 309 3218 si
323 3162 944 3242 horaeademcecidissat.Lugdunidenique
959 3149 981 3218 C
999 3164 1107 3221 siderio
1123 3164 1321 3237 conspiciendi
1333 3164 1817 3237 accensumilluodevenissemihil·

120 3249 151 3311 in
167 3250 345 3308 monasterio
365 3252 549 3320 Barbarensi,
565 3254 637 3310 dum
661 3255 793 3327 quidam,
809 3260 842 3312 ut
866 3258 945 3314 credi
999 3270 1056 3326 que
1069 3258 1250 3326 preteream
1267 3252 1345 3309 aliud
1361 3253 1613 3326 quaerereheinde
1626 3255 1674 3313 vir
1687 3255 1816 3315 illothar-

121 3337 458 3407 debet‚inconvenienter
469 3341 621 3398 bustulam
634 3343 678 3400 vel
693 3343 872 3417 pyxidem,in
887 3364 946 3419 qua
999 3341 1083 3416 logus
1099 3343 1274 3418 subsecutus
1290 3341 1330 3398 sit
1346 3359 1353 3397 τ
1368 3366 1382 3392 «
1398 3341 1469 3400 Novi
1483 3347 1521 3409 it,
1538 3342 1690 3417 inquient,
1706 3344 1824 3421 apitii·-

122 3426 303 3494 servabatur,
317 3430 350 3484 ut
364 3444 429 3484 mos
443 3433 498 3496 est,
513 3433 667 3488 attractare
682 3432 795 3499 vellete
808 3429 945 3493 manibris
999 3431 1055 3487 bus
1069 3431 1230 3487 Galliarum
1246 3430 1302 3487 huo
1313 3431 1473 3488 devenisse.
1485 3432 1539 3488 Sed
1556 3449 1669 3505 queso,
1679 3434 1728 3493 dic
1741 3434 1825 3507 mihi,-

118 3512 200 3571 illius
214 3529 279 3571 sese
293 3514 432 3588 eripiens,
450 3515 568 3590 longius
584 3519 612 3574 in
627 3536 692 3577 aere
707 3522 796 3578 stetit.
998 3520 1022 3576 si
1039 3520 1202 3576 caenobium
1225 3520 1345 3592 MaJ'oris
1371 3521 1431 3588 [ot.‚
1448 3519 1617 3596 Cluniense]
1643 3521 1813 3593 monaterii,

153 3602 194 3660 De
209 3601 360 3660 chrismali
376 3604 585 3678 etiam‚quoda
601 3608 778 3680 quibusdam
793 3613 944 3684 corporatis
998 3609 1075 3679 quod
1092 3609 1119 3663 in
1135 3606 1244 3663 eisdem
1254 3607 1821 3682 partibushebetanaliquandevidistis-

116 3689 293 3766 appellatur,
304 3691 467 3766 plurimum
482 3700 633 3767 expertum
648 3701 693 3754 est
706 3704 943 3770 prastararcme·
996 3699 1032 3752 At
1046 3695 1095 3752 ille
1110 3695 1182 3752 dixit
1196 3713 1202 3750 :
1216 3719 1230 3746 a
1245 3694 1322 3764 Vidi,
1339 3695 1482 3768 inquitet
1495 3697 1605 3770 optime
1621 3699 1813 3773 cognitumeat

114 3779 201 3850 dia,si
217 3779 291 3837 ssdcs
305 3779 484 3855 exigentium
499 3800 556 3839 non
573 3784 660 3841 luerit
674 3786 773 3842 dubia.
789 3789 862 3844 Nam
877 3806 943 3846 con·
997 3784 1079 3841 mihi.
1097 3807 1110 3834 »
1127 3785 1209 3841 Tunc
1224 3783 1296 3840 dixit
1311 3785 1336 3840 ei
1353 3802 1387 3840 :«
1405 3783 1554 3853 situati,
1565 3803 1624 3859 liiae
1640 3789 1754 3846 <iunctis
1767 3787 1820 3846 so-

114 3871 161 3925 tra
185 3868 320 3926 incendis
346 3870 454 3944 saepius
477 3871 632 3944 elevatum,
654 3880 705 3930 aut
729 3877 941 3951 exstinguendo
996 3875 1074 3930 mani
1091 3873 1170 3929 orbis
1185 3873 1257 3929 illud
1273 3872 1367 3929 velere
1383 3873 1528 3947 precipue
1543 3874 1573 3930 in
1589 3874 1811 3935 liberationemi·

116 3957 308 4031 compescuit,
323 3963 375 4015 aut
397 3965 561 4018 retrorsum
577 3962 698 4035 pepulit,
716 3981 768 4021 seu
780 3964 810 4021 iu
826 3971 941 4038 partem
996 3979 1111 4018 marum
1127 3962 1317 4018 adaemonics
1331 3961 1642 4021 dominatione.Tanta
1656 3966 1736 4023 enim
1747 3965 1811 4041 viqct

117 4043 239 4103 alteram
254 4048 517 4106 retorsitltlcmbra
532 4050 641 4125 quippe
656 4069 800 4126 agrorum
815 4055 943 4112 dolentia
995 4051 1025 4107 in
1040 4068 1073 4108 eo
1088 4050 1194 4107 vivifici
1210 4050 1345 4107 sacrificii
1364 4051 1501 4123 frequens
1516 4051 1732 4119 immolatio.ut
1743 4051 1816 4112 nulll-

115 4133 266 4193 multoties
280 4153 353 4194 sana
367 4137 941 4207 restituit‚lebrioitantibusnihilominus
995 4156 1070 4212 pane
1085 4139 1147 4196 dies
1163 4143 1355 4212 pertranseat,
1371 4140 1400 4194 in
1414 4157 1473 4212 qua
1488 4156 1546 4196 non
1562 4141 1599 4199 de
1613 4146 1757 4214 potestate
1764 4157 1809 4200 ma·

115 4222 287 4297 impositum
310 4223 437 4282 salutem
462 4226 595 4284 contulit.
619 4230 703 4302 Apud
728 4234 940 4290 monasterium
994 4228 1141 4303 lignorum
1156 4229 1324 4286 daemonum
1338 4227 1397 4285 tale
1411 4228 1625 4287 commercium
1642 4232 1756 4290 animas
1768 4227 1808 4288 eri

115 4311 287 4381 Reomense,
303 4315 435 4387 tempore
449 4316 623 4374 venerabilis
644 4317 786 4376 Willelmi
812 4321 938 4392 abbatis,
994 4319 1065 4390 plat.
1080 4341 1093 4368 »
1114 4319 1183 4374 Erat
1207 4318 1364 4390 siquidem,
1389 4321 1423 4373 ut
1447 4317 1504 4390 ipsi
1527 4319 1743 4393 perspeximus,
1757 4330 1807 4377 met

113 4398 239 4473 contigit
254 4403 286 4456 ut
309 4398 478 4459 incendium
503 4405 743 4477 circumjacentia
767 4410 940 4467 monasterii
993 4407 1074 4464 illius
1089 4406 1224 4474 coenobii,
1242 4425 1259 4463 a
1273 4406 1369 4480 prima
1382 4406 1430 4463 die
1445 4424 1550 4463 aurora
1566 4424 1662 4482 usque
1677 4410 1707 4467 in
1721 4409 1806 4467 boran

114 4486 350 4561 depopularetur.
360 4489 541 4563 arripientes
556 4497 655 4549 sutem
670 4496 801 4567 ejusdem
817 4497 871 4554 loci
884 4500 939 4556 fra·
955 4517 981 4586 D
996 4495 1122 4569 prandii,
1139 4499 1258 4569 propter
1273 4495 1396 4551 fratrum
1413 4495 1539 4568 copiam,
1555 4496 1699 4556 continua
1718 4497 1806 4555 misaa-

113 4577 174 4633 tres
189 4575 346 4634 chrismale
360 4582 445 4636 conto
460 4579 643 4653 impositum,
659 4582 845 4643 elevaverunt
867 4587 940 4645 illud
996 4602 1062 4641 rum
1075 4583 1310 4648 celebratioouae
1326 4583 1459 4642 videlicet
1473 4587 1532 4641 tam
1546 4585 1636 4661 digne
1652 4594 1806 4661 purequett

113 4667 217 4725 contra
230 4663 359 4722 incendii
365 4666 501 4726 flammea
510 4670 571 4726 dire
582 4670 857 4744 flagrantesstatim
864 4693 940 4746 vero,
997 4677 1161 4731 reverenter
1175 4672 1272 4742 tiebat,
1284 4676 1317 4728 ut
1332 4673 1426 4748 magis
1442 4673 1575 4747 angelica
1588 4691 1681 4748 quam
1696 4676 1806 4734 humant

113 4752 192 4810 idern
208 4751 323 4828 ignisin
334 4758 942 4837 sescretorquens‚minimeampliusquam
997 4761 1137 4820 exhibitio
1152 4767 1314 4835 putaretur.

112 4842 270 4913 invaserat,
279 4843 409 4919 arripere
422 4845 521 4903 valuit.
531 4846 618 4905 Panis
633 4852 731 4906 tamen
747 4849 795 4907 ille
810 4851 942 4910 Domini·
1032 4853 1115 4908 Anno
1128 4851 1218 4924 igitur
1233 4849 1389 4907 millesimo
1412 4851 1640 4927 quadragesimo
1664 4855 1756 4929 primo
1768 4852 1804 4910 ln·

115 4947 254 4998 caesura
268 4933 391 5004 llante‚a
406 4934 524 4992 contulo
534 4934 663 5010 elapsus,
676 4937 743 5010 plus
758 4940 857 4999 minus
873 4943 943 4999 duo·
997 4940 1175 4997 carnationis
1191 4938 1348 4996 Dominicae
1373 4941 1484 4997 exstitit
1509 4941 1658 5000 terminus
1678 4936 1806 5017 paschatis

114 5019 170 5075 bus
185 5019 333 5079 milliariis
347 5023 471 5081 avolavit
487 5026 621 5098 usquead
631 5024 942 5106 villsmcuiTrivalgas
997 5028 1168 5085 duodecimo
1185 5028 1376 5084 kalendarum
1390 5027 1545 5101 Aprilium,
1562 5033 1593 5088 et
1612 5031 1677 5105 ipse
1692 5031 1753 5090 dies
1765 5042 1806 5088 m·

113 5107 288 5166 vocabulum
303 5116 357 5182 est,
375 5113 474 5188 ibique
489 5131 578 5190 super
593 5116 714 5174 domum
730 5119 885 5189 cujusdam
896 5137 941 5178 vc·
995 5117 1215 5191 decimamque
1230 5115 1322 5173 idcico
1339 5117 1479 5174 adnotare
1488 5116 1755 5194 placuit,quoniam
1767 5126 1814 5177 net.

113 5195 198 5253 niens
212 5196 364 5264 seditouo
379 5207 541 5274 persecuto,
553 5205 940 5281 admonasteriumdignan·
995 5206 1160 5264 communis
1175 5223 1305 5279 unquam
1322 5206 1355 5261 tlt
1370 5207 1537 5280 temperior,
1554 5224 1610 5265 nec
1632 5206 1809 5268 embolismo!

113 5287 158 5341 ter
172 5286 217 5340 est
232 5282 356 5344 delatus.
373 5290 540 5365 Contigerat
554 5292 632 5350 onim
648 5294 678 5351 in
703 5294 766 5368 ipso
792 5297 939 5354 ennodio
994 5296 1154 5369 septimum
1171 5294 1368 5351 Kalendarum
1393 5295 1532 5353 Martium
1561 5296 1640 5356 diem
1666 5290 1810 5372 aliquandi

114 5372 230 5429 Pascha
248 5371 276 5427 in
303 5373 424 5433 ecclesia
450 5397 514 5452 que
529 5382 704 5439 Monasterio
719 5384 844 5455 adjacet,
862 5385 938 5442 beati
993 5384 1114 5441 excedit.
1122 5385 1178 5441 Sed
1195 5384 1271 5440 inter
1286 5385 1366 5458 ipsos
1383 5383 1506 5457 triginta
1521 5387 1657 5460 quinque
1672 5386 1736 5446 dies
1748 5378 1810 5460 lep'·

113 5460 194 5518 Pauli
209 5459 328 5517 nomine
341 5462 446 5534 dicata,
463 5472 496 5524 ut
517 5467 591 5526 calix
605 5469 709 5528 vivifici
733 5474 887 5547 sanguinis
903 5476 938 5531 ds
993 5473 1064 5530 timo
1075 5472 1137 5529 dies
1153 5473 1329 5530 sacerrimus
1343 5472 1460 5530 Pascha
1471 5479 1648 5535 coarctatur.
1660 5476 1740 5535 Obiit
1751 5486 1809 5552 qut

113 5549 274 5610 sacerdotis
289 5550 427 5610 manibus
443 5554 472 5612 iu
488 5560 596 5615 terram
611 5557 829 5620 laberetur.Scd
840 5567 938 5637 utpre
993 5579 1049 5636 que
1065 5563 1166 5619 eodem
1183 5579 1260 5620 anno
1274 5561 1468 5621 chuonradus
1493 5562 1665 5639 imperator.
1682 5565 1735 5624 Cui
1757 5575 1809 5623 scr
