3884 6084
109 259 187 326 {ror
649 260 845 325 bannonis
865 262 1032 325 leniris
1055 260 1270 325 rociensis.
1356 219 1360 223 ’
1738 250 1816 314 ιιοε

110 395 297 455 ιιιιιιιειιιιειιε
311 395 390 467 ejas;
407 395 544 452 differunt
562 399 659 453 autern
675 397 704 452 in
717 397 772 454 hoc
788 397 865 470 quod
881 414 932 453 nu·
947 399 974 466 Α
988 412 1179 469 zeugmenon,
1191 411 1256 450 raro
1272 395 1369 450 autem
1384 390 1421 447 ad
1434 390 1463 458 d,
1478 388 1534 446 hoc
1549 391 1595 444 est
1617 385 1655 443 ad
1679 389 1817 460 paranete

110 487 230 544 thentus
242 485 423 542 diatessaron
436 485 524 541 habet
536 503 625 559 supra
637 487 782 559 diapente,
793 489 932 562 subjuga·
989 485 1217 559 diezeugmenon
1233 501 1238 539 :
1251 489 1278 539 et
1290 481 1440 538 descendit
1454 480 1488 535 ad
1501 478 1532 546 C,
1544 494 1609 550 quae
1620 480 1667 532 est
1678 478 1815 549 parypate

110 576 148 633 lis
162 592 228 633 vero
244 576 328 631 inira.
988 575 1128 648 hypaton,
1150 573 1303 647 possidens
1327 570 1401 626 inter
1416 572 1435 626 C
1448 573 1476 625 et
1494 585 1510 624 e
1531 567 1648 623 tertiam
1675 565 1815 637 diapason

146 669 172 720 8.
186 665 241 738 (ιι)
253 665 368 720 Primus
390 665 479 738 igitur
494 667 599 722 modus
615 667 657 721 vel
675 670 760 722 tonas
774 668 936 737 intenditur
989 665 1124 720 sormam.
1138 681 1226 735 supra
1240 679 1307 717 vero
1322 659 1478 731 aliquando
1489 654 1741 725 chordamquus
1754 669 1818 709 caa-

111 755 145 810 ad
163 756 278 810 acutam
295 754 323 821 d,
341 754 369 809 id
390 758 433 810 est
454 761 590 826 paranete
615 756 853 830 diezeugmenon,
871 774 936 814 raro
990 759 1038 809 tas
1050 754 1192 826 principia
1206 750 1311 824 legalia
1327 754 1396 805 sunt
1410 750 1545 820 quatuor,
1558 744 1613 801 (ΙΙ)
1630 745 1652 799 E
1669 743 1702 808 F,
1713 759 1817 798 secan-

111 847 209 898 autem
225 842 262 899 ad
278 859 303 908 e,
313 859 376 915 quae
387 847 431 898 est
440 847 506 900 nete
517 844 756 920 diezeugmenon,
769 852 798 902 et
813 849 936 902 descen·
991 844 1061 898 dum
1073 841 1216 914 quosdam
1232 857 1291 905 sex,
1308 839 1384 895 sicut
1399 841 1427 892 et
1442 834 1648 892 distinctiones
1665 831 1686 886 C
1698 836 1719 886 ι)
1730 832 1750 886 E
1762 832 1816 899 Fa,

112 931 154 987 dit
169 932 204 987 ad
217 931 248 999 C,
260 932 289 986 id
301 935 346 988 est
358 938 497 1006 parypate
512 933 651 1007 hypaton,
663 936 812 992 rarissime
822 953 888 993 vero
900 937 936 991 ad
990 937 1019 989 et
1034 935 1103 987 sunt
1117 929 1221 985 tertius
1237 928 1377 1000 magister
1390 927 1513 997 ejusque
1523 920 1702 994 discipulus.
1714 919 1744 976 Si
1760 936 1817 975 ma-

112 1022 213 1092 Bqaae
243 1025 288 1075 est
316 1021 422 1093 hypate
451 1022 718 1094 hypaton,habens
742 1025 937 1081 interlletd
991 1021 1074 1095 gistri
1100 1025 1219 1075 cautam
1237 1018 1257 1072 Ε
1276 1016 1319 1073 vel
1340 1017 1358 1070 F
1379 1013 1572 1079 inchoaveris,
1589 1011 1625 1066 ad
1650 1027 1676 1075 ε,
1693 1026 1757 1082 qua
1779 1013 1819 1065 est

112 1113 247 1182 quartam
272 1109 413 1181 diapason
440 1110 575 1178 sormam,
602 1130 691 1185 supra
714 1131 780 1170 roro
805 1120 834 1170 et
862 1115 938 1169 inira
992 1097 1817 1180 netediezeugmenon,sitminimusmodasintensionis,

112 1199 263 1266 chordam,
275 1203 303 1254 ει
318 1205 350 1254 ιιι
362 1200 472 1255 dictum
487 1206 541 1267 est,
554 1201 703 1259 rarissime
716 1203 789 1260 duas
804 1203 936 1260 interius.
993 1198 1128 1271 discipuli
1142 1214 1209 1253 vero
1225 1196 1261 1251 ad
1278 1195 1298 1250 B
1314 1191 1507 1258 remississnss,
1519 1194 1551 1245 Ul
1563 1189 1610 1246 Oui
1625 1186 1761 1260 detumit
1776 1186 1818 1243 dl*

112 1288 265 1345 Secundus
289 1290 396 1344 modus
419 1290 549 1346 ascendit
564 1292 599 1347 ad
617 1309 643 1357 a,
658 1293 687 1347 id
704 1297 748 1348 est
767 1309 856 1361 mese,
873 1311 938 1349 raro
993 1290 1061 1345 beat
1073 1286 1123 1343 tali
1138 1286 1304 1342 differentia
1316 1283 1445 1356 patefiat.

111 1380 210 1432 autem
226 1377 262 1432 ad
278 1376 306 1443 b,
321 1376 364 1433 vel
380 1378 456 1445 gad
472 1383 516 1434 est
530 1380 566 1434 ad
582 1379 648 1435 trite
664 1398 886 1454 synemmenon,
895 1381 939 1450 vel

114 1481 280 1537 paramese;
297 1466 457 1522 remittitur
471 1469 507 1524 ad
523 1469 555 1536 A,
572 1486 635 1540 quas
651 1475 695 1525 est
715 1470 939 1542 proslambano-

114 1570 227 1622 menos,
250 1555 457 1628 interdumque
479 1543 575 1613 adhuc
598 1575 669 1613 sono
693 1559 825 1627 interius,
851 1577 939 1633 quam

115 1642 259 1710 moderni,
281 1647 313 1700 ιιι
341 1661 432 1717 supra
456 1646 566 1702 dictum
593 1652 647 1716 est,
671 1649 856 1717 addiderunt,
880 1655 940 1707 etr

115 1733 214 1789 Graeca
226 1732 322 1789 littera
332 1738 514 1791 notaverunt.
524 1736 656 1793 Possidet
668 1741 765 1793 autem
776 1738 824 1793 hie
836 1739 941 1793 modus

115 1821 192 1877 inter
206 1825 229 1877 Α
244 1825 273 1877 ει
288 1840 304 1878 ε
319 1823 444 1895 primam
465 1824 605 1897 diapason
621 1827 759 1898 speeiem,
771 1844 860 1899 supra
874 1843 941 1882 vero

115 1914 212 1969 rarius
226 1917 254 1970 ct
266 1913 344 1969 intra
361 1930 472 1970 rocem.
488 1916 522 1970 ut
538 1915 568 1971 hi
582 1920 652 1971 sunt
672 1917 813 1988 magister
828 1916 941 1989 primus

116 2003 421 2076 ejusquediseipulus.
433 2005 562 2077 Magistri
572 2004 716 2073 autemid
726 2008 771 2061 cst
782 2004 868 2077 primi
879 2003 941 2061 toni

116 2096 220 2148 cantus
236 2093 375 2164 incipitur
384 2110 435 2149 sex
447 2093 553 2159 nervis,
566 2093 676 2150 scilicet
686 2095 706 2149 C
717 2099 739 2148 D
751 2095 844 2160 EFG,
856 2112 882 2164 a,
894 2095 942 2149 ha-

57 2222 61 2231 .
117 2180 190 2235 bens
204 2179 268 2235 oola
280 2186 308 2235 et
323 2185 478 2248 commata,
491 2182 576 2237 idest
592 2184 723 2238 membra
733 2187 761 2238 et
774 2182 941 2248 incisiones,

118 2285 192 2341 quas
208 2266 411 2324 distinctiones
427 2273 530 2325 cantus
552 2270 748 2342 appellamus,
766 2272 796 2325 in
820 2271 940 2327 eisdem.

119 2358 228 2413 Cantas
250 2373 316 2412 vero
340 2356 488 2429 discipuli,
504 2356 533 2413 id
558 2363 602 2414 est
626 2360 746 2414 secundi
770 2359 832 2415 toni
856 2359 944 2416 habet

119 2445 263 2518 principia
277 2445 382 2518 legalia
397 2452 522 2518 quatuor
533 2448 555 2502 Α
566 2449 586 2503 Β
598 2450 618 2504 C
628 2449 661 2515 D,
671 2467 688 2504 a
699 2448 800 2504 multis
810 2466 875 2505 vero
888 2450 945 2505 usi-

119 2533 942 2609 tatasethCDlll'‚inqaihusetiamcolaetcom·

119 2627 207 2679 mata.
220 2623 300 2687 Quod
318 2623 341 2679 si
363 2623 448 2696 primi
470 2630 590 2681 cantum
601 2626 632 2692 C,
644 2627 688 2682 vel
701 2627 734 2693 D,
745 2627 788 2683 vel
805 2629 835 2691 ll,
852 2628 896 2684 vol
914 2629 943 2697 F,

121 2712 274 2785 inceperis,
291 2729 349 2768 non
374 2713 473 2770 minus
495 2731 583 2787 quarn
600 2733 624 2770 e.
641 2721 758 2772 acutam
774 2718 839 2789 (25),
856 2717 946 2774 idest

119 2803 187 2857 trite
202 2802 441 2874 diezeugmenon,
458 2807 491 2858 at
509 2806 675 2875 caJ’asmodi
696 2806 743 2871 sit,
760 2807 944 2862 ascendendo

119 2891 279 2947 discernas.
291 2890 319 2945 si
329 2893 525 2948 verosecundi
534 2898 652 2950 cantum
665 2894 813 2951 ineisdem
824 2895 946 2968 incoepe-

122 2980 173 3047 ris,
184 2997 242 3036 non
258 2979 357 3037 nunus
368 2998 457 3053 quam
474 2982 509 3037 ad
521 2984 542 3038 B
552 2983 691 3055 deponas,
704 2989 736 3040 ιιι
746 2985 830 3056 cujus
845 2985 884 3041 sit
897 3001 945 3041 re·

122 3069 263 3125 mittendo
278 3071 425 3126 ostendas.
443 3071 499 3127 Sed
519 3072 549 3126 in
568 3089 602 3129 eo
613 3073 725 3143 judicio
741 3079 867 3146 quatuor
882 3077 946 3129 tan·

119 3162 183 3223 tum
199 3159 343 3231 principia
359 3160 517 3232 unicuique
533 3161 681 3217 dabuntur
696 3163 850 3235 discipulo.

156 3248 273 3304 Tertius
288 3248 393 3304 modus
415 3249 578 3305 intenditur
588 3251 625 3306 ad
640 3267 665 3316 e,
681 3251 710 3306 id
736 3256 781 3308 est
805 3257 869 3308 nete
885 3254 944 3308 die-

120 3352 311 3409 zeugmenon,
327 3353 391 3392 raro
414 3343 511 3393 antem
534 3339 694 3395 remittitur
717 3342 753 3396 ad
774 3341 876 3413 unm
900 3347 946 3397 est
1035 3337 1099 3392 Hac
1115 3316 1159 3390 est
1183 3330 1283 3404 regula
1302 3327 1474 3386 intensionis
1499 3328 1528 3381 et
1551 3321 1735 3380 remissionis
1757 3321 1806 3374 οιιο

118 3424 252 3481 lichanos
270 3425 410 3498 hypaton.
425 3426 518 3482 Habet
538 3427 707 3501 principalis
722 3436 825 3486 cantas
841 3430 944 3487 distin·
1000 3427 1166 3488 modorum,
1180 3427 1207 3478 et
1223 3422 1283 3476 haec
1306 3423 1351 3475 est
1374 3415 1524 3488 sequenda
1547 3413 1594 3469 lex
1609 3428 1721 3478 eorum,
1736 3421 1805 3481 quem

121 3512 233 3569 ctiones
244 3514 341 3568 nervis
352 3514 434 3569 sexli
446 3516 467 3570 ll
477 3516 497 3570 ι’
507 3515 562 3583 G‚a
576 3520 608 3586 ᾖ
625 3517 778 3588 possidens
790 3519 866 3574 inter
882 3520 902 3575 ll
917 3523 946 3575 et
1000 3531 1051 3588 per
1067 3511 1248 3584 singulorum
1266 3513 1401 3564 tonorum
1423 3503 1532 3577 proprii
1548 3506 1655 3557 cantus
1671 3500 1805 3555 dissonan-

120 3617 147 3668 e,
158 3600 187 3657 id
204 3605 249 3657 est
263 3601 339 3657 inter
352 3600 569 3675 hypatemeson
581 3610 609 3661 et
624 3611 688 3662 nete
704 3608 943 3680 diezeugmenon,
999 3604 1071 3660 tiam
1082 3601 1199 3658 subtilis
1210 3605 1238 3655 et
1248 3601 1334 3655 cauta
1345 3596 1552 3651 modernorum
1563 3587 1695 3647 exaravit
1704 3586 1803 3658 diligen·

121 3688 253 3762 quintam
270 3690 412 3764 diapason
427 3692 566 3765 speciem,
579 3712 668 3768 supra
683 3712 749 3751 vero
764 3701 791 3752 et
806 3697 882 3754 infra
895 3715 944 3753 vo·
999 3695 1049 3749 tin.
1059 3690 1229 3762 Antiquitas
1239 3689 1318 3743 enim
1332 3681 1500 3746 authentici,
1512 3697 1579 3735 carn
1593 3679 1689 3752 plagis
1699 3675 1748 3732 etsi
1760 3687 1802 3728 aaa

95 3788 99 3796 ·
119 3781 324 3846 cem.Quartus
335 3782 440 3839 modus
450 3782 627 3840 ascenditnd
641 3785 715 3851 gad
728 3790 772 3841 est
782 3803 943 3858 paramese,
999 3781 1149 3854 aeqaaliter
1161 3777 1399 3840 intendebantur,
1409 3771 1802 3827 indifferentertamanomo

119 3883 186 3923 raro
200 3869 236 3925 ad
253 3884 267 3924 c
282 3885 346 3941 quae
371 3874 415 3926 est
440 3870 507 3927 trite
527 3872 771 3945 diezeugmenon;
794 3875 946 3932 descendit
1000 3873 1029 3927 in
1044 3874 1178 3943 quartam
1191 3866 1235 3922 vel
1251 3867 1278 3920 in
1292 3863 1425 3936 quintam
1437 3859 1577 3916 chordam
1594 3855 1801 3913 remittebantur.

118 3973 186 4012 vero
201 3957 238 4013 ad
253 3957 443 4025 B‚continens
455 3958 531 4015 inter
542 3961 602 4026 B,et
616 3965 648 4027 ᾖ
666 3963 825 4018 secundam
841 3964 870 4018 in
882 3965 944 4019 din·
1000 3944 1078 4033 qu‘od
1094 3957 1189 4013 adhuc
1205 3953 1366 4010 multorum
1382 3954 1522 4007 cantuum
1538 3945 1735 4002 indifferentes
1747 3939 1801 3994 iuter

119 4045 946 4123 paeoniormam,supraverochordam.Cajuscantusse-
999 4046 1154 4103 authentos
1169 4048 1198 4100 et
1213 4039 1383 4114 subjugales
1401 4039 1562 4094 descensus
1577 4037 1732 4090 testantur,
1742 4023 1799 4084 aab

118 4135 248 4191 eundum
259 4137 403 4208 quosdam
416 4153 466 4193 sex
481 4139 587 4206 nervis,
600 4138 730 4211 legaliter
742 4157 807 4197 vero
819 4145 946 4212 quatuor
999 4137 1028 4191 in
1040 4135 1174 4208 pluribus
1184 4132 1331 4188 interdum
1344 4141 1555 4201 praemensus,
1564 4121 1799 4186 maxlffleltffllffl

118 4222 260 4295 incipitur
269 4225 290 4279 B
300 4224 320 4280 C
331 4225 354 4281 D
365 4226 396 4292 ll,
407 4229 436 4281 et
445 4243 496 4282 sex
506 4225 698 4299 distinguitur
708 4228 729 4282 B
741 4229 761 4283 C
772 4229 793 4284 l)
805 4230 824 4284 ll
836 4231 855 4285 F
867 4231 900 4286 G.
910 4232 945 4286 ut
999 4227 1142 4282 descensu
1154 4223 1187 4277 fit
1197 4237 1272 4293 saepe
1283 4219 1417 4274 dubietas
1428 4219 1528 4270 utrum
1545 4211 1688 4268 authento
1699 4225 1732 4264 an
1744 4197 1798 4278 pisti

117 4309 149 4366 hi
159 4317 229 4368 suat
240 4314 387 4370 secundus
398 4313 538 4387 magister
547 4317 669 4389 ejusque
678 4317 852 4390 discipulas.
863 4320 944 4384 Quod
999 4330 1100 4372 eorum
1114 4311 1259 4367 tribuatur
1271 4305 1443 4380 proprietas.
1456 4302 1530 4357 Hine
1540 4300 1677 4373 juniores
1693 4290 1800 4353 subdiu

117 4399 144 4455 si
159 4400 293 4473 magistri
312 4407 431 4458 cautum
448 4403 527 4459 Dvel
544 4404 565 4460 E
580 4404 744 4478 incoeperis,
757 4422 815 4461 non
837 4408 943 4475 minor,
999 4408 1027 4458 et
1037 4396 1358 4471 acutiusadjudiaando
1369 4397 1397 4450 et
1409 4391 1517 4449 certius
1532 4387 1717 4463 legaliusque
1726 4376 1800 4440 diarri-

118 4505 209 4561 qaam
225 4489 262 4544 ad
277 4489 306 4555 d,
318 4489 347 4546 id
363 4496 408 4547 est
423 4497 560 4565 paranete
573 4493 811 4566 diezeugmenon,
828 4495 867 4552 sit
882 4513 944 4553 mo·
960 4512 983 4576 D
999 4492 1156 4558 minantes,
1169 4504 1221 4543 ¹¹0⁰
1241 4504 1275 4543 ⁰1
1296 4489 1356 4541 l⁰l⁰
1371 4480 1501 4554 miquifl
1513 4476 1712 4538 mmmmm&
1728 4486 1768 4529 ¹¹⁰⁰
1778 4480 1800 4520 θ’

118 4576 175 4632 das
191 4576 365 4635 intensionis
377 4595 384 4634 ε
398 4580 457 4652 (26)
467 4580 492 4637 si
503 4581 650 4654 discipali,
663 4599 719 4637 non
737 4584 842 4652 minor,
856 4602 944 4657 qaam
999 4585 1059 4637 toto
1075 4576 1262 4635 dissentiunt.
1275 4573 1366 4629 Aiunt
1380 4570 1458 4628 enirn
1473 4571 1608 4641 oportere
1632 4565 1710 4621 inter
1726 4556 1802 4617 modat

118 4665 156 4721 ad
170 4668 190 4720 C
204 4665 405 4748 depositionis,
416 4673 448 4724 ut
461 4670 628 4740 cujusmodi
650 4671 689 4726 sit
708 4672 885 4731 intendendo
900 4676 943 4730 vel
999 4672 1092 4726 certas
1107 4684 1170 4743 esse
1186 4663 1376 4731 differentias,
1389 4664 1421 4716 ut
1442 4661 1649 4731 cujuscunque
1666 4651 1744 4710 modi
1752 4646 1803 4706 siut

118 4753 294 4811 remittendo
309 4754 471 4813 discernas.
998 4744 1172 4832 cognoscere
1188 4753 1336 4826 possimus
1347 4748 1517 4806 cantilenas.
1527 4744 1583 4802 Sed
1595 4743 1620 4800 si
1637 4743 1748 4816 primas
1759 4749 1805 4793 me

153 4844 280 4910 Quintus
293 4846 398 4902 modas
414 4846 622 4904 intenditurad
638 4864 663 4918 e,
677 4867 740 4921 quae
755 4854 800 4907 est
815 4851 881 4907 trite
896 4850 946 4924 hy·
999 4848 1054 4904 das
1070 4846 1105 4901 ab
1121 4848 1207 4901 acuta
1217 4859 1232 4899 e
1243 4842 1279 4898 ad
1290 4840 1358 4907 Α,ιά
1369 4844 1424 4901 est,
1435 4854 1453 4893 a
1466 4839 1534 4892 nete
1544 4819 1805 4906 diezeugmenonat

118 4933 287 5005 perboleon,
304 4953 370 4992 rara
385 4940 483 4992 autem
497 4937 534 4993 ad
550 4953 578 5010 g,
590 4942 619 4993 et
633 4938 792 4995 remittitur
802 4940 836 4995 ad
850 4941 879 5009 C,
890 4940 945 4996 hoe
998 4934 1312 5009 proslambanomenon
1335 4928 1516 4992 remittatur;
1543 4921 1696 4979 secandus
1719 4931 1776 4974 vero
1795 4926 1809 4965 ⁸

118 5024 164 5076 est
186 5021 293 5095 hypate
317 5042 428 5093 meson,
447 5026 600 5082 continens
624 5026 699 5083 inter
720 5028 781 5083 Fet
803 5029 943 5085 tsextam
999 5039 1161 5099 paramese,
1173 5038 1237 5094 qua
1252 5023 1296 5075 est
1312 5022 1355 5086 ἦ,
1368 5017 1404 5072 ad
1420 5013 1554 5071 eamdem
1568 5014 1593 5067 A
1608 4997 1808 5082 deponaraasi

119 5107 260 5179 diapason
276 5113 414 5186 speciem,
427 5131 517 5188 supra
534 5132 601 5171 vcro
625 5120 653 5170 et
678 5115 752 5171 intra
768 5133 877 5172 vocem.
894 5119 947 5174 Cu·
1000 5115 1076 5169 intcr
1091 5115 1112 5167 Α
1128 5116 1156 5166 et
1171 5128 1197 5178 a,
1214 5110 1243 5164 id
1259 5111 1312 5173 est,
1328 5107 1404 5163 inter
1422 5119 1500 5160 mese
1515 5105 1545 5156 et
1560 5097 1811 5173 proslambanome-

113 5197 167 5269 jus
182 5203 285 5254 cantas
298 5202 442 5275 principia
455 5209 483 5259 et
494 5204 696 5260 distinctienes
707 5212 777 5260 sunt
787 5207 867 5262 sexi]
880 5207 900 5261 F
911 5208 944 5276 G,
1001 5206 1182 5271 nomenoius
1191 5215 1247 5254 non
1257 5193 1602 5264 excedenseompouatur
1612 5191 1642 5244 et
1652 5186 1683 5244 in
1694 5180 1812 5243 uanius

121 5285 170 5340 ab
187 5301 201 5339 c
217 5287 253 5341 ab
269 5287 374 5360 hypate
390 5307 490 5347 meson
506 5293 542 5347 ad
558 5293 624 5348 trite
640 5291 880 5366 diezeugmenon.
1001 5308 1057 5365 que
1073 5288 1152 5345 finali
1170 5285 1342 5359 regulariter
1360 5281 1547 5346 terminatur,
1562 5279 1708 5333 incertum
1723 5273 1763 5328 est
1776 5263 1813 5320 uli

155 5373 260 5429 Sextus
280 5379 384 5433 modas
409 5381 710 5454 ascendenteque
735 5388 779 5438 est
803 5383 870 5439 trito
886 5384 950 5440 dic.
1000 5360 1812 5454 potiusdeputetur.ldemcontingitincaeteris3adq11²ffi

155 5483 183 5546 (2
191 5481 211 5550 ι)
227 5481 258 5535 ln
273 5482 320 5537 cit.
334 5484 418 5540 codd,
433 5485 493 5542 haec
514 5488 613 5543 omnia
628 5489 735 5545 desunt
752 5507 844 5563 usque
870 5490 946 5546 inira
1036 5488 1092 5556 (25)
1104 5489 1176 5556 Leqc
1191 5482 1226 5538 ad
1243 5499 1267 5536 a.
1285 5484 1403 5536 acutam
1419 5475 1566 5533 intendas·

121 5551 157 5606 ad
173 5569 201 5606 n.
219 5553 245 5620 9,
1037 5557 1184 5631 (26)⁸Forte
1199 5553 1286 5610 siout.

1030 1421 1179 1494 Septimus
1202 1418 1309 1474 modus
1332 1414 1492 1472 intenditur
1516 1414 1553 1469 ad
1568 1430 1596 1487 g,
1615 1411 1646 1466 id
1671 1415 1717 1467 est
1740 1427 1814 1483 para·

995 1516 1061 1567 nete
1089 1508 1294 1582 hyperboleon,
1321 1509 1349 1561 et
1377 1503 1536 1560 remittitur
1560 1502 1597 1556 ad
1622 1501 1657 1568 E,
1673 1500 1703 1555 id
1720 1504 1763 1555 est
1785 1498 1814 1553 ad

995 1605 1133 1673 parypate
1149 1614 1260 1661 meson,
1272 1595 1425 1651 continens
1445 1593 1520 1647 inter
1533 1594 1556 1645 G
1571 1594 1600 1646 et
1625 1606 1645 1662 g
1668 1588 1813 1661 septimam

996 1690 1136 1761 diapason
1165 1686 1303 1758 speciem,
1333 1698 1423 1754 supra
1450 1697 1517 1736 vero
1547 1683 1575 1734 et
1605 1678 1684 1732 inira
1712 1692 1813 1732 vocem,

956 1773 979 1838 B
995 1779 1089 1849 Hujus
1104 1782 1208 1832 curatus
1223 1773 1367 1846 principia
1390 1775 1419 1827 et
1441 1768 1648 1826 distinctiones
1671 1771 1744 1822 suut
1763 1782 1812 1832 ser,

997 1870 1134 1935 l'Gaff
1151 1883 1165 1921 c
1181 1867 1209 1921 d.
1226 1865 1350 1921 Octavus
1366 1862 1472 1917 modus
1487 1856 1620 1914 ascendit
1637 1856 1674 1912 ad
1692 1855 1722 1922 d,
1740 1855 1815 1910 idest

996 1961 1133 2031 paranete
1148 1955 1387 2026 diezeugmenon,
1405 1965 1469 2004 raro
1489 1952 1588 2003 autem
1611 1945 1649 2001 ad
1665 1962 1692 2014 e,
1709 1946 1815 2000 descen·

996 2048 1040 2103 dit
1053 2063 1119 2101 vero
1142 2045 1178 2100 ad
1193 2045 1227 2111 D,
1243 2044 1271 2098 id
1295 2045 1339 2097 est
1358 2039 1490 2095 lichanos
1514 2037 1656 2108 hypaton,
1672 2033 1815 2106 possidens

997 2137 1073 2192 inter
1087 2135 1109 2189 D
1126 2138 1153 2189 et
1167 2135 1196 2200 d,
1213 2131 1374 2189 secundum
1391 2128 1517 2201 primum
1534 2124 1729 2196 magistram,
1742 2137 1814 2193 quar

997 2230 1057 2281 tem
1073 2224 1213 2295 diapason
1236 2221 1372 2284 sormam,
1389 2233 1478 2288 supra
1492 2230 1559 2271 vero
1578 2212 1735 2268 chordam.
1748 2211 1816 2266 Hanc

998 2314 1075 2370 enim
1093 2312 1266 2368 Ptolomaeus
1282 2306 1430 2373 adnexuit,
1442 2303 1550 2376 etquia
1566 2302 1714 2373 diapason
1730 2305 1816 2355 octava

998 2402 1093 2475 spineis
1117 2404 1204 2466 earet,
1231 2401 1364 2470 quartam
1394 2399 1427 2449 ut
1455 2392 1567 2465 primus
1592 2387 1739 2454 obtinuit;
1766 2385 1814 2459 qai,

998 2490 1133 2565 quamvis
1148 2489 1282 2544 eamdem
1305 2485 1393 2540 hahet
1412 2482 1549 2554 speciem,
1566 2480 1717 2535 diversam
1742 2475 1815 2531 habet

999 2580 1116 2635 linalem
1134 2582 1162 2633 et
1177 2594 1234 2632 non
1256 2575 1388 2632 eamdem
1415 2573 1450 2629 ad
1466 2570 1486 2626 C
1501 2568 1721 2624 remissionem.
1735 2566 1814 2636 Hujus

1000 2674 1103 2725 cantus
1118 2667 1201 2722 initia
1217 2670 1248 2720 ut
1268 2665 1390 2719 aliorum
1405 2659 1619 2731 discipulorum
1642 2655 1748 2728 legalia
1759 2656 1814 2710 sant

1000 2763 1134 2832 quatuor,
1152 2756 1174 2810 D
1190 2757 1210 2811 ll
1227 2756 1247 2810 F
1261 2755 1301 2820 G;
1318 2753 1460 2823 usurpata
1482 2764 1541 2815 sex,
1563 2746 1643 2801 sicat
1664 2741 1812 2800 distinotio-

1000 2865 1051 2905 nes
1067 2847 1089 2901 D
1105 2847 1125 2902 ll
1142 2847 1162 2901 ι’
1177 2847 1198 2901 G
1214 2862 1231 2900 a
1247 2844 1327 2915 get
1342 2842 1372 2895 ιιι
1388 2843 1458 2895 sant
1472 2840 1597 2910 quartus
1613 2835 1756 2908 magister
1765 2831 1812 2901 eju·

1000 2954 1073 3009 sque
1088 2932 1260 3007 discipulus.
1276 2931 1304 2987 Si
1324 2927 1454 3001 inagistri
1470 2929 1590 2981 cantum
1608 2922 1691 2979 Frel
1706 2922 1728 2977 G
1743 2921 1811 2976 inco·

1000 3026 1087 3099 peris,
1105 3025 1140 3079 ad
1169 3018 1367 3090 t,idesttrite
1391 3013 1587 3090 hyperboleon
1619 3012 1657 3068 sit
1687 3010 1810 3066 minimus

960 3142 981 3208 G
1001 3116 1106 3170 modus
1122 3110 1310 3176 intensionis3
1323 3104 1460 3178 discipuli
1475 3119 1542 3158 vero
1552 3118 1645 3157 causa
1656 3097 1809 3172 supradicta

1000 3202 1167 3259 differentiae
1183 3200 1219 3256 ad
1234 3200 1254 3254 l]
1271 3194 1461 3252 remissionis.
