3884 6084
137 229 222 321 [ίὶῇᾌῌ4
595 228 627 291 S.
651 226 830 292 cultores
854 225 1133 291 GLUNIACDNSIS
1156 228 1324 292 tanaus
1345 226 1381 288 V.
1763 222 1856 314 teas

133 367 236 424 dicrua
254 365 302 423 die
326 364 518 440 predicamus
548 367 576 422 et
603 364 750 422 credimus
775 363 951 437 pervenisse.
968 365 1062 437 Aper
1076 381 1108 420 os
1124 364 1253 438 Virginis
1265 363 1400 421 audiebat
1416 361 1503 420 verba
1517 358 1634 418 Domini
1646 362 1832 434 pertonantis,

134 456 237 513 Amen.
1012 457 1040 509 et
1055 454 1090 511 de
1102 459 1183 510 utero
1195 454 1298 510 matris
1309 452 1452 528 gestiebat
1462 452 1491 507 in
1501 467 1661 508 occursum
1673 449 1738 521 ejus
1749 467 1835 507 erum·

445 545 565 603 SDRMO
585 545 644 601 Xll.
1012 560 1088 616 pere.
1102 544 1262 610 Quomodo,
1277 547 1420 616 quantum
1430 546 1458 599 et
1470 539 1597 614 qualiter
1607 537 1716 595 officiis
1727 543 1755 594 et
1765 539 1834 596 ohse-

237 653 272 691 ns
291 651 489 690 assuarrmous
508 652 553 690 nm
573 651 730 691 esurrsrcvs
751 646 857 689 stanna.
1012 632 1090 704 quiis
1103 631 1287 705 speculative
1298 632 1361 687 vita
1370 648 1437 687 cum
1449 630 1540 686 altera
1551 627 1646 685 Maria
1659 644 1690 684 se
1702 627 1833 695 subdidit,

170 724 302 797 Congrue
321 723 393 781 satis
409 728 438 779 et
447 723 651 780 convenienter
669 722 957 779 videturaPatrihus
1010 719 1153 777 Gabriclis
1168 720 1334 795 archangeli
1351 721 1522 793 profitentur
1547 718 1685 779 assertio.
1701 717 1833 775 sermonis

134 813 223 869 fuisse
234 813 390 882 sancitum,
403 813 473 868 utin
486 812 750 870 momoriaDomini
759 812 913 869 Genitrieis
923 829 957 868 ea
1011 810 1168 884 evangelici
1183 815 1378 883 prosequatur
1392 809 1494 879 oratio,
1507 808 1578 882 quia
1591 808 1628 864 ad
1647 806 1709 862 hac
1725 824 1832 864 narrau-

133 902 269 958 recitetur
283 902 449 976 evougelicu
462 901 558 971 lectio,
575 920 639 973 que
665 906 764 958 narrat
790 900 855 958 illas
881 902 957 959 diras
1011 901 1048 955 da
1063 905 1167 956 nostrae
1183 899 1334 972 parvitatis
1349 898 1446 954 delicit
1461 914 1568 954 sermo.
1592 896 1694 952 Unum
1712 896 1828 970 profecto

133 995 231 1047 monte
246 994 274 1046 et
289 1007 375 1047 carne
390 1007 503 1047 sorores
520 991 675 1047 Dominum
690 993 791 1048 lesum
807 991 956 1064 excepisse
1010 989 1131 1056 scimus,
1143 988 1319 1061 quiaomnis
1330 990 1394 1061 ejus
1404 988 1463 1043 vita
1473 991 1502 1042 et
1512 986 1588 1042 actio
1600 986 1719 1041 intente
1730 1001 1831 1059 semper

44 1073 51 1083 ’
132 1077 954 1152 hospitiossuienimillaveniontiinmundumtemplum
1010 1074 1769 1134 fuitinDomino.litsicutdealteraMariadictum
1783 1079 1828 1131 est:

132 1166 305 1242 preparavit
330 1167 437 1223 virtute
466 1166 574 1224 cmlesti
604 1172 750 1224 sacratum
767 1174 795 1223 et
810 1173 955 1240 perpetue
1010 1162 1830 1240 lstooptr'momportomefeqr't,quiaprimaomniumfemi·

130 1255 484 1329 virginitatidedicatunr,
496 1256 564 1311 huic
580 1257 652 1326 istae,
665 1262 697 1313 ut
711 1256 899 1330 Evangelium
911 1255 954 1312 lo·
1010 1274 1115 1313 narum
1127 1256 1184 1312 Deo
1195 1255 1392 1329 virginitatem
1414 1253 1537 1322 obtulit;
1555 1258 1584 1309 et
1600 1252 1714 1308 ideirco
1730 1268 1829 1324 promc-

132 1345 241 1419 quitur,
253 1343 422 1416 temporalis
450 1345 641 1402 habitationis
657 1350 892 1418 preparaverunt
903 1346 953 1401 do·
1009 1347 1068 1401 ruit
1079 1349 1110 1401 ut
1123 1347 1169 1401 Dei
1186 1343 1275 1401 Filius
1287 1342 1389 1417 angelo
1406 1343 1559 1398 nuntiante
1575 1359 1612 1398 ex
1623 1358 1658 1398 ea
1670 1358 1827 1413 corpusne

131 1451 224 1502 mum,
236 1437 265 1489 et
273 1431 327 1505 pire
340 1432 531 1489 trituraturis
542 1451 574 1488 ac
585 1433 789 1490 sincerissime
805 1433 955 1489 eharitatis
1009 1440 1075 1491 stre
1091 1433 1300 1505 redemptionis
1316 1432 1487 1504 susciperet.
1500 1431 1638 1488 Diximus
1648 1447 1718 1487 eam
1727 1447 1829 1504 semper

131 1523 317 1596 prebuerunt
331 1520 515 1593 obsequium.
528 1522 636 1579 Harum
652 1521 731 1579 enim
745 1522 804 1578 vita
828 1525 856 1578 et
871 1527 953 1578 actus
1008 1523 1151 1581 intentam
1163 1523 1252 1578 fnisse
1263 1520 1455 1594 speculationi
1466 1519 1582 1586 divine,
1596 1520 1647 1576 sed
1660 1522 1776 1592 oportet
1786 1536 1827 1576 nos

131 1613 171 1667 ita
186 1611 303 1667 fuerunt
319 1608 467 1667 mirabiles
482 1616 510 1668 et
521 1610 651 1667 fidelium
667 1611 864 1668 recordatione
880 1611 952 1668 cele·
1007 1613 1062 1668 hoc
1077 1613 1175 1686 ipsum
1200 1607 1350 1666 catholicis
1367 1609 1463 1665 verbis
1477 1613 1622 1665 astruere.
1639 1608 1679 1665 Ut
1694 1608 1770 1664 enim
1783 1609 1825 1665 hu·

130 1702 207 1767 hres,
225 1704 256 1755 ut
272 1701 397 1756 duarum
412 1700 537 1755 vitarum
562 1700 685 1772 figuram
702 1717 751 1757 eas
767 1699 890 1757 retinere
905 1719 952 1757 ns·
968 1736 992 1802 B
1008 1719 1095 1758 mano
1108 1719 1162 1757 usu
1172 1700 1283 1773 loquar,
1294 1699 1343 1755 ubi
1355 1703 1417 1754 erat
1428 1715 1546 1770 corpore
1556 1699 1680 1770 quando
1691 1715 1709 1754 a
1719 1697 1825 1754 Domino

130 1793 228 1847 serant
243 1788 405 1844 divinarum
419 1787 582 1846 litterarum
599 1788 734 1846 catholici
746 1795 774 1847 et
790 1789 952 1846 doctissimi
1008 1792 1179 1847 mittebatur
1189 1789 1311 1862 angelus
1324 1789 1359 1844 ad
1376 1788 1465 1843 eamt
1482 1787 1584 1859 utiquc
1595 1787 1625 1842 in
1638 1787 1729 1843 domo
1740 1800 1825 1860 percu

130 1882 310 1936 tractatores.
329 1877 443 1936 Martha
455 1878 545 1952 igitur
559 1897 622 1952 qua
638 1897 737 1936 euram
750 1880 857 1935 domus
872 1894 952 1953 gere·
1008 1885 1082 1936 tum.
1099 1880 1153 1935 Ubi
1163 1882 1225 1935 eret
1235 1875 1364 1950 spiritu?
1385 1893 1461 1945 vere,
1477 1880 1509 1932 ut
1525 1875 1670 1944 diximus,
1689 1877 1718 1932 in
1732 1874 1777 1932 ille
1789 1874 1822 1932 di·

129 1969 189 2034 bat,
206 1973 234 2024 et
249 1973 329 2023 tanto
340 1967 450 2040 talique
461 1967 568 2041 hospiti
586 1970 708 2041 ejusque
722 1967 952 2042 discipulisque
1007 1969 1080 2025 vine
1091 1967 1300 2042 speculationis
1314 1967 1434 2021 intuitu.
1451 1965 1524 2030 Quid
1541 1965 1671 2038 agebat?
1686 1963 1752 2022 siue
1762 1982 1821 2039 pre·

130 2057 295 2115 necessaria
310 2061 393 2114 erant
407 2057 563 2130 prebebat,
580 2059 679 2114 active
695 2057 758 2113 vitro
769 2058 904 2131 figuram,
922 2062 953 2113 ut
1003 2059 1115 2130 judicio
1130 2056 1255 2128 alicujus
1271 2053 1563 2127 irreprehensibiliter
1584 2053 1699 2121 vivens,
1725 2057 1755 2109 ut
1774 2071 1821 2110 sue

129 2146 267 2212 diximus,
280 2146 458 2218 preferebat.
472 2146 525 2202 Per
540 2147 661 2203 Mariam
678 2164 754 2213 vero,
771 2165 834 2219 que
851 2148 886 2203 ad
903 2165 951 2220 pe·
1007 2144 1197 2220 professionis
1211 2143 1363 2218 proprium
1387 2147 1459 2212 erat,
1480 2143 1596 2211 orabat,
1612 2143 1738 2216 legebat.
1761 2143 1821 2207 Ouo

129 2233 181 2291 des
196 2233 309 2290 Domini
327 2234 443 2303 sedens,
457 2234 669 2291 instantissime
680 2236 824 2292 sermonis
832 2237 954 2307 ejusau-
1007 2236 1093 2292 modo
1109 2234 1232 2291 orabat?
1247 2233 1399 2290 Canticum
1411 2231 1489 2304 quod
1502 2231 1608 2288 cecinit
1620 2231 1818 2304 tympanistae,

129 2322 228 2379 diebat
244 2321 398 2394 colloquia,
413 2321 472 2377 vita
497 2323 648 2396 perspicuo
674 2326 953 2397 praemonstrabatur
1006 2324 1166 2381 exclamat:
1192 2323 1356 2394 rtfoquificot
1379 2337 1474 2377 carme
1497 2337 1557 2376 occa
1581 2322 1739 2377 Dominum.
1758 2318 1817 2386 Quid

129 2410 365 2485 contemplativo.
379 2411 440 2478 Eia,
456 2412 558 2468 tratres
573 2413 750 2481 charissimi,
767 2414 917 2471 videamus
927 2414 951 2471 si
1005 2412 1143 2487 legebat?
1160 2410 1291 2468 Forsitan
1307 2411 1498 2466 occurrebant
1513 2409 1538 2466 oi
1556 2408 1663 2465 divine
1679 2408 1815 2482 Scriptura

129 2501 249 2573 domina
264 2500 406 2557 nostruin
423 2501 509 2557 domo
529 2502 644 2558 Domini
660 2505 688 2558 et
702 2503 751 2560 Dei
767 2503 908 2571 Genitrix,
924 2507 953 2560 et
1006 2502 1174 2560 testimonia
1189 2502 1225 2556 ad
1240 2499 1311 2556 illud
1324 2498 1471 2556 ineffabile
1482 2503 1701 2555 sacramentum
1714 2497 1814 2571 quodin

129 2607 246 2663 semper
259 2589 340 2663 virgo
363 2589 461 2654 Mario,
476 2594 630 2664 utramque
652 2591 740 2648 vitam
769 2593 806 2648 ad
833 2592 951 2666 plenum
1006 2610 1040 2649 oa
1056 2592 1211 2667 gerebatur
1226 2589 1288 2647 sine
1310 2589 1398 2645 dubio
1414 2587 1599 2662 pertinentia.
1615 2587 1758 2646 Nonnein
1780 2587 1813 2661 pi·

129 2677 267 2748 exercuit,
285 2683 313 2735 ot
327 2678 451 2734 activam
465 2678 552 2736 vitam
569 2679 745 2738 laudabilem
761 2698 850 2754 quam
866 2699 952 2756 opere
1005 2698 1095 2756 gnere
1104 2681 1181 2754 quod
1192 2680 1311 2753 gerebat
1322 2676 1393 2734 illud
1405 2676 1520 2751 impleri
1530 2694 1618 2750 posse
1630 2678 1761 2735 credebat
1768 2677 1814 2734 llo

128 2768 243 2825 Martha
258 2756 392 2837 excoluit,
401 2771 430 2824 et
439 2770 695 2843 contemplativam
711 2771 853 2843 optimam
861 2789 951 2844 quam
1005 2770 1136 2828 solcum:
1151 2770 1322 2841 Prophetiam,
1350 2766 1457 2840 iuquit,
1481 2766 1625 2823 ammtabit
1643 2769 1770 2823 Dominus
1787 2765 1813 2821 o

129 2856 220 2914 blaria
234 2857 379 2914 audiendo
395 2862 424 2914 et
438 2857 570 2932 eligendo
584 2858 718 2915 obtinuit.
729 2861 804 2916 Sane
819 2861 896 2917 sieut
911 2861 952 2917 di·
1003 2861 1138 2933 frutribus
1153 2859 1246 2915 vestris
1261 2865 1392 2931 tauquam
1407 2859 1540 2929 meipsam
1555 2856 1695 2914 audietis?
1708 2857 1741 2912 lit
1753 2853 1812 2911 mul·

128 2945 237 3004 lectum
251 2945 367 3003 Domini
382 2945 523 3003 loannem
541 2947 709 3022 theologum
725 2949 760 3005 de
774 2949 912 3007 humanis
923 2954 951 3007 et
1004 2954 1050 3006 tas
1061 2949 1168 3006 aliasin
1181 2951 1280 3021 operto
1291 2947 1428 3003 cernebat
1438 2946 1650 3019 prophetarum
1659 2943 1809 3012 sententias,

128 3035 328 3110 corporalibus
343 3037 457 3093 actibus
470 3036 585 3093 Domini
600 3038 670 3095 lesu
686 3055 779 3112 pauca
794 3035 914 3106 dixisse,
923 3043 951 3096 et
1005 3039 1033 3094 in
1050 3039 1158 3112 quihus
1169 3037 1242 3094 tanti
1255 3035 1429 3093 sacramenti
1441 3051 1474 3091 ac
1484 3035 1616 3108 mysterii
1628 3037 1808 3108 praemonstra·

128 3123 222 3181 multa
231 3125 952 3201 denaturadiviuitatisejus,petentieet,majestate
967 3111 988 3178 C
1006 3129 1092 3185 betur
1101 3131 1129 3183 et
1142 3128 1177 3183 ad
1188 3125 1334 3198 liquidum
1343 3123 1670 3181 declarabaturveritss.
1682 3120 1807 3180 Nonacri

128 3212 237 3270 dixisse
252 3218 280 3269 ot
294 3214 457 3287 scripsisse,
474 3220 548 3271 teste
576 3215 776 3274 sacratissima
804 3217 878 3274 serie
904 3218 951 3274 de·
1004 3216 1211 3290 hooportinere
1222 3214 1373 3270 videbatur
1386 3209 1806 3286 illudlacobpatriarchetesti·

128 3302 294 3376 scriptionis
304 3307 368 3375 ejus
379 3296 766 3376 cognoscimus;itaDomini
774 3306 950 3364 Genitricem
1005 3306 1137 3362 monium
1153 3305 1295 3363 dicentis:
1311 3304 1370 3360 Noa
1384 3305 1527 3375 cosmetor
1545 3311 1682 3376 sceptrum
1703 3300 1805 3363 etro,

129 3409 187 3448 non
203 3391 275 3447 adeo
290 3391 381 3447 fuisse
397 3391 544 3449 credimus
560 3393 701 3449 intentam
719 3394 816 3452 activae
831 3412 950 3452 conver·
1005 3405 1030 3453 et
1044 3395 1102 3452 duc
1115 3396 1147 3451 dc
1158 3397 1261 3467 tenere
1276 3395 1343 3466 ejus,
1359 3393 1442 3449 deam
1456 3394 1549 3448 ueniat
1561 3393 1610 3466 qui
1623 3390 1761 3449 mittendas
1768 3395 1803 3453 ot,
1854 3406 1856 3437 ι

129 3479 244 3546 sationi,
261 3494 350 3550 quam
365 3497 396 3535 so
410 3484 502 3536 tetam
520 3481 644 3537 contulit
666 3483 769 3540 divina
792 3502 950 3557 conspecu·
1004 3479 1803 3559 ctipueerttexspectatiopeatr'um.Quidmanifestiusqum

129 3566 240 3624 lationi.
258 3569 319 3624 Non
336 3569 414 3624 enim
441 3570 476 3624 ad
492 3570 615 3626 activam
631 3571 812 3645 ultraquam
829 3579 952 3630 matrem
1005 3575 1082 3648 quod
1094 3572 1142 3630 illc
1153 3572 1299 3628 fatebatur
1310 3569 1802 3641 Balaamarioluscxsefalsiloquut,

128 3655 243 3714 Domini
259 3656 357 3713 decuit
372 3674 402 3713 se
417 3658 569 3725 contraxit,
586 3659 636 3715 sed
652 3661 832 3718 tutamentis
848 3663 951 3719 aflectu
1006 3665 1055 3721 Dei
1074 3668 1146 3719 nutu
1161 3661 1326 3718 veridicus:
1345 3660 1465 3728 Ortotar,
1489 3658 1597 3732 iuquit,
1626 3660 1704 3716 stella
1724 3675 1755 3714 er
1770 3656 1801 3712 lt·

128 3750 157 3802 et
170 3744 324 3814 desiderio,
337 3746 373 3802 ad
389 3744 477 3803 vitam
489 3760 519 3802 se
535 3747 790 3821 contemplativam
805 3751 894 3807 erexit
905 3769 911 3808 :
924 3756 953 3808 et
1005 3740 1062 3823 coh,
1078 3762 1104 3810 ct
1117 3759 1243 3823 exsurget
1258 3751 1336 3806 borao
1361 3749 1394 3805 dc
1405 3749 1510 3805 lsroet‘?
1533 3749 1653 3806 Sciebat
1679 3748 1750 3806 enim
1767 3740 1800 3802 Dei

130 3852 166 3890 ne
179 3851 213 3890 ex
237 3838 297 3891 toto
320 3839 398 3892 esset
418 3835 480 3892 vitae
496 3853 594 3894 exsors
610 3838 719 3907 activae,
737 3844 892 3913 postquam
908 3846 952 3899 cst
1007 3840 1135 3900 Genitrix
1147 3841 1176 3895 in
1196 3856 1260 3895 arce
1276 3837 1379 3894 diune
1392 3836 1651 3911 contemplationis
1669 3836 1799 3908 assumpte

128 3923 251 3980 electae
272 3924 404 3991 Domino,
421 3924 546 3982 salutata
565 3927 601 3982 ab
616 3927 731 3999 angelo,
747 3929 953 3986 obumbratae
1006 3930 1152 3989 Davidicis
1168 3929 1269 3985 edocta
1292 3927 1481 3998 testimoniis,
1509 3943 1715 4000 processurum
1736 3925 1799 3981 oea

128 4012 239 4086 Spiritu
254 4017 364 4084 sancto,
380 4015 535 4072 fecundata
552 4016 598 4072 Dei
623 4017 719 4085 verbo,
736 4034 896 4092 exsurgens
918 4019 953 4076 dc
1006 4020 1176 4086 Dominum,
1188 4022 1329 4089 tanquam
1342 4017 1377 4073 de
1390 4015 1519 4072 thalamo
1530 4026 1799 4091 suosponsomeuut·

127 4101 201 4173 loco,
209 4119 261 4177 per
271 4103 325 4160 iter
335 4103 451 4160 devium
462 4109 490 4161 et
500 4106 624 4179 abrupta
634 4106 778 4163 montium
791 4107 910 4165 veniens
920 4113 953 4165 ut
1006 4114 1131 4184 demque
1141 4107 1354 4182 speciosum,ut
1361 4106 1436 4163 idem
1449 4106 1591 4180 propheta
1600 4105 1754 4180 preripuit,
1762 4113 1799 4176 ptt

127 4193 254 4249 deferret
269 4193 372 4250 amicis
388 4192 511 4251 actualis
526 4194 590 4252 vitae
604 4195 785 4253 laboriosum
811 4198 951 4267 officium,
1006 4200 1075 4257 filiis
1085 4197 1249 4255 homiuum.
1260 4195 1322 4252 Non
1333 4194 1412 4251 enim
1424 4194 1579 4252 dubitabat
1588 4197 1627 4253 ad
1636 4213 1668 4253 se
1678 4192 1799 4271 pertinere

127 4281 271 4338 Zacharia
287 4281 361 4339 vatis
378 4283 541 4358 ingreditur
564 4284 685 4340 domum
711 4285 857 4343 Elisabeth
873 4286 951 4344 salu·
1005 4287 1130 4364 Spiritus
1142 4285 1235 4344 sancti
1254 4284 1399 4365 illustrata
1414 4281 1537 4352 lumine,
1550 4285 1628 4357 quod
1646 4284 1743 4342 lsaiun
1755 4292 1798 4354 Ψ

127 4373 203 4427 tans.
220 4370 360 4444 Cognovit
375 4371 404 4426 in
421 4372 528 4446 spiritu
544 4373 573 4428 in
589 4372 688 4428 sinum
714 4375 777 4446 ejus
793 4375 891 4432 nobile
906 4377 952 4449 pi·
1006 4379 1124 4454 phetam
1147 4374 1290 4433 recolebat
1317 4373 1445 4429 dixisse:
1462 4376 1528 4429 Eece
1560 4376 1639 4446 Virgo
1664 4368 1798 4445 cacapite

128 4474 205 4530 gnus
216 4458 521 4531 depositum‚etinhis
529 4461 642 4534 paucis,
650 4466 682 4518 ut
692 4462 951 4532 diximusblarthe
967 4467 1093 4548 ppariet
1107 4466 1219 4538 filium
1235 4465 1281 4518 et:
1306 4460 1469 4532 Eprcdt'ctar
1482 4463 1561 4533 uirgo
1582 4463 1615 4519 de
1636 4462 1723 4520 radice
1739 4462 1797 4515 tes.

128 4544 283 4618 complevit
299 4551 407 4604 actum.
430 4549 459 4604 Si
476 4549 591 4606 bfartha
607 4549 682 4621 felix,
699 4568 762 4624 qua
777 4553 873 4610 active
889 4555 952 4612 vite
1006 4565 1032 4612 et
1045 4556 1094 4627 flos
1106 4554 1138 4610 de
1152 4551 1244 4608 radice
1256 4551 1313 4623 ejus
1327 4550 1460 4607 ascendet.
1484 4549 1560 4616 Quid
1585 4549 1735 4625 apertius?
1751 4537 1796 4619 qtll

129 4633 299 4706 preferebat
309 4634 443 4709 figuram,
454 4644 563 4710 quanto
575 4638 951 4712 magieistoesanctissimae,
1003 4640 1189 4718 jucundius?
1204 4643 1231 4697 et
1246 4637 1395 4712 Virginem
1410 4637 1586 4712 parituram,
1609 4645 1638 4696 et
1662 4638 1759 4712 virgam
1774 4627 1796 4683 h

127 4722 952 4804 dequibusloquimurporsoneexstiteruutfelices,que
1007 4726 1795 4804 radicelesseprocessuramnobilissimusprophetarett

206 4806 468 4891 'fils-gaudiorum
483 4821 511 4872 et
534 4834 689 4874 munerum
706 4824 877 4876 meruerunt
890 4821 953 4879 fieri
1008 4821 1186 4898 pronuntiat.

233 4903 301 4960 tes?
316 4903 382 4968 Oua
400 4907 493 4980 major
506 4910 601 4980 potest
626 4923 690 4963 esso
714 4907 839 4966 felicitas
864 4928 952 4984 quam
1044 4910 1155 4968 Placuit
1168 4908 1258 4982 igitur
1274 4907 1401 4965 inserere
1415 4907 1484 4963 huic
1500 4911 1607 4964 nostre
1622 4899 1794 4965 declamatitt·

128 5007 196 5047 cum
211 4991 349 5050 inmatre
365 4995 480 5051 Domini
495 5000 534 5064 et,
551 5001 583 5051 ut
605 4995 647 5051 ita
661 4995 766 5065 dicam,
783 4997 810 5053 in
827 4998 895 5056 aula
909 5019 953 5058 re·
1008 5001 1079 5059 culae
1095 4998 1269 5057 sententiam
1285 4986 1391 5069 psalmi
1407 4992 1577 5071 octogesimi
1593 4996 1668 5054 sexti
1685 4978 1796 5069 quaintd

128 5078 198 5153 geli,
214 5079 243 5135 in
259 5081 322 5139 alvo
338 5084 472 5157 virginali
487 5084 652 5141 fecunditas
675 5089 777 5159 regnat
789 5090 818 5143 et
831 5086 954 5161 virgini·
1009 5089 1181 5148 memoriam
1197 5086 1313 5143 Domini
1327 5085 1493 5154 Genitricis,
1508 5091 1538 5142 et
1548 5087 1718 5162 mysterium
1730 5070 1797 5139 neni

128 5167 292 5240 tss‘tquam
305 5188 372 5227 eum
384 5172 541 5230 infecunda
552 5177 579 5229 et
589 5178 703 5231 vetusta
713 5179 832 5248 generet
842 5178 955 5252 etparit
1008 5181 1080 5237 nicae
1095 5174 1305 5234 incarnationis
1320 5179 1349 5232 et
1359 5173 1529 5247 nativitatis,
1542 5176 1575 5232 B.
1590 5158 1799 5236 enumerarit

128 5253 278 5324 sterilitas,
295 5264 403 5315 etcum
424 5267 509 5319 astos
537 5263 696 5319 senectutis
720 5269 749 5319 et
770 5262 954 5336 antiquitatis
1008 5287 1059 5344 per
1075 5271 1179 5324 cuncta
1190 5262 1347 5321 laudabilis
1362 5267 1392 5320 et
1405 5281 1491 5320 verus
1507 5271 1638 5322 assertor
1652 5262 1715 5322 fidei
1728 5254 1799 5316 catbt

35 5336 45 5355 ’
130 5360 236 5401 nomen
252 5349 411 5419 promeruit
428 5369 505 5407 novae
523 5352 727 5424 paternitatis?
739 5352 773 5407 tt
787 5358 819 5409 ut
840 5354 870 5410 B.
888 5355 953 5413 Hie·
1006 5359 1078 5430 lice,
1096 5357 1166 5413 adeo
1183 5353 1285 5411 festive
1312 5352 1405 5410 voluit
1428 5370 1582 5428 exponere,
1597 5359 1627 5411 ct
1655 5351 1763 5418 ideirco,
1782 5340 1803 5395 ll

130 5450 270 5506 renymus
294 5436 427 5508 jucundo
451 5455 584 5498 sermone
607 5441 805 5513 prosequitur,
826 5442 954 5503 loannes
1007 5447 1078 5518 dixi,
1095 5442 1269 5504 sententiam
1285 5442 1359 5498 tanti
1379 5443 1527 5516 pontificis
1542 5443 1718 5518 pauperculo
1731 5437 1804 5495 rrrrsttt

130 5521 218 5587 etiam
235 5524 271 5581 od
287 5525 438 5588 introitum
463 5528 559 5592 Mariae
581 5530 736 5592 exsultavit
759 5535 788 5588 et
812 5529 884 5589 lusit
901 5550 906 5588 :
924 5539 953 5592 et
1007 5537 1087 5613 operi
1098 5550 1242 5610 apponere
1256 5532 1347 5604 volui,
1365 5537 1397 5588 ut
1408 5534 1487 5607 quod
1497 5533 1586 5610 digne
1598 5550 1658 5592 non
1668 5530 1807 5608 potuitptt
1853 5522 1856 5533 ’
