3900 6098
513 278 565 341 oa
594 272 698 338 viru
723 267 764 331 n.
786 269 928 333 ιιιιοιι
953 268 1141 338 eonius
1647 289 1708 352 950

79 424 271 495 preceptorem
284 419 347 495 (12).
362 417 465 477 Postea
478 430 545 472 vero
573 402 678 466 mullo
701 403 808 503 magis
822 406 851 475 A
866 404 1091 466 officiosissime
1098 411 1269 486 suscipitur,
1278 416 1704 494 regulariterintrodueituret,

79 491 809 578 ιωοοιιῑῃςΑῃιοῃῑίὶῃῑιιειιιιιςιιίιιῑ9111116111ῑί
865 500 900 551 ut
916 496 1011 554 moris
1026 502 1082 567 cst,
1098 499 1309 563 honorabiliter
1322 512 1349 564 et
1365 509 1535 569 charitative
1550 517 1704 570 tractatur.

79 596 120 667 ali,
134 615 220 670 quem
236 599 331 655 studia
343 598 427 655 istius
441 589 554 652 Antonii
574 581 716 641 seculari
739 598 810 655 pro·
865 586 961 652 Quam
978 588 1093 660 grande
1108 590 1165 646 luit
1179 595 1321 666 gaudium
1333 597 1409 655 inter
1424 600 1572 659 iratresde
1583 602 1706 675 ejusad·

79 685 284 760 ,ephiiusophi
299 688 401 743 Postea
414 701 510 741 veroa
529 673 707 750 supradicta
726 672 809 729 urbe
863 679 966 742 ventu,
984 692 1076 749 quam
1088 678 1194 752 ingens
1205 682 1314 756 letitia,
1331 703 1420 759 quam
1436 688 1559 746 celebris
1575 690 1703 748 exsuita-

79 780 170 832 tatcm
185 776 381 833 illutiscenscm
398 770 597 848 aproceribus
611 760 708 836 patrie
723 763 809 818 etei·
863 764 917 834 tio,
935 781 995 821 non
1013 770 1110 839 potest
1132 770 1167 824 ad
1192 770 1313 843 ple-num
1336 782 1436 832 noster
1456 777 1570 835 edicere
1593 796 1701 836 sermo.

79 863 280 936 suis,ridelicet
295 864 424 939 cognatis
439 869 467 919 et
481 858 584 918 amieis
604 851 750 908 irruitetus
765 870 808 909 re·
862 854 1012 928 Deinceps
1028 856 1124 911 adluit
1139 858 1164 914 ei
1180 860 1216 915 ad
1228 866 1431 937 contemptum
1445 866 1547 922 muudi
1566 870 1704 940 prompta

79 958 107 1010 rt
120 958 183 1010 erat
197 953 240 1007 ric
255 953 416 1026 religiosus,
428 952 560 1025 religiose
576 940 806 1016 aliquantulum
861 943 1013 1012 uoluntas,
1031 945 1066 1000 ad
1089 963 1220 1004 amorem
1235 950 1287 1007 Dei
1310 953 1484 1010 firmissima
1506 954 1647 1023 charitas,
1665 955 1702 1012 ad

79 1041 135 1099 llos
149 1044 373 1111 maneus,cu1'us
388 1044 446 1098 vita
459 1035 619 1096 laudabilis
632 1038 661 1090 et
675 1031 807 1089 admira·
861 1032 1052 1090 dilectionem
1083 1037 1209 1108 proximi
1232 1039 1321 1097 chara
1346 1041 1525 1111 fraternitas,
1539 1043 1575 1098 ad
1600 1045 1700 1116 perdi-

79 1130 179 1187 ndium
199 1146 255 1186 non
269 1131 363 1202 potuit
379 1130 467 1187 latere
481 1126 659 1202 supradicte
675 1122 806 1181 civitatis
861 1125 1008 1180 scendum
1024 1123 1169 1197 regularis
1185 1127 1377 1185 observantie
1393 1130 1526 1186 ordinem
1542 1131 1626 1187 nulia
1646 1131 1702 1186 dil-

79 1236 145 1294 pum
160 1218 227 1291 (13).
242 1221 334 1291 Aque
347 1219 497 1275 humiliter
512 1213 803 1287 invitatus,c0usuitu
860 1212 989 1281 siccitas,
1005 1218 1034 1270 et
1049 1214 1085 1270 ad
1102 1213 1301 1274 exhibendum
1318 1236 1376 1274 non
1399 1217 1497 1274 solum
1521 1220 1634 1289 abbati,
1650 1221 1701 1277 sed

78 1324 146 1365 rum
161 1312 190 1363 et
204 1308 321 1376 ouium,
336 1312 370 1363 ut
382 1308 411 1364 in
424 1310 526 1364 eadem
541 1305 671 1363 Ecclesia
685 1323 744 1362 non
757 1306 804 1362 de·
859 1304 949 1361 etiarn
960 1302 1101 1360 iratribus
1110 1304 1282 1360 obedientie
1294 1307 1404 1363 bonurn
1416 1306 1539 1364 celebris
1550 1308 1701 1366 alacritas.

79 1401 146 1455 etur
161 1397 367 1453 administrare
383 1397 637 1454 archidiaconatus
660 1395 802 1453 officium.
859 1398 889 1451 et
904 1395 940 1451 ad
958 1393 1090 1451 dandum
1105 1393 1242 1450 omnibus
1258 1395 1429 1469 exemplum
1445 1398 1591 1468 regnabat
1615 1399 1646 1453 in
1670 1416 1704 1456 eo

79 1485 169 1561 lippe,
190 1491 222 1541 ut
245 1491 307 1542 erat
331 1486 508 1543 humilitatis
531 1488 626 1560 gratia
651 1487 801 1560 preditus,
858 1502 934 1559 pura
949 1481 1136 1556 simplicitas.
1153 1481 1254 1547 Qualis
1273 1484 1330 1539 luit
1345 1485 1412 1556 ejus
1427 1486 1616 1542 conversatio
1628 1485 1705 1546 iuter

88 1592 151 1633 uon
166 1574 280 1631 distulit
295 1576 424 1648 quesibi
440 1576 582 1633 divinitus
605 1593 656 1650 per
671 1576 802 1634 ministe-
858 1575 964 1631 iratres
989 1572 1019 1628 io
1046 1571 1130 1628 initio
1154 1588 1214 1628 sue
1236 1571 1485 1646 conversationis,
1507 1577 1651 1649 apparuit
1673 1597 1708 1638 ex

79 1664 216 1721 toutifieis
233 1664 370 1737 imperari
388 1665 531 1738 cognovit.
546 1667 589 1731 Et,
605 1670 637 1721 ut
659 1681 705 1721 res
722 1671 801 1738 post·
858 1666 963 1720 allecta
989 1661 1160 1718 eorumdem
1186 1660 1324 1728 fratrum,
1350 1667 1484 1735 tempore
1508 1664 1710 1730 celeberrime

79 1751 166 1810 nlate
182 1754 387 1826 patuit,totum
404 1753 476 1809 illud
493 1754 642 1827 negotium
658 1755 692 1811 ad
711 1756 801 1827 majo-
818 1772 918 1857 Β111
943 1751 1105 1810 electionis.
1120 1750 1183 1807 Non
1207 1754 1274 1806 erut
1292 1750 1359 1822 jam
1388 1767 1517 1811 necesse
1546 1761 1581 1814 ut
1604 1756 1720 1839 aliquia'

84 1842 167 1899 itatis
182 1842 365 1915 dirigebatur
381 1842 543 1898 cumulum.
857 1862 924 1900 cum
941 1843 977 1900 11
993 1839 1209 1898 observantiam
1226 1839 1402 1912 regularem
1418 1841 1603 1922 instrueret,
1616 1872 1714 1929 quem,

79 1935 151 2007 epto
166 1932 293 2004 denique
308 1935 396 1987 tante
416 1931 567 2004 dignitatis
592 1932 696 2001 cilicio,
714 1933 801 1989 talem
858 1938 890 1989 ut
902 1936 1023 1990 secretus
1038 1928 1217 2004 evangelista
1234 1926 1318 1996 dicit,
1335 1932 1436 1986 cinctio
1455 1937 1574 2001 pratee
1592 1947 1714 2005 coelestis

81 2020 150 2078 buit
164 2025 197 2076 ut
211 2020 269 2076 Deo
287 2019 414 2093 placeret
428 2025 457 2076 et
472 2021 601 2088 muudo;
619 2038 675 2077 non
692 2024 801 2079 mundo
856 2023 889 2078 de
903 2023 1030 2079 erunibus
1044 2019 1187 2077 erudiebat
1201 2018 1226 2092 (i
1237 2021 1321 2075 loon.
1341 2018 1388 2091 ιι).

79 2109 149 2185 iguo
164 2108 325 2182 posito,sed
343 2111 452 2165 mundo
468 2128 519 2183 per
534 2110 707 2184 sanguinem
723 2111 803 2167 Chri·
892 2111 984 2184 Cepit
997 2109 1108 2166 interea
1122 2107 1181 2164 vita
1195 2112 1224 2164 et
1239 2104 1379 2164 doctrina
1395 2112 1456 2164 turn
1483 2115 1622 2183 perfecte
1648 2123 1709 2180 cla.

79 2198 224 2257 ancillatu
249 2199 308 2255 ileo
334 2198 421 2254 Patri.
445 2200 538 2256 Habet
562 2199 640 2255 enim
665 2201 803 2272 predicta
857 2217 970 2256 resuere
992 2204 1026 2256 ut
1051 2198 1080 2255 in
1105 2198 1192 2254 domo
1217 2195 1268 2254 Dei
1289 2196 1379 2253 laude
1401 2197 1543 2258 fidelium
1568 2209 1704 2268 omnium

84 2287 217 2345 vicinum
234 2289 457 2356 monasterium,
473 2289 550 2360 quod
568 2287 668 2344 multis
688 2288 803 2346 videtur
858 2289 988 2363 primum
1011 2293 1039 2344 et
1063 2286 1244 2360 precipuum
1269 2284 1369 2343 locum
1385 2290 1535 2344 meruerit
1556 2293 1701 2354 obtinere.

79 2375 154 2434 libus
181 2376 288 2432 studiis
321 2376 526 2433 decentissime
553 2378 739 2444 automatum,
765 2380 801 2435 ad
857 2378 905 2434 Sic
920 2377 998 2434 anim
1015 2375 1125 2451 placuit
1139 2375 1290 2433 Divinitati
1306 2379 1341 2432 ut
1366 2392 1419 2447 per
1433 2375 1572 2436 diversos
1587 2385 1701 2455 gradus

79 2482 125 2523 am
141 2464 238 2522 dictus
261 2465 369 2532 senior,
387 2470 499 2539 epatre
515 2467 685 2524 monasterii
701 2472 729 2523 et
745 2468 802 2523 ira·
857 2464 1032 2523 humilitatis
1048 2465 1218 2522 ascenderet
1239 2466 1275 2521 ad
1299 2464 1417 2526 eulmen
1442 2469 1620 2531 monastice
1636 2489 1699 2545 per·
1759 2459 1763 2471 ’

81 2553 613 2627 trequentcraccersituseumquihus
626 2560 655 2611 et
665 2556 802 2627 frequens
857 2555 1001 2626 lectionis,
1016 2559 1048 2610 ut
1063 2572 1120 2611 non
1132 2556 1197 2627 jam
1212 2573 1247 2611 ex
1261 2554 1327 2611 aliis
1352 2569 1441 2621 nnus,
1459 2555 1513 2609 sed
1540 2556 1619 2615 inter
1641 2577 1696 2616 ce·

79 2643 292 2716 troiloquium
309 2646 338 2698 ot
353 2643 483 2715 spiritale
503 2645 737 2700 contubernium.
754 2645 801 2701 iu·
857 2651 936 2701 teres
950 2648 980 2700 et
998 2661 1087 2716 super
1109 2661 1211 2700 omncs
1235 2645 1383 2700 videretur
1405 2642 1589 2715 praecipuus.
1607 2648 1694 2704 Sexto

79 2731 234 2804 sdenique
250 2731 579 2805 dulcissimacoiloquia
593 2735 803 2789 etmutuasin-
856 2749 985 2804 numque
1006 2748 1093 2800 anno,
1111 2737 1144 2788 ut
1169 2733 1270 2802 lectur,
1288 2728 1489 2786 conversionis
1512 2749 1575 2789 sue
1597 2751 1615 2790 a
1639 2752 1692 2791 sre-

79 2837 127 2878 ne
142 2820 296 2877 charitatis
319 2821 469 2892 obsequie,
484 2822 617 2878 videntes
633 2823 735 2878 iratres
752 2841 801 2878 su·
856 2820 932 2887 culo,
950 2838 1037 2893 supra
1054 2821 1223 2877 nominatus
1239 2821 1329 2877 abbas
1345 2815 1436 2874 felicis
1456 2822 1622 2890 memorie,
1639 2823 1691 2880 do·

79 2910 96 2966 ti
110 2910 235 2965 cenobii
253 2910 361 2965 mentis
382 2909 488 2966 intuitu
502 2911 566 2981 ejus
580 2911 740 2982 angelicam
759 2913 800 2969 l'a-
857 2911 955 2966 uulnus
971 2909 1104 2967 videlicet
1118 2913 1146 2965 ct
1160 2911 1227 2984 pius
1244 2914 1336 2981 pater,
1352 2907 1542 2979 haymardus
1559 2911 1688 2981 nomine,

79 2998 430 3056 ¹adientescordisauditu
440 2998 610 3054 mcliiiluam
622 3000 799 3069 facundiam,
856 3001 941 3072 cujus
957 2994 1428 3056 monachusbeatuseratiliaiolus
1439 2997 1689 3071 cujusquemoni·

79 3087 177 3145 ebant
193 3091 224 3142 ut
239 3104 306 3142 eum
319 3088 499 3159 posseutsibi
512 3089 661 3161 acquirere
669 3090 800 3158 tratrem,
856 3090 893 3146 tis
909 3093 937 3144 el
950 3088 1134 3161 jussionibus
1149 3094 1208 3145 teta
1224 3085 1330 3143 mentis
1343 3085 1507 3142 intentione
1521 3089 1689 3162 etcorporis

79 3177 265 3251 postmodum
283 3176 389 3231 habere
405 3183 554 3233 merentur
568 3184 596 3234 et
608 3178 800 3251 putremllrat
815 3165 836 3230 C
853 3176 1046 3252 possibilitate
1062 3183 1181 3249 parebat
1196 3191 1368 3248 semperque
1384 3189 1487 3246 parere
1503 3176 1682 3247 decreverat,

100 3265 233 3321 intentus
258 3283 328 3338 grex
352 3266 448 3322 omnis
473 3266 653 3333 Dominicus,
675 3266 725 3322 sed
751 3266 799 3323 ilio
854 3266 940 3340 coepit
965 3266 1084 3323 destitui
1109 3267 1136 3321 in
1168 3272 1246 3322 terra
1270 3263 1401 3337 [interea]
1431 3265 1493 3318 tote
1522 3264 1688 3323 valetudine

82 3351 287 3410 hildebrannus
304 3352 554 3426 [Hildcbraunust
570 3356 606 3411 de
631 3372 688 3427 quo
712 3373 804 3428 supra
858 3356 988 3429 eorporis
1002 3360 1043 3423 et,
1058 3357 1135 3429 quod
1152 3355 1207 3411 sibi
1223 3353 1340 3428 gravius
1362 3354 1434 3420 erat,
1449 3351 1522 3410 iicet
1544 3355 1689 3427 patienter

79 3460 113 3511 ra,
131 3447 164 3498 ut
188 3442 303 3498 evenire
328 3449 426 3514 posset
448 3443 616 3500 elaborabat
641 3445 802 3501 ardentius.
832 3455 835 3458 ’
859 3447 956 3512 serrat,
971 3445 1129 3502 amissione
1145 3441 1315 3517 temporalis
1330 3440 1462 3497 luminis.
1478 3442 1515 3498 lit
1539 3438 1608 3501 curri
1623 3442 1686 3516 jam

79 3531 211 3603 rhatjam
228 3532 258 3586 in
283 3549 316 3586 co
341 3533 436 3604 gratia
460 3532 576 3588 Domini
602 3537 803 3605 contemptum
858 3552 890 3591 se
916 3535 952 3590 ad
977 3550 1113 3591 occasum
1136 3549 1253 3605 uergere
1277 3528 1423 3604 presciret
1446 3534 1475 3586 et
1499 3534 1689 3605 cognosceret

79 3620 273 3686 ,seeundum
308 3625 337 3675 et
361 3626 461 3676 votum
495 3620 618 3677 scutrum
644 3621 803 3692 supradicti
860 3623 1126 3697 senonpossediu
1144 3623 1216 3684 tanti
1243 3619 1367 3677 coeuobii
1390 3623 1601 3693 tantarumque
1627 3621 1688 3694 spi·

79 3708 109 3764 ii.
126 3708 200 3775 Quid
220 3708 328 3780 plura?
342 3709 478 3781 Deposito
494 3709 696 3765 ecclesiastice
712 3709 804 3782 diguf·
860 3712 1010 3768 ritualium
1026 3712 1124 3768 orium
1141 3728 1241 3767 curam
1257 3726 1366 3784 gerere,
1382 3709 1418 3765 dc
1431 3708 1615 3766 ordinatione
1630 3726 1687 3766 ccu-

79 3796 161 3866 idcio,
174 3802 272 3869 spreto
289 3798 444 3853 mundane
458 3799 621 3855 nobilitatis
636 3799 802 3870 supercilio,
859 3801 902 3875 pit
923 3801 1092 3857 monasterii
1117 3800 1222 3872 suique
1248 3797 1427 3854 successoris
1453 3797 1595 3854 electione
1618 3815 1687 3854 eum

90 3884 223 3942 surculari
240 3886 472 3944 eiamioarumet
485 3889 802 3960 parentumcousortie,
859 3888 1041 3962 spiritalibus
1056 3895 1084 3945 et
1106 3886 1252 3959 religiosis
1268 3886 1407 3942 iratribus
1430 3885 1601 3958 spiritaliter
1625 3889 1688 3943 tra·

79 3991 114 4031 tra
133 3979 234 4048 posset
249 3975 357 4030 serviro
380 3993 446 4031 vero
473 3977 542 4048 llogi
567 3977 691 4041 Christo,
709 3979 803 4033 lotum
858 3983 947 4048 ctare,
963 3983 991 4035 et
1005 3996 1073 4035 curn
1091 3975 1301 4050 tranquillitate
1317 3974 1407 4030 animi
1423 3975 1569 4047 patienter
1588 3974 1687 4047 dispo·

79 4063 165 4123 ›didit
190 4064 298 4119 coelcsti
325 4064 505 4138 magisterio.
532 4066 589 4120 Nee
621 4063 713 4120 multo
738 4071 805 4137 post
859 4084 937 4123 nere.
963 4068 1048 4123 Facta
1069 4072 1114 4122 est
1137 4070 1235 4121 autem
1259 4064 1296 4120 ab
1319 4062 1456 4121 omnibus
1481 4062 1643 4136 inquisitio,
1659 4066 1688 4119 et

79 4155 107 4209 tc
118 4155 346 4227 tempore‚certo
357 4152 404 4209 die
415 4155 450 4209 ad
463 4153 674 4210 monasterium
685 4153 804 4218 veniens
859 4156 895 4212 ad
920 4173 1007 4230 quem
1024 4155 1156 4212 omnium
1173 4155 1297 4211 iratrum
1319 4153 1466 4220 tendebat,
1483 4151 1519 4209 ad
1544 4152 1687 4208 domnum

608 4278 763 4334 ANDRLAE
782 4279 923 4336 CHLSNll
943 4279 1059 4336 NOTAE.

79 4390 113 4430 ιιιι
130 4373 318 4447 Lugduneasi
336 4376 468 4433 Ecclesiae
483 4381 538 4431 tue
549 4377 808 4450 primatumsuper
862 4378 1096 4435 antecessoribus
1111 4377 1290 4432 institutum.
1308 4399 1322 4426 u

79 4461 104 4500 rr
117 4445 285 4518 provincias
301 4449 539 4504 confirmamus.»
555 4450 594 4503 Ac
610 4449 806 4520 rursuspaulo
898 4452 953 4522 (12)
965 4451 1112 4505 lutetiam
1127 4451 1218 4504 airum
1232 4448 1372 4504 cruditum
1386 4447 1484 4504 batere
1501 4446 1591 4502 uoluit
1609 4458 1686 4526 prae·

89 4515 256 4574 Provincias
269 4526 367 4574 autem
384 4518 537 4650 iliasguns
552 4519 635 4575 vobis
651 4523 806 4575 eonllrma-
823 4497 845 4560 D
861 4532 1003 4605 captorem.
1020 4523 1098 4576 idem
1120 4521 1208 4575 rcl'ert
1229 4519 1392 4576 monachus
1415 4517 1634 4575 Silviniaceusrs
1657 4513 1688 4571 in

79 4585 196 4644 licimus
213 4590 453 4662 Lugdunensem,
488 4590 739 4663 uthomngeuscm‚
752 4592 809 4647 'lu-
863 4593 928 4648 itta
941 4593 1072 4664 ejusdem
1090 4590 1186 4648 licinii
1204 4608 1210 4644 :
1228 4615 1241 4640 u
1259 4589 1340 4648 Unde
1358 4591 1466 4647 iactum
1479 4587 1691 4661 est,inquit,ut

79 4674 132 4715 tem
148 4664 178 4715 et
190 4661 437 4728 Senonensem,ut
452 4663 494 4717 har
511 4661 645 4717 videlicet
655 4662 809 4734 provincie
863 4664 1029 4721 litterarum
1052 4663 1258 4719 discendarum
1283 4662 1381 4718 studio
1405 4659 1574 4734 instigatus,
1589 4658 1691 4716 audita

79 4746 154 4800 mam
173 4731 362 4804 Lugdunensi
380 4733 511 4789 lic-etesiae
532 4733 727 4788 obedientiam
751 4734 810 4788 sol·
863 4737 1019 4808 eujusdam
1034 4735 1148 4790 Antonii
1165 4734 1365 4806 opiniono,qui
1380 4749 1492 4806 magne
1500 4731 1617 4787 deditus
1628 4728 1692 4802 phi-

79 4806 102 4857 et
115 4802 268 4870 honorem,
285 4821 373 4876 quem
389 4806 510 4861 itomani
527 4806 678 4876 pontilices
691 4806 810 4860 redden·
863 4807 1013 4879 lesopbia,
1030 4807 1241 4877 Lugdunenses
1255 4822 1284 4860 re
1306 4806 1372 4861 ebat
1386 4802 1510 4871 scholas,
1527 4801 1596 4858 illuc
1607 4817 1691 4882 gres-

79 4889 129 4929 ese
143 4874 201 4930 scri
226 4875 264 4930 tis
281 4877 407 4949 propriis
423 4878 620 4949 prebuerunt,
635 4876 737 4931 devote
753 4876 810 4930 hu-
864 4897 930 4936 sum
945 4878 1083 4951 dirigeret
1099 4881 1207 4933 l'ormas
1230 4893 1266 4933 ue
1281 4822 1690 4948 discipuliesumptapreu-

109 4960 147 5000 uo
172 4893 340 5002 exhibeant.
367 4971 381 4996 »
405 4947 595 5003 confirmavit
616 4964 674 5019 quo
699 4963 733 5002 ue
758 4947 810 5002 Pu·
864 4950 960 5007 dentis
976 4948 1146 5033 magisterio
1161 4966 1192 5004 sc
1207 4894 1329 5004 devotus
1344 4945 1548 5005 committeret.
1564 4966 1579 4996 a

79 5030 92 5070 a
118 5016 140 5074 1.
156 5034 235 5073 auno
252 5017 359 5074 Christi
376 5020 455 5088 1116,
472 5019 501 5075 in
523 5035 647 5091 persona
672 4963 811 5074 gazareni
902 5022 956 5094 (13)
972 5021 1075 5076 Mutare.
1091 5020 1211 5076 ciuitatis
1228 5021 1391 5092 episcopum.
1406 5015 1609 5089 Naymbodnm
1630 5014 1691 5070 lor·

79 5086 195 5212 episcopi
208 5093 238 5144 et
249 5089 432 5160 primatiam
445 5108 532 5162 quem
549 5089 610 5145 haec
624 5090 813 5171 reperiuntur
866 5099 955 5161 tasse,
972 5093 1023 5167 qni
1039 5091 1114 5147 sedit
1129 5092 1165 5145 ah
1180 5107 1257 5147 anno
1270 5092 1319 5146 911
1336 5088 1481 5163 usquead
1501 5104 1612 5144 annum
1624 5087 1691 5153 962,

79 5165 195 5215 temate
218 5162 308 5215 verba
324 5178 330 5217 :
349 5185 362 5211 u
380 5163 487 5218 idcirco
512 5161 686 5217 ueucrabihs
712 5161 811 5228 irater,
866 5164 1007 5230 siluitque
1028 5167 1203 5218 testamento
1228 5162 1368 5235 principis
1391 5158 1558 5232 crrjusdam,
1573 5157 1692 5215 nomina

79 5244 139 5309 aar,
173 5231 380 5303 Lugdunensis
403 5233 630 5305 archiepiscope,
662 5232 813 5304 presentis
867 5236 1000 5302 Sirbonis,
1017 5252 1068 5308 pcr
1082 5234 1158 5305 quod
1177 5250 1386 5305 recognoscens
1402 5233 1511 5303 injuste
1527 5247 1558 5288 se
1579 5230 1691 5304 priora·
1774 5288 1778 5295 ,

79 5315 90 5352 ιι
104 5302 224 5373 pagina,
239 5304 409 5360 irateruilati
425 5310 491 5371 ture,
506 5304 623 5375 tuisque
638 5305 813 5359 successori·
867 5312 941 5376 turn,
958 5308 1018 5362 sive
1032 5304 1210 5361 abbatialem
1226 5304 1358 5374 Cariloci,
1368 5308 1469 5360 sancto
1485 5302 1578 5359 Odoni
1593 5299 1692 5357 abbati

79 5373 231 5443 ει11111ὓὶ1
247 5374 341 5429 eidem
354 5376 541 5449 Lugdunensi
558 5374 691 5429 Ecclesia}
707 5376 812 5430 conita-
867 5377 1052 5435 Cluniacensi
1068 5375 1264 5448 mancipatam
1280 5375 1451 5432 detinuisse.
1466 5397 1480 5423 «ι
1497 5374 1531 5430 D.
1548 5371 1692 5446 Lymardo

79 5456 104 5520 Ιβ
116 5442 279 5524 primulum
295 5464 383 5518 super
398 5445 693 5530 quatuortlaliiarum
708 5447 815 5519 prima·
868 5449 1033 5506 Cluuiensis
1048 5448 1170 5505 coenobii
1186 5448 1349 5503 venerando
1364 5446 1461 5503 abbati
1472 5444 1554 5501 illam
1564 5443 1693 5500 reddidit

79 5511 200 5569 udelrcet
224 5516 423 5590 Lugdunensr,
457 5518 695 5588 ltcuhomagensi,
723 5519 813 5573 'luro-
869 5521 1040 5595 proanime
1057 5518 1269 5584 suaercmedio,
1286 5519 1491 5575 »circitorum
1508 5518 1570 5572 912.

79 5623 84 5647 ,
98 5585 127 5638 et
139 5601 227 5656 super
237 5588 410 5661 Senonensi,
427 5590 536 5646 sicula
562 5590 670 5645 ilustris
696 5595 815 5645 constat
