<?xml version="1.0" encoding="UTF-8"?>
<!DOCTYPE html PUBLIC "-//W3C//DTD XHTML 1.0 Transitional//EN"
    "http://www.w3.org/TR/xhtml1/DTD/xhtml1-transitional.dtd">
<html xmlns="http://www.w3.org/1999/xhtml" xml:lang="en" lang="en">
 <head>
  <title>
</title>
<meta http-equiv="Content-Type" content="text/html;charset=utf-8" />
  <meta name='ocr-system' content='tesseract 3.04.00' />
  <meta name='ocr-capabilities' content='ocr_page ocr_carea ocr_par ocr_line ocrx_word'/>
</head>
<body>
  <div class='ocr_page' id='page_1' title='image "./patrologiaecurs64unkngoog_0362.png"; bbox 0 0 3900 6098; ppageno 0'>
   <div class='ocr_carea' id='block_1_1' title="bbox 115 250 1818 385">
    <p class='ocr_par' dir='ltr' id='par_1_1' title="bbox 115 250 1818 385">
     <span class='ocr_line' id='line_1_1' title="bbox 115 250 1818 385; baseline -0.005 -10"><span class='ocrx_word' id='word_1_1' title='bbox 115 311 178 376; x_wconf 80' lang='lat' dir='ltr'>mo</span> <span class='ocrx_word' id='word_1_2' title='bbox 687 303 1262 385; x_wconf 75' lang='lat' dir='ltr'>sursn1o1csmusmcsnns.</span> <span class='ocrx_word' id='word_1_3' title='bbox 1762 250 1818 377; x_wconf 76' lang='lat' dir='ltr'>nn</span> 
     </span>
    </p>
   </div>
   <div class='ocr_carea' id='block_1_2' title="bbox 113 435 1846 2561">
    <p class='ocr_par' dir='ltr' id='par_1_2' title="bbox 113 435 1846 2561">
     <span class='ocr_line' id='line_1_2' title="bbox 114 435 1814 511; baseline -0.008 -7"><span class='ocrx_word' id='word_1_4' title='bbox 114 461 238 504; x_wconf 88' lang='lat' dir='ltr'>manere</span> <span class='ocrx_word' id='word_1_5' title='bbox 253 444 354 500; x_wconf 81' lang='lat' dir='ltr'>suasit.</span> <span class='ocrx_word' id='word_1_6' title='bbox 371 444 450 508; x_wconf 84' lang='lat' dir='ltr'>Quod</span> <span class='ocrx_word' id='word_1_7' title='bbox 475 445 564 504; x_wconf 86' lang='lat' dir='ltr'>otiam</span> <span class='ocrx_word' id='word_1_8' title='bbox 590 444 626 498; x_wconf 90' lang='lat' dir='ltr'>dc</span> <span class='ocrx_word' id='word_1_9' title='bbox 646 442 749 498; x_wconf 90' lang='lat' dir='ltr'>multis</span> <span class='ocrx_word' id='word_1_10' title='bbox 774 442 880 498; x_wconf 89' lang='lat' dir='ltr'>similis</span> <span class='ocrx_word' id='word_1_11' title='bbox 905 442 946 497; x_wconf 92' lang='lat' dir='ltr'>rci</span> <span class='ocrx_word' id='word_1_12' title='bbox 964 443 989 509; x_wconf 75' lang='grc' dir='ltr'><strong>Α</strong></span> <span class='ocrx_word' id='word_1_13' title='bbox 1005 440 1091 496; x_wconf 85' lang='lat' dir='ltr'>illum</span> <span class='ocrx_word' id='word_1_14' title='bbox 1108 441 1185 495; x_wconf 87' lang='lat' dir='ltr'>itura</span> <span class='ocrx_word' id='word_1_15' title='bbox 1199 441 1234 495; x_wconf 90' lang='lat' dir='ltr'>de</span> <span class='ocrx_word' id='word_1_16' title='bbox 1248 439 1366 496; x_wconf 82' lang='lat' dir='ltr'>vasculo</span> <span class='ocrx_word' id='word_1_17' title='bbox 1381 438 1487 508; x_wconf 88' lang='lat' dir='ltr'>carnis,</span> <span class='ocrx_word' id='word_1_18' title='bbox 1504 436 1535 493; x_wconf 90' lang='lat' dir='ltr'>in</span> <span class='ocrx_word' id='word_1_19' title='bbox 1552 453 1608 509; x_wconf 80' lang='lat' dir='ltr'>sus</span> <span class='ocrx_word' id='word_1_20' title='bbox 1620 435 1714 511; x_wconf 84' lang='lat' dir='ltr'>glorio</span> <span class='ocrx_word' id='word_1_21' title='bbox 1734 436 1814 511; x_wconf 76' lang='lat' dir='ltr'>licum</span> 
     </span>
     <span class='ocr_line' id='line_1_3' title="bbox 116 516 1815 611; baseline -0.006 -20"><span class='ocrx_word' id='word_1_22' title='bbox 116 534 217 611; x_wconf 81' lang='lat' dir='ltr'>gratia</span> <span class='ocrx_word' id='word_1_23' title='bbox 231 534 378 608; x_wconf 78' lang='lat' dir='ltr'>cognitum</span> <span class='ocrx_word' id='word_1_24' title='bbox 388 532 514 591; x_wconf 86' lang='lat' dir='ltr'>habetur</span> <span class='ocrx_word' id='word_1_25' title='bbox 527 533 642 589; x_wconf 84' lang='lat' dir='ltr'>secisse.</span> <span class='ocrx_word' id='word_1_26' title='bbox 979 516 983 525; x_wconf 74' lang='grc'><strong>’</strong></span> <span class='ocrx_word' id='word_1_27' title='bbox 1006 530 1179 601; x_wconf 80' lang='lat' dir='ltr'>majestatis.</span> <span class='ocrx_word' id='word_1_28' title='bbox 1196 531 1279 585; x_wconf 79' lang='lat' dir='ltr'>Auno</span> <span class='ocrx_word' id='word_1_29' title='bbox 1295 527 1383 602; x_wconf 83' lang='lat' dir='ltr'>igitur</span> <span class='ocrx_word' id='word_1_30' title='bbox 1395 527 1529 603; x_wconf 89' lang='lat' dir='ltr'>ejusdem</span> <span class='ocrx_word' id='word_1_31' title='bbox 1543 524 1709 597; x_wconf 77' lang='lat' dir='ltr'>Natiuitatis</span> <span class='ocrx_word' id='word_1_32' title='bbox 1728 525 1815 599; x_wconf 81' lang='lat' dir='ltr'>Domi·</span> 
     </span>
     <span class='ocr_line' id='line_1_4' title="bbox 154 614 1814 689; baseline -0.006 -9"><span class='ocrx_word' id='word_1_33' title='bbox 154 623 201 680; x_wconf 79' lang='lat'>19.</span> <span class='ocrx_word' id='word_1_34' title='bbox 213 622 610 680; x_wconf 74' lang='lat' dir='ltr'>Ecltotrbtndotticmrcdcc.</span> <span class='ocrx_word' id='word_1_35' title='bbox 622 623 673 678; x_wconf 85' lang='lat' dir='ltr'>Pic</span> <span class='ocrx_word' id='word_1_36' title='bbox 686 622 744 678; x_wconf 86' lang='lat' dir='ltr'>obit</span> <span class='ocrx_word' id='word_1_37' title='bbox 756 622 906 677; x_wconf 80' lang='lat' dir='ltr'>Fisccmni.</span> <span class='ocrx_word' id='word_1_38' title='bbox 916 650 950 660; x_wconf 99' lang='lat'>-</span> <span class='ocrx_word' id='word_1_39' title='bbox 1006 616 1077 675; x_wconf 83' lang='lat' dir='ltr'>niem</span> <span class='ocrx_word' id='word_1_40' title='bbox 1093 619 1173 684; x_wconf 84' lang='lat'><strong>10³1,</strong></span> <span class='ocrx_word' id='word_1_41' title='bbox 1189 615 1347 674; x_wconf 74' lang='lat' dir='ltr'>indictione</span> <span class='ocrx_word' id='word_1_42' title='bbox 1360 634 1418 687; x_wconf 84' lang='lat' dir='ltr'>mv,</span> <span class='ocrx_word' id='word_1_43' title='bbox 1438 633 1456 673; x_wconf 88' lang='lat' dir='ltr'>a</span> <span class='ocrx_word' id='word_1_44' title='bbox 1469 615 1628 689; x_wconf 70' lang='lat' dir='ltr'>natiuitpte</span> <span class='ocrx_word' id='word_1_45' title='bbox 1653 630 1765 689; x_wconf 82' lang='lat' dir='ltr'>quoque</span> <span class='ocrx_word' id='word_1_46' title='bbox 1777 614 1814 689; x_wconf 77' lang='lat' dir='ltr'>ip,</span> 
     </span>
     <span class='ocr_line' id='line_1_5' title="bbox 113 698 1842 789; baseline -0.006 -19"><span class='ocrx_word' id='word_1_47' title='bbox 113 713 189 770; x_wconf 77' lang='lat' dir='ltr'>lam</span> <span class='ocrx_word' id='word_1_48' title='bbox 197 710 794 789; x_wconf 80' lang='lat' dir='ltr'>veroinlteioperemagisassiduusquam</span> <span class='ocrx_word' id='word_1_49' title='bbox 802 710 950 781; x_wconf 80' lang='lat' dir='ltr'>frequens,</span> <span class='ocrx_word' id='word_1_50' title='bbox 1005 709 1069 765; x_wconf 90' lang='lat' dir='ltr'>sius</span> <span class='ocrx_word' id='word_1_51' title='bbox 1084 708 1178 765; x_wconf 87' lang='lat' dir='ltr'>Patris</span> <span class='ocrx_word' id='word_1_52' title='bbox 1193 724 1226 764; x_wconf 85' lang='lat' dir='ltr'>ec</span> <span class='ocrx_word' id='word_1_53' title='bbox 1241 707 1291 764; x_wconf 91' lang='lat' dir='ltr'>Dei</span> <span class='ocrx_word' id='word_1_54' title='bbox 1307 705 1426 764; x_wconf 88' lang='lat' dir='ltr'>cultoris</span> <span class='ocrx_word' id='word_1_55' title='bbox 1440 723 1504 779; x_wconf 79' lang='lat' dir='ltr'>cxx,</span> <span class='ocrx_word' id='word_1_56' title='bbox 1520 708 1551 763; x_wconf 88' lang='lat' dir='ltr'>et</span> <span class='ocrx_word' id='word_1_57' title='bbox 1564 704 1603 775; x_wconf 74' lang='lat' dir='ltr'>pb</span> <span class='ocrx_word' id='word_1_58' title='bbox 1614 698 1813 779; x_wconf 71' lang='lat' dir='ltr'>edveutirillipp</span> <span class='ocrx_word' id='word_1_59' title='bbox 1838 766 1842 773; x_wconf 31' lang='lat'><strong>¹</strong></span> 
     </span>
     <span class='ocr_line' id='line_1_6' title="bbox 113 792 1811 875; baseline -0.006 -16"><span class='ocrx_word' id='word_1_60' title='bbox 113 817 188 861; x_wconf 88' lang='lat' dir='ltr'>oum</span> <span class='ocrx_word' id='word_1_61' title='bbox 203 796 950 875; x_wconf 83' lang='lat' dir='ltr'>essetinltaliasuumbiennioprmstolsusaseculo</span> <span class='ocrx_word' id='word_1_62' title='bbox 1006 797 1043 853; x_wconf 87' lang='lat' dir='ltr'>ed</span> <span class='ocrx_word' id='word_1_63' title='bbox 1054 796 1163 854; x_wconf 88' lang='lat' dir='ltr'>Gallias</span> <span class='ocrx_word' id='word_1_64' title='bbox 1178 798 1213 854; x_wconf 89' lang='lat' dir='ltr'>de</span> <span class='ocrx_word' id='word_1_65' title='bbox 1229 795 1381 867; x_wconf 74' lang='lat' dir='ltr'>ltaliam,</span> <span class='ocrx_word' id='word_1_66' title='bbox 1398 800 1540 869; x_wconf 81' lang='lat' dir='ltr'>regnante</span> <span class='ocrx_word' id='word_1_67' title='bbox 1555 793 1692 863; x_wconf 72' lang='lat' dir='ltr'>conrado</span> <span class='ocrx_word' id='word_1_68' title='bbox 1706 792 1811 867; x_wconf 72' lang='lat' dir='ltr'>imperu-</span> 
     </span>
     <span class='ocr_line' id='line_1_7' title="bbox 113 881 1811 965; baseline -0.006 -17"><span class='ocrx_word' id='word_1_69' title='bbox 113 904 282 965; x_wconf 69' lang='lat' dir='ltr'>successum,</span> <span class='ocrx_word' id='word_1_70' title='bbox 299 887 951 965; x_wconf 81' lang='lat' dir='ltr'>sedrerumopportunitstihusexindeevoca·</span> <span class='ocrx_word' id='word_1_71' title='bbox 1005 889 1080 954; x_wconf 88' lang='lat' dir='ltr'>tore,</span> <span class='ocrx_word' id='word_1_72' title='bbox 1091 885 1121 941; x_wconf 89' lang='lat' dir='ltr'>in</span> <span class='ocrx_word' id='word_1_73' title='bbox 1133 885 1254 942; x_wconf 76' lang='lat' dir='ltr'>l&#39;rducia</span> <span class='ocrx_word' id='word_1_74' title='bbox 1268 883 1460 941; x_wconf 86' lang='lat' dir='ltr'>nihilominus</span> <span class='ocrx_word' id='word_1_75' title='bbox 1474 883 1603 941; x_wconf 87' lang='lat' dir='ltr'>Roberto</span> <span class='ocrx_word' id='word_1_76' title='bbox 1618 898 1697 959; x_wconf 77' lang='lat' dir='ltr'>rege,</span> <span class='ocrx_word' id='word_1_77' title='bbox 1716 881 1811 953; x_wconf 71' lang='lat' dir='ltr'>diello</span> 
     </span>
     <span class='ocr_line' id='line_1_8' title="bbox 113 970 1809 1055; baseline -0.006 -18"><span class='ocrx_word' id='word_1_78' title='bbox 113 984 180 1047; x_wconf 86' lang='lat' dir='ltr'>tus,</span> <span class='ocrx_word' id='word_1_79' title='bbox 198 977 493 1055; x_wconf 79' lang='lat' dir='ltr'>egerrimelpmenad</span> <span class='ocrx_word' id='word_1_80' title='bbox 502 976 612 1036; x_wconf 90' lang='lat' dir='ltr'>Gallias</span> <span class='ocrx_word' id='word_1_81' title='bbox 621 976 954 1051; x_wconf 82' lang='lat' dir='ltr'>remeavitcumquere·</span> <span class='ocrx_word' id='word_1_82' title='bbox 1006 974 1120 1033; x_wconf 80' lang='lat' dir='ltr'>minicae</span> <span class='ocrx_word' id='word_1_83' title='bbox 1135 972 1371 1031; x_wconf 86' lang='lat' dir='ltr'>Circumcisionis</span> <span class='ocrx_word' id='word_1_84' title='bbox 1395 970 1565 1043; x_wconf 78' lang='lat' dir='ltr'>venerabili,</span> <span class='ocrx_word' id='word_1_85' title='bbox 1583 974 1675 1045; x_wconf 83' lang='lat' dir='ltr'>atque</span> <span class='ocrx_word' id='word_1_86' title='bbox 1698 970 1809 1053; x_wconf 67' lang='lat' dir='ltr'>eiusdem</span> 
     </span>
     <span class='ocr_line' id='line_1_9' title="bbox 113 1060 1810 1140; baseline -0.002 -16"><span class='ocrx_word' id='word_1_87' title='bbox 113 1065 232 1138; x_wconf 86' lang='lat' dir='ltr'>visendi</span> <span class='ocrx_word' id='word_1_88' title='bbox 246 1065 389 1139; x_wconf 80' lang='lat' dir='ltr'>charitate</span> <span class='ocrx_word' id='word_1_89' title='bbox 399 1072 521 1126; x_wconf 88' lang='lat' dir='ltr'>cunctos</span> <span class='ocrx_word' id='word_1_90' title='bbox 531 1067 789 1140; x_wconf 87' lang='lat' dir='ltr'>Gorzieuseusque</span> <span class='ocrx_word' id='word_1_91' title='bbox 804 1068 951 1121; x_wconf 83' lang='lat' dir='ltr'>monaste·</span> <span class='ocrx_word' id='word_1_92' title='bbox 1007 1063 1170 1123; x_wconf 88' lang='lat' dir='ltr'>nativitatis</span> <span class='ocrx_word' id='word_1_93' title='bbox 1184 1068 1294 1132; x_wconf 88' lang='lat' dir='ltr'>octavo,</span> <span class='ocrx_word' id='word_1_94' title='bbox 1308 1079 1337 1119; x_wconf 91' lang='lat' dir='ltr'>vr</span> <span class='ocrx_word' id='word_1_95' title='bbox 1353 1062 1436 1133; x_wconf 82' lang='lat' dir='ltr'>serie,</span> <span class='ocrx_word' id='word_1_96' title='bbox 1449 1078 1548 1131; x_wconf 80' lang='lat' dir='ltr'>mane,</span> <span class='ocrx_word' id='word_1_97' title='bbox 1566 1060 1640 1117; x_wconf 89' lang='lat' dir='ltr'>dum</span> <span class='ocrx_word' id='word_1_98' title='bbox 1666 1075 1810 1134; x_wconf 58' lang='lat' dir='ltr'>smuttu-</span> 
     </span>
     <span class='ocr_line' id='line_1_10' title="bbox 114 1149 1811 1231; baseline -0.006 -16"><span class='ocrx_word' id='word_1_99' title='bbox 114 1156 208 1223; x_wconf 87' lang='lat' dir='ltr'>rium‚</span> <span class='ocrx_word' id='word_1_100' title='bbox 225 1172 287 1213; x_wconf 84' lang='lat' dir='ltr'>ese</span> <span class='ocrx_word' id='word_1_101' title='bbox 302 1156 373 1214; x_wconf 91' lang='lat' dir='ltr'>olim</span> <span class='ocrx_word' id='word_1_102' title='bbox 387 1174 455 1214; x_wconf 89' lang='lat' dir='ltr'>oum</span> <span class='ocrx_word' id='word_1_103' title='bbox 471 1156 584 1217; x_wconf 78' lang='lat' dir='ltr'>ceteris</span> <span class='ocrx_word' id='word_1_104' title='bbox 599 1156 635 1212; x_wconf 89' lang='lat' dir='ltr'>ad</span> <span class='ocrx_word' id='word_1_105' title='bbox 651 1154 786 1231; x_wconf 79' lang='lat' dir='ltr'>regulare</span> <span class='ocrx_word' id='word_1_106' title='bbox 800 1152 950 1227; x_wconf 73' lang='lat' dir='ltr'>specimen</span> <span class='ocrx_word' id='word_1_107' title='bbox 1005 1152 1201 1227; x_wconf 86' lang='lat' dir='ltr'>pervenientis</span> <span class='ocrx_word' id='word_1_108' title='bbox 1217 1151 1272 1208; x_wconf 89' lang='lat' dir='ltr'>diei</span> <span class='ocrx_word' id='word_1_109' title='bbox 1287 1150 1407 1224; x_wconf 81' lang='lat' dir='ltr'>pelleret</span> <span class='ocrx_word' id='word_1_110' title='bbox 1420 1151 1566 1218; x_wconf 75' lang='lat' dir='ltr'>tenebras,</span> <span class='ocrx_word' id='word_1_111' title='bbox 1583 1149 1811 1223; x_wconf 71' lang='lat' dir='ltr'>emundotrapp·</span> 
     </span>
     <span class='ocr_line' id='line_1_11' title="bbox 116 1236 1810 1319; baseline -0.004 -17"><span class='ocrx_word' id='word_1_112' title='bbox 116 1245 312 1302; x_wconf 82' lang='lat' dir='ltr'>reformatum</span> <span class='ocrx_word' id='word_1_113' title='bbox 327 1245 502 1317; x_wconf 81' lang='lat' dir='ltr'>devenisset,</span> <span class='ocrx_word' id='word_1_114' title='bbox 519 1242 950 1319; x_wconf 78' lang='lat' dir='ltr'>qumsupererautinviserecu-</span> <span class='ocrx_word' id='word_1_115' title='bbox 1005 1242 1059 1298; x_wconf 89' lang='lat' dir='ltr'>ivit</span> <span class='ocrx_word' id='word_1_116' title='bbox 1073 1259 1090 1298; x_wconf 88' lang='lat' dir='ltr'>a</span> <span class='ocrx_word' id='word_1_117' title='bbox 1106 1246 1206 1298; x_wconf 88' lang='lat' dir='ltr'>sancto</span> <span class='ocrx_word' id='word_1_118' title='bbox 1221 1240 1306 1298; x_wconf 84' lang='lat' dir='ltr'>istius</span> <span class='ocrx_word' id='word_1_119' title='bbox 1320 1241 1368 1297; x_wconf 83' lang='lat' dir='ltr'>bei</span> <span class='ocrx_word' id='word_1_120' title='bbox 1392 1241 1477 1297; x_wconf 86' lang='lat' dir='ltr'>ernici</span> <span class='ocrx_word' id='word_1_121' title='bbox 1498 1255 1622 1313; x_wconf 87' lang='lat' dir='ltr'>corpore</span> <span class='ocrx_word' id='word_1_122' title='bbox 1643 1237 1740 1307; x_wconf 85' lang='lat' dir='ltr'>anima</span> <span class='ocrx_word' id='word_1_123' title='bbox 1759 1236 1810 1313; x_wconf 82' lang='lat' dir='ltr'>blir</span> 
     </span>
     <span class='ocr_line' id='line_1_12' title="bbox 117 1327 1810 1411; baseline -0.005 -19"><span class='ocrx_word' id='word_1_124' title='bbox 117 1333 204 1403; x_wconf 85' lang='lat' dir='ltr'>revit.</span> <span class='ocrx_word' id='word_1_125' title='bbox 216 1334 326 1391; x_wconf 90' lang='lat' dir='ltr'>Dehinc</span> <span class='ocrx_word' id='word_1_126' title='bbox 339 1336 374 1392; x_wconf 87' lang='lat' dir='ltr'>ad</span> <span class='ocrx_word' id='word_1_127' title='bbox 395 1333 645 1411; x_wconf 81' lang='lat' dir='ltr'>prenominatum</span> <span class='ocrx_word' id='word_1_128' title='bbox 659 1332 739 1389; x_wconf 89' lang='lat' dir='ltr'>venit</span> <span class='ocrx_word' id='word_1_129' title='bbox 750 1332 948 1389; x_wconf 80' lang='lat' dir='ltr'>Fiscamnum.</span> <span class='ocrx_word' id='word_1_130' title='bbox 1005 1338 1034 1387; x_wconf 90' lang='lat' dir='ltr'>et</span> <span class='ocrx_word' id='word_1_131' title='bbox 1049 1331 1143 1398; x_wconf 81' lang='lat' dir='ltr'>beata,</span> <span class='ocrx_word' id='word_1_132' title='bbox 1160 1330 1280 1386; x_wconf 89' lang='lat' dir='ltr'>lucerua</span> <span class='ocrx_word' id='word_1_133' title='bbox 1292 1329 1569 1401; x_wconf 77' lang='lat' dir='ltr'>videlicctorbis,ed</span> <span class='ocrx_word' id='word_1_134' title='bbox 1580 1327 1810 1401; x_wconf 73' lang='lat' dir='ltr'>sempiternsmtp</span> 
     </span>
     <span class='ocr_line' id='line_1_13' title="bbox 118 1406 1809 1495; baseline -0.004 -16"><span class='ocrx_word' id='word_1_135' title='bbox 118 1418 951 1495; x_wconf 82' lang='lat' dir='ltr'>Postellquotverodierumacribuscoepitdoloribusallli·</span> <span class='ocrx_word' id='word_1_136' title='bbox 1004 1419 1140 1476; x_wconf 85' lang='lat' dir='ltr'>deificam</span> <span class='ocrx_word' id='word_1_137' title='bbox 1154 1418 1260 1492; x_wconf 90' lang='lat' dir='ltr'>lucem,</span> <span class='ocrx_word' id='word_1_138' title='bbox 1272 1419 1334 1475; x_wconf 91' lang='lat' dir='ltr'>suis</span> <span class='ocrx_word' id='word_1_139' title='bbox 1347 1418 1526 1492; x_wconf 81' lang='lat' dir='ltr'>lugentibus,</span> <span class='ocrx_word' id='word_1_140' title='bbox 1542 1417 1596 1479; x_wconf 80' lang='lat' dir='ltr'>sed</span> <span class='ocrx_word' id='word_1_141' title='bbox 1607 1406 1721 1493; x_wconf 71' lang='lat' dir='ltr'>su&#39;gelis</span> <span class='ocrx_word' id='word_1_142' title='bbox 1731 1414 1809 1489; x_wconf 62' lang='lat' dir='ltr'>intpp·</span> 
     </span>
     <span class='ocr_line' id='line_1_14' title="bbox 121 1502 1810 1589; baseline -0.004 -22"><span class='ocrx_word' id='word_1_143' title='bbox 121 1506 949 1589; x_wconf 71' lang='lat' dir='ltr'>gidsmquippeimminentesolemnitateNativitetisllo·</span> <span class='ocrx_word' id='word_1_144' title='bbox 1003 1507 1096 1577; x_wconf 85' lang='lat' dir='ltr'>tibus,</span> <span class='ocrx_word' id='word_1_145' title='bbox 1112 1525 1179 1565; x_wconf 90' lang='lat' dir='ltr'>oum</span> <span class='ocrx_word' id='word_1_146' title='bbox 1195 1502 1810 1583; x_wconf 73' lang='lat' dir='ltr'>quibuslaudsnsacmagnilioepsbepedieit</span> 
     </span>
     <span class='ocr_line' id='line_1_15' title="bbox 122 1592 1810 1675; baseline -0.003 -19"><span class='ocrx_word' id='word_1_147' title='bbox 122 1598 249 1670; x_wconf 82' lang='lat' dir='ltr'>miniea,</span> <span class='ocrx_word' id='word_1_148' title='bbox 261 1615 446 1675; x_wconf 77' lang='lat' dir='ltr'>prenoscens</span> <span class='ocrx_word' id='word_1_149' title='bbox 461 1617 520 1657; x_wconf 80' lang='lat' dir='ltr'>suoe</span> <span class='ocrx_word' id='word_1_150' title='bbox 536 1618 553 1656; x_wconf 91' lang='lat' dir='ltr'>a</span> <span class='ocrx_word' id='word_1_151' title='bbox 568 1597 948 1673; x_wconf 78' lang='lat' dir='ltr'>Christovoeatiouisdiem,</span> <span class='ocrx_word' id='word_1_152' title='bbox 1004 1598 1108 1667; x_wconf 87' lang='lat' dir='ltr'>Deum,</span> <span class='ocrx_word' id='word_1_153' title='bbox 1125 1599 1154 1654; x_wconf 92' lang='lat' dir='ltr'>in</span> <span class='ocrx_word' id='word_1_154' title='bbox 1168 1615 1225 1671; x_wconf 92' lang='lat' dir='ltr'>quo</span> <span class='ocrx_word' id='word_1_155' title='bbox 1240 1595 1309 1653; x_wconf 89' lang='lat' dir='ltr'>vivit</span> <span class='ocrx_word' id='word_1_156' title='bbox 1323 1596 1556 1672; x_wconf 87' lang='lat' dir='ltr'>quidquidjuste</span> <span class='ocrx_word' id='word_1_157' title='bbox 1567 1592 1717 1667; x_wconf 70' lang='lat' dir='ltr'>subsistit,</span> <span class='ocrx_word' id='word_1_158' title='bbox 1730 1592 1810 1671; x_wconf 60' lang='lat' dir='ltr'>Seps}</span> 
     </span>
     <span class='ocr_line' id='line_1_16' title="bbox 124 1680 1808 1761; baseline -0.001 -18"><span class='ocrx_word' id='word_1_159' title='bbox 124 1687 289 1761; x_wconf 71' lang='lat' dir='ltr'>convocetis</span> <span class='ocrx_word' id='word_1_160' title='bbox 305 1689 340 1746; x_wconf 86' lang='lat' dir='ltr'>ad</span> <span class='ocrx_word' id='word_1_161' title='bbox 365 1704 396 1745; x_wconf 87' lang='lat' dir='ltr'>sc</span> <span class='ocrx_word' id='word_1_162' title='bbox 411 1688 561 1757; x_wconf 83' lang='lat' dir='ltr'>iratribus,</span> <span class='ocrx_word' id='word_1_163' title='bbox 592 1688 759 1744; x_wconf 82' lang='lat' dir='ltr'>deliberans</span> <span class='ocrx_word' id='word_1_164' title='bbox 783 1702 880 1744; x_wconf 88' lang='lat' dir='ltr'>eoram</span> <span class='ocrx_word' id='word_1_165' title='bbox 907 1685 950 1743; x_wconf 88' lang='lat' dir='ltr'>eis</span> <span class='ocrx_word' id='word_1_166' title='bbox 1005 1692 1069 1743; x_wconf 86' lang='lat' dir='ltr'>tum</span> <span class='ocrx_word' id='word_1_167' title='bbox 1085 1703 1212 1760; x_wconf 86' lang='lat' dir='ltr'>namque</span> <span class='ocrx_word' id='word_1_168' title='bbox 1227 1690 1271 1743; x_wconf 89' lang='lat' dir='ltr'>est</span> <span class='ocrx_word' id='word_1_169' title='bbox 1285 1703 1402 1744; x_wconf 84' lang='lat' dir='ltr'>sucrum</span> <span class='ocrx_word' id='word_1_170' title='bbox 1416 1685 1497 1742; x_wconf 86' lang='lat' dir='ltr'>illius</span> <span class='ocrx_word' id='word_1_171' title='bbox 1512 1680 1808 1759; x_wconf 75' lang='lat' dir='ltr'>corpusbuporttletit</span> 
     </span>
     <span class='ocr_line' id='line_1_17' title="bbox 125 1772 1807 1852; baseline -0.001 -21"><span class='ocrx_word' id='word_1_172' title='bbox 125 1775 244 1851; x_wconf 86' lang='lat' dir='ltr'>provide</span> <span class='ocrx_word' id='word_1_173' title='bbox 258 1792 291 1834; x_wconf 86' lang='lat' dir='ltr'>ae</span> <span class='ocrx_word' id='word_1_174' title='bbox 305 1776 453 1851; x_wconf 86' lang='lat' dir='ltr'>sapienter</span> <span class='ocrx_word' id='word_1_175' title='bbox 467 1778 502 1834; x_wconf 94' lang='lat' dir='ltr'>de</span> <span class='ocrx_word' id='word_1_176' title='bbox 517 1778 631 1833; x_wconf 89' lang='lat' dir='ltr'>cunctis</span> <span class='ocrx_word' id='word_1_177' title='bbox 646 1793 709 1850; x_wconf 78' lang='lat' dir='ltr'>quar</span> <span class='ocrx_word' id='word_1_178' title='bbox 726 1776 821 1851; x_wconf 90' lang='lat' dir='ltr'>ipsius</span> <span class='ocrx_word' id='word_1_179' title='bbox 842 1774 951 1831; x_wconf 90' lang='lat' dir='ltr'>innite-</span> <span class='ocrx_word' id='word_1_180' title='bbox 1005 1776 1117 1852; x_wconf 81' lang='lat' dir='ltr'>gremio</span> <span class='ocrx_word' id='word_1_181' title='bbox 1133 1776 1265 1849; x_wconf 87' lang='lat' dir='ltr'>ejusdem</span> <span class='ocrx_word' id='word_1_182' title='bbox 1280 1779 1387 1833; x_wconf 79' lang='lat' dir='ltr'>sancte</span> <span class='ocrx_word' id='word_1_183' title='bbox 1402 1773 1554 1847; x_wconf 66' lang='lat' dir='ltr'>&#39;l&#39;riuitptts</span> <span class='ocrx_word' id='word_1_184' title='bbox 1565 1772 1698 1845; x_wconf 62' lang='lat' dir='ltr'>eeclesip</span> <span class='ocrx_word' id='word_1_185' title='bbox 1712 1773 1741 1839; x_wconf 83' lang='lat' dir='ltr'>in</span> <span class='ocrx_word' id='word_1_186' title='bbox 1758 1786 1807 1845; x_wconf 62' lang='grc' dir='ltr'>οη·</span> 
     </span>
     <span class='ocr_line' id='line_1_18' title="bbox 124 1859 1808 1942; baseline 0 -21"><span class='ocrx_word' id='word_1_187' title='bbox 124 1865 232 1937; x_wconf 82' lang='lat' dir='ltr'>buntur</span> <span class='ocrx_word' id='word_1_188' title='bbox 246 1865 420 1942; x_wconf 66' lang='lat' dir='ltr'>patrocinio,</span> <span class='ocrx_word' id='word_1_189' title='bbox 436 1865 507 1940; x_wconf 88' lang='lat' dir='ltr'>quid</span> <span class='ocrx_word' id='word_1_190' title='bbox 522 1867 569 1923; x_wconf 89' lang='lat' dir='ltr'>vel</span> <span class='ocrx_word' id='word_1_191' title='bbox 585 1865 713 1939; x_wconf 85' lang='lat' dir='ltr'>qualiter</span> <span class='ocrx_word' id='word_1_192' title='bbox 737 1864 884 1938; x_wconf 79' lang='lat' dir='ltr'>agendum</span> <span class='ocrx_word' id='word_1_193' title='bbox 898 1880 951 1922; x_wconf 90' lang='lat' dir='ltr'>seu</span> <span class='ocrx_word' id='word_1_194' title='bbox 1005 1869 1108 1940; x_wconf 86' lang='lat' dir='ltr'>spectu</span> <span class='ocrx_word' id='word_1_195' title='bbox 1124 1866 1255 1921; x_wconf 90' lang='lat' dir='ltr'>euntium</span> <span class='ocrx_word' id='word_1_196' title='bbox 1266 1882 1300 1921; x_wconf 88' lang='lat' dir='ltr'>oc</span> <span class='ocrx_word' id='word_1_197' title='bbox 1314 1864 1500 1935; x_wconf 82' lang='lat' dir='ltr'>redeuntium</span> <span class='ocrx_word' id='word_1_198' title='bbox 1507 1863 1648 1935; x_wconf 74' lang='lat' dir='ltr'>fratrum,</span> <span class='ocrx_word' id='word_1_199' title='bbox 1659 1865 1694 1935; x_wconf 76' lang='lat' dir='ltr'>pt</span> <span class='ocrx_word' id='word_1_200' title='bbox 1704 1859 1808 1937; x_wconf 73' lang='lat' dir='ltr'>qupttiit</span> 
     </span>
     <span class='ocr_line' id='line_1_19' title="bbox 123 1950 1806 2028; baseline -0.002 -18"><span class='ocrx_word' id='word_1_201' title='bbox 123 1954 321 2012; x_wconf 89' lang='lat' dir='ltr'>ordinandum</span> <span class='ocrx_word' id='word_1_202' title='bbox 344 1954 428 2027; x_wconf 84' lang='lat' dir='ltr'>foret,</span> <span class='ocrx_word' id='word_1_203' title='bbox 449 1954 550 2028; x_wconf 89' lang='lat' dir='ltr'>sicque</span> <span class='ocrx_word' id='word_1_204' title='bbox 578 1954 732 2021; x_wconf 87' lang='lat' dir='ltr'>universis,</span> <span class='ocrx_word' id='word_1_205' title='bbox 757 1951 950 2027; x_wconf 79' lang='lat' dir='ltr'>presentibu.</span> <span class='ocrx_word' id='word_1_206' title='bbox 1006 1953 1153 2026; x_wconf 89' lang='lat' dir='ltr'>siquidem</span> <span class='ocrx_word' id='word_1_207' title='bbox 1166 1970 1223 2028; x_wconf 83' lang='lat' dir='ltr'>pra</span> <span class='ocrx_word' id='word_1_208' title='bbox 1238 1952 1331 2010; x_wconf 77' lang='lat' dir='ltr'>cordis</span> <span class='ocrx_word' id='word_1_209' title='bbox 1346 1952 1518 2010; x_wconf 80' lang='lat' dir='ltr'>imitabilem</span> <span class='ocrx_word' id='word_1_210' title='bbox 1538 1950 1685 2021; x_wconf 77' lang='lat' dir='ltr'>haberent</span> <span class='ocrx_word' id='word_1_211' title='bbox 1707 1950 1806 2027; x_wconf 52' lang='grc' dir='ltr'>,ΡΜ</span> 
     </span>
     <span class='ocr_line' id='line_1_20' title="bbox 124 2036 1808 2119; baseline -0.002 -20"><span class='ocrx_word' id='word_1_212' title='bbox 124 2043 213 2102; x_wconf 89' lang='lat' dir='ltr'>simul</span> <span class='ocrx_word' id='word_1_213' title='bbox 228 2047 258 2100; x_wconf 90' lang='lat' dir='ltr'>et</span> <span class='ocrx_word' id='word_1_214' title='bbox 272 2043 455 2119; x_wconf 80' lang='lat' dir='ltr'>absentibus,</span> <span class='ocrx_word' id='word_1_215' title='bbox 472 2060 526 2100; x_wconf 88' lang='lat' dir='ltr'>sua</span> <span class='ocrx_word' id='word_1_216' title='bbox 541 2043 743 2101; x_wconf 89' lang='lat' dir='ltr'>benedictione</span> <span class='ocrx_word' id='word_1_217' title='bbox 765 2040 901 2114; x_wconf 85' lang='lat' dir='ltr'>firmetis,</span> <span class='ocrx_word' id='word_1_218' title='bbox 919 2056 952 2099; x_wconf 88' lang='lat' dir='ltr'>ae</span> <span class='ocrx_word' id='word_1_219' title='bbox 1006 2059 1095 2115; x_wconf 89' lang='lat' dir='ltr'>quem</span> <span class='ocrx_word' id='word_1_220' title='bbox 1111 2044 1146 2100; x_wconf 87' lang='lat' dir='ltr'>od</span> <span class='ocrx_word' id='word_1_221' title='bbox 1161 2042 1433 2114; x_wconf 77' lang='lat' dir='ltr'>eternumjustitie</span> <span class='ocrx_word' id='word_1_222' title='bbox 1443 2036 1808 2114; x_wconf 73' lang='lat' dir='ltr'>mercedsmhabpereinsti·</span> 
     </span>
     <span class='ocr_line' id='line_1_21' title="bbox 124 2120 1846 2213; baseline -0.001 -26"><span class='ocrx_word' id='word_1_223' title='bbox 124 2131 182 2188; x_wconf 89' lang='lat' dir='ltr'>Deo</span> <span class='ocrx_word' id='word_1_224' title='bbox 198 2129 379 2213; x_wconf 37' lang='lat' dir='ltr'>commissis?</span> <span class='ocrx_word' id='word_1_225' title='bbox 393 2132 511 2207; x_wconf 86' lang='lat' dir='ltr'>expetiit</span> <span class='ocrx_word' id='word_1_226' title='bbox 526 2131 584 2189; x_wconf 89' lang='lat' dir='ltr'>sihi</span> <span class='ocrx_word' id='word_1_227' title='bbox 599 2133 662 2188; x_wconf 90' lang='lat' dir='ltr'>dori</span> <span class='ocrx_word' id='word_1_228' title='bbox 678 2131 806 2189; x_wconf 85' lang='lat' dir='ltr'>salutaro</span> <span class='ocrx_word' id='word_1_229' title='bbox 832 2146 865 2187; x_wconf 85' lang='lat' dir='ltr'>ac</span> <span class='ocrx_word' id='word_1_230' title='bbox 879 2131 951 2186; x_wconf 91' lang='lat' dir='ltr'>vivi·</span> <span class='ocrx_word' id='word_1_231' title='bbox 1006 2135 1145 2199; x_wconf 88' lang='lat' dir='ltr'>tutorem,</span> <span class='ocrx_word' id='word_1_232' title='bbox 1162 2132 1313 2205; x_wconf 88' lang='lat' dir='ltr'>ipsiusque</span> <span class='ocrx_word' id='word_1_233' title='bbox 1328 2130 1439 2188; x_wconf 88' lang='lat' dir='ltr'>meritis</span> <span class='ocrx_word' id='word_1_234' title='bbox 1454 2134 1483 2189; x_wconf 91' lang='lat' dir='ltr'>et</span> <span class='ocrx_word' id='word_1_235' title='bbox 1492 2120 1633 2204; x_wconf 82' lang='lat' dir='ltr'>precibus</span> <span class='ocrx_word' id='word_1_236' title='bbox 1642 2126 1753 2200; x_wconf 74' lang='lat' dir='ltr'>valeant</span> <span class='ocrx_word' id='word_1_237' title='bbox 1762 2142 1807 2203; x_wconf 66' lang='lat' dir='ltr'>pp·</span> <span class='ocrx_word' id='word_1_238' title='bbox 1844 2192 1846 2197; x_wconf 58' lang='grc'>,</span> 
     </span>
     <span class='ocr_line' id='line_1_22' title="bbox 125 2214 1846 2297; baseline 0.002 -23"><span class='ocrx_word' id='word_1_239' title='bbox 125 2218 212 2292; x_wconf 87' lang='lat' dir='ltr'>ileum</span> <span class='ocrx_word' id='word_1_240' title='bbox 233 2224 443 2293; x_wconf 86' lang='lat' dir='ltr'>commeatum.</span> <span class='ocrx_word' id='word_1_241' title='bbox 467 2221 655 2297; x_wconf 79' lang='lat' dir='ltr'>Expletisque</span> <span class='ocrx_word' id='word_1_242' title='bbox 676 2219 859 2278; x_wconf 89' lang='lat' dir='ltr'>solemnibus</span> <span class='ocrx_word' id='word_1_243' title='bbox 882 2221 952 2276; x_wconf 89' lang='lat' dir='ltr'>totis</span> <span class='ocrx_word' id='word_1_244' title='bbox 1006 2220 1103 2293; x_wconf 89' lang='lat' dir='ltr'>cipere</span> <span class='ocrx_word' id='word_1_245' title='bbox 1113 2225 1225 2278; x_wconf 76' lang='lat' dir='ltr'>eterne</span> <span class='ocrx_word' id='word_1_246' title='bbox 1240 2220 1305 2276; x_wconf 81' lang='lat' dir='ltr'>vitm</span> <span class='ocrx_word' id='word_1_247' title='bbox 1322 2236 1454 2295; x_wconf 83' lang='lat' dir='ltr'>regnum,</span> <span class='ocrx_word' id='word_1_248' title='bbox 1470 2217 1712 2294; x_wconf 80' lang='lat' dir='ltr'>etgloriemeum</span> <span class='ocrx_word' id='word_1_249' title='bbox 1723 2214 1804 2289; x_wconf 63' lang='lat' dir='ltr'>urei!</span> <span class='ocrx_word' id='word_1_250' title='bbox 1842 2216 1846 2251; x_wconf 78' lang='lat'><em>³</em></span> 
     </span>
     <span class='ocr_line' id='line_1_23' title="bbox 125 2264 1846 2389; baseline -0.002 -24"><span class='ocrx_word' id='word_1_251' title='bbox 125 2313 188 2381; x_wconf 82' lang='lat' dir='ltr'>octo</span> <span class='ocrx_word' id='word_1_252' title='bbox 205 2308 333 2387; x_wconf 62' lang='lat' dir='ltr'>dierum,</span> <span class='ocrx_word' id='word_1_253' title='bbox 346 2308 387 2365; x_wconf 92' lang='lat' dir='ltr'>nil</span> <span class='ocrx_word' id='word_1_254' title='bbox 400 2309 531 2367; x_wconf 90' lang='lat' dir='ltr'>omnimo</span> <span class='ocrx_word' id='word_1_255' title='bbox 542 2308 952 2384; x_wconf 86' lang='lat' dir='ltr'>loquens,oculostantumad</span> <span class='ocrx_word' id='word_1_256' title='bbox 1006 2310 1157 2378; x_wconf 91' lang='lat' dir='ltr'>omnibus,</span> <span class='ocrx_word' id='word_1_257' title='bbox 1173 2312 1300 2367; x_wconf 89' lang='lat' dir='ltr'>donante</span> <span class='ocrx_word' id='word_1_258' title='bbox 1315 2310 1437 2367; x_wconf 90' lang='lat' dir='ltr'>Domino</span> <span class='ocrx_word' id='word_1_259' title='bbox 1451 2309 1524 2373; x_wconf 79' lang='lat' dir='ltr'>tesu</span> <span class='ocrx_word' id='word_1_260' title='bbox 1538 2307 1656 2365; x_wconf 88' lang='lat' dir='ltr'>Christo</span> <span class='ocrx_word' id='word_1_261' title='bbox 1674 2304 1801 2377; x_wconf 68' lang='lat' dir='ltr'>Sptrstprt</span> <span class='ocrx_word' id='word_1_262' title='bbox 1841 2264 1846 2389; x_wconf 47' lang='lat' dir='ltr'>J</span> 
     </span>
     <span class='ocr_line' id='line_1_24' title="bbox 125 2394 1802 2472; baseline 0.001 -21"><span class='ocrx_word' id='word_1_263' title='bbox 125 2401 216 2457; x_wconf 85' lang='lat' dir='ltr'>Deum</span> <span class='ocrx_word' id='word_1_264' title='bbox 232 2396 359 2471; x_wconf 84' lang='lat' dir='ltr'>erigens,</span> <span class='ocrx_word' id='word_1_265' title='bbox 370 2394 845 2465; x_wconf 88' lang='lat' dir='ltr'>illisoliintendeus‚illumsolum</span> <span class='ocrx_word' id='word_1_266' title='bbox 855 2401 952 2455; x_wconf 88' lang='lat' dir='ltr'>mente</span> <span class='ocrx_word' id='word_1_267' title='bbox 1006 2399 1058 2471; x_wconf 85' lang='lat' dir='ltr'>qui</span> <span class='ocrx_word' id='word_1_268' title='bbox 1070 2415 1139 2456; x_wconf 91' lang='lat' dir='ltr'>cum</span> <span class='ocrx_word' id='word_1_269' title='bbox 1155 2400 1212 2456; x_wconf 83' lang='lat' dir='ltr'>lleo</span> <span class='ocrx_word' id='word_1_270' title='bbox 1229 2399 1312 2455; x_wconf 85' lang='lat' dir='ltr'>Patre</span> <span class='ocrx_word' id='word_1_271' title='bbox 1327 2402 1355 2456; x_wconf 92' lang='lat' dir='ltr'>et</span> <span class='ocrx_word' id='word_1_272' title='bbox 1368 2398 1478 2472; x_wconf 85' lang='lat' dir='ltr'>Spiritu</span> <span class='ocrx_word' id='word_1_273' title='bbox 1491 2401 1595 2455; x_wconf 90' lang='lat' dir='ltr'>sancto</span> <span class='ocrx_word' id='word_1_274' title='bbox 1609 2395 1680 2453; x_wconf 85' lang='lat' dir='ltr'>vivit</span> <span class='ocrx_word' id='word_1_275' title='bbox 1689 2400 1716 2461; x_wconf 86' lang='lat' dir='ltr'>et</span> <span class='ocrx_word' id='word_1_276' title='bbox 1729 2394 1802 2471; x_wconf 69' lang='lat' dir='ltr'>repsi</span> 
     </span>
     <span class='ocr_line' id='line_1_25' title="bbox 128 2485 1690 2561; baseline 0.001 -20"><span class='ocrx_word' id='word_1_277' title='bbox 128 2485 288 2560; x_wconf 85' lang='lat' dir='ltr'>respiciens</span> <span class='ocrx_word' id='word_1_278' title='bbox 298 2486 434 2561; x_wconf 80' lang='lat' dir='ltr'>;jemque</span> <span class='ocrx_word' id='word_1_279' title='bbox 446 2487 797 2560; x_wconf 82' lang='lat' dir='ltr'>aspiciebatlelixanima‚</span> <span class='ocrx_word' id='word_1_280' title='bbox 810 2486 951 2545; x_wconf 83' lang='lat' dir='ltr'>subitoad</span> <span class='ocrx_word' id='word_1_281' title='bbox 1007 2503 1059 2559; x_wconf 91' lang='lat' dir='ltr'>per</span> <span class='ocrx_word' id='word_1_282' title='bbox 1074 2487 1251 2545; x_wconf 81' lang='lat' dir='ltr'>immortalia</span> <span class='ocrx_word' id='word_1_283' title='bbox 1267 2487 1438 2545; x_wconf 74' lang='lat' dir='ltr'>seculorum</span> <span class='ocrx_word' id='word_1_284' title='bbox 1451 2485 1572 2544; x_wconf 73' lang='lat' dir='ltr'>saecula.</span> <span class='ocrx_word' id='word_1_285' title='bbox 1587 2488 1690 2544; x_wconf 78' lang='lat' dir='ltr'>Amen.</span> 
     </span>
    </p>
   </div>
   <div class='ocr_carea' id='block_1_3' title="bbox 130 2623 1800 2674">
    <p class='ocr_par' dir='ltr' id='par_1_3' title="bbox 130 2623 1800 2674">
     <span class='ocr_line' id='line_1_26' title="bbox 130 2623 1800 2674; baseline -0.002 -1"><span class='ocrx_word' id='word_1_286' title='bbox 130 2623 1800 2674; x_wconf 49' lang='lat' dir='ltr'><em>m</em></span> 
     </span>
    </p>
   </div>
   <div class='ocr_carea' id='block_1_4' title="bbox 808 2789 1151 2853">
    <p class='ocr_par' dir='ltr' id='par_1_4' title="bbox 808 2789 1151 2853">
     <span class='ocr_line' id='line_1_27' title="bbox 808 2789 1151 2853; baseline 0.006 -16"><span class='ocrx_word' id='word_1_287' title='bbox 808 2789 1151 2853; x_wconf 71' lang='lat' dir='ltr'>emommm1mmm</span> 
     </span>
    </p>
   </div>
   <div class='ocr_carea' id='block_1_5' title="bbox 684 2954 1283 3122">
    <p class='ocr_par' dir='ltr' id='par_1_5' title="bbox 684 2954 1283 3122">
     <span class='ocr_line' id='line_1_28' title="bbox 684 2954 1283 3122; baseline 0.002 -5"><span class='ocrx_word' id='word_1_288' title='bbox 684 2954 1283 3122; x_wconf 84' lang='lat' dir='ltr'>SElFRlDUS</span> 
     </span>
    </p>
   </div>
   <div class='ocr_carea' id='block_1_6' title="bbox 515 3213 1450 3298">
    <p class='ocr_par' dir='ltr' id='par_1_6' title="bbox 515 3213 1450 3298">
     <span class='ocr_line' id='line_1_29' title="bbox 515 3213 1450 3298; baseline 0.002 -12"><span class='ocrx_word' id='word_1_289' title='bbox 515 3213 673 3290; x_wconf 74' lang='lat' dir='ltr'>tuens</span> <span class='ocrx_word' id='word_1_290' title='bbox 710 3215 1008 3298; x_wconf 67' lang='lat' dir='ltr'>uenissent!</span> <span class='ocrx_word' id='word_1_291' title='bbox 1047 3217 1450 3293; x_wconf 72' lang='lat' dir='ltr'>incunnsnsnsts</span> 
     </span>
    </p>
   </div>
   <div class='ocr_carea' id='block_1_7' title="bbox 893 3391 1072 3406">
    <p class='ocr_par' dir='ltr' id='par_1_7' title="bbox 893 3391 1072 3406">
     <span class='ocr_line' id='line_1_30' title="bbox 893 3391 1072 3406; baseline 0.006 -1"><span class='ocrx_word' id='word_1_292' title='bbox 893 3391 1072 3406; x_wconf 51' lang='grc' dir='ltr'><strong><em>ἡ</em></strong></span> 
     </span>
    </p>
   </div>
   <div class='ocr_carea' id='block_1_8' title="bbox 623 3494 1340 3620">
    <p class='ocr_par' dir='ltr' id='par_1_8' title="bbox 623 3494 1340 3620">
     <span class='ocr_line' id='line_1_31' title="bbox 623 3494 1340 3620; baseline 0.001 -7"><span class='ocrx_word' id='word_1_293' title='bbox 623 3494 940 3617; x_wconf 80' lang='lat' dir='ltr'>SlllFlillll</span> <span class='ocrx_word' id='word_1_294' title='bbox 982 3499 1340 3620; x_wconf 80' lang='lat' dir='ltr'><strong>EPISTOLAE</strong></span> 
     </span>
    </p>
   </div>
   <div class='ocr_carea' id='block_1_9' title="bbox 307 3693 1659 3773">
    <p class='ocr_par' dir='ltr' id='par_1_9' title="bbox 307 3693 1659 3773">
     <span class='ocr_line' id='line_1_32' title="bbox 307 3693 1659 3773; baseline 0.006 -24"><span class='ocrx_word' id='word_1_295' title='bbox 307 3694 400 3768; x_wconf 78' lang='lat' dir='ltr'>(Apud</span> <span class='ocrx_word' id='word_1_296' title='bbox 417 3694 481 3764; x_wconf 78' lang='lat' dir='ltr'>Per,</span> <span class='ocrx_word' id='word_1_297' title='bbox 496 3693 589 3752; x_wconf 80' lang='lat' dir='ltr'>Codex</span> <span class='ocrx_word' id='word_1_298' title='bbox 602 3694 778 3768; x_wconf 80' lang='lat' dir='ltr'>diplomatico</span> <span class='ocrx_word' id='word_1_299' title='bbox 792 3700 916 3759; x_wconf 71' lang='lat' dir='ltr'>timores</span> <span class='ocrx_word' id='word_1_300' title='bbox 936 3697 1103 3772; x_wconf 74' lang='lat' dir='ltr'>epistolario,</span> <span class='ocrx_word' id='word_1_301' title='bbox 1121 3701 1175 3760; x_wconf 92' lang='lat' dir='ltr'>col.</span> <span class='ocrx_word' id='word_1_302' title='bbox 1191 3702 1253 3770; x_wconf 74' lang='lat'>236,</span> <span class='ocrx_word' id='word_1_303' title='bbox 1272 3700 1402 3759; x_wconf 75' lang='lat' dir='ltr'>ltcesourt</span> <span class='ocrx_word' id='word_1_304' title='bbox 1415 3701 1509 3759; x_wconf 76' lang='lat' dir='ltr'>ortecd.</span> <span class='ocrx_word' id='word_1_305' title='bbox 1525 3705 1597 3760; x_wconf 89' lang='lat' dir='ltr'>tom.</span> <span class='ocrx_word' id='word_1_306' title='bbox 1612 3701 1659 3773; x_wconf 85' lang='lat' dir='ltr'>V.)</span> 
     </span>
    </p>
   </div>
   <div class='ocr_carea' id='block_1_10' title="bbox 123 3980 1846 5679">
    <p class='ocr_par' dir='ltr' id='par_1_10' title="bbox 123 3980 1846 5679">
     <span class='ocr_line' id='line_1_33' title="bbox 376 3980 1799 4071; baseline 0.011 -34"><span class='ocrx_word' id='word_1_307' title='bbox 376 3980 553 4038; x_wconf 79' lang='lat' dir='ltr'>EPlS&#39;l&#39;OLA</span> <span class='ocrx_word' id='word_1_308' title='bbox 576 3981 701 4042; x_wconf 82' lang='lat' dir='ltr'><strong>PRIMA.</strong></span> <span class='ocrx_word' id='word_1_309' title='bbox 967 3990 988 4058; x_wconf 83' lang='lat' dir='ltr'>c</span> <span class='ocrx_word' id='word_1_310' title='bbox 1008 3989 1136 4061; x_wconf 87' lang='lat' dir='ltr'>deficiat,</span> <span class='ocrx_word' id='word_1_311' title='bbox 1152 3988 1295 4046; x_wconf 84' lang='lat' dir='ltr'>tamenin</span> <span class='ocrx_word' id='word_1_312' title='bbox 1312 3982 1581 4062; x_wconf 76' lang='lat' dir='ltr'>conspectuvestio</span> <span class='ocrx_word' id='word_1_313' title='bbox 1604 4006 1697 4071; x_wconf 67' lang='lat' dir='ltr'>epus,</span> <span class='ocrx_word' id='word_1_314' title='bbox 1718 3996 1799 4063; x_wconf 67' lang='lat' dir='ltr'>tritt</span> 
     </span>
     <span class='ocr_line' id='line_1_34' title="bbox 372 4070 1801 4161; baseline 0.007 -36"><span class='ocrx_word' id='word_1_315' title='bbox 372 4084 407 4125; x_wconf 78' lang='lat' dir='ltr'>ac</span> <span class='ocrx_word' id='word_1_316' title='bbox 432 4086 590 4128; x_wconf 74' lang='lat' dir='ltr'>episcorum</span> <span class='ocrx_word' id='word_1_317' title='bbox 611 4089 639 4128; x_wconf 82' lang='lat' dir='ltr'>n.</span> <span class='ocrx_word' id='word_1_318' title='bbox 664 4115 670 4129; x_wconf 90' lang='lat'><strong>.</strong></span> <span class='ocrx_word' id='word_1_319' title='bbox 692 4116 699 4130; x_wconf 83' lang='lat'><strong>.</strong></span> <span class='ocrx_word' id='word_1_320' title='bbox 1005 4095 1070 4134; x_wconf 87' lang='lat' dir='ltr'>ram</span> <span class='ocrx_word' id='word_1_321' title='bbox 1083 4079 1153 4151; x_wconf 89' lang='lat' dir='ltr'>Deo,</span> <span class='ocrx_word' id='word_1_322' title='bbox 1169 4080 1239 4151; x_wconf 87' lang='lat' dir='ltr'>quia</span> <span class='ocrx_word' id='word_1_323' title='bbox 1250 4078 1388 4137; x_wconf 85' lang='lat' dir='ltr'>voluntas</span> <span class='ocrx_word' id='word_1_324' title='bbox 1402 4079 1553 4142; x_wconf 87' lang='lat' dir='ltr'>meebona</span> <span class='ocrx_word' id='word_1_325' title='bbox 1567 4080 1704 4141; x_wconf 81' lang='lat' dir='ltr'>sufficiat.</span> <span class='ocrx_word' id='word_1_326' title='bbox 1717 4070 1801 4161; x_wconf 65' lang='lat' dir='ltr'>Quill</span> 
     </span>
     <span class='ocr_line' id='line_1_35' title="bbox 124 4158 1803 4247; baseline 0.006 -34"><span class='ocrx_word' id='word_1_327' title='bbox 124 4158 197 4214; x_wconf 80' lang='lat' dir='ltr'>llum</span> <span class='ocrx_word' id='word_1_328' title='bbox 224 4158 318 4214; x_wconf 78' lang='lat' dir='ltr'>esuis</span> <span class='ocrx_word' id='word_1_329' title='bbox 348 4159 487 4229; x_wconf 76' lang='lat' dir='ltr'>frutribus</span> <span class='ocrx_word' id='word_1_330' title='bbox 511 4161 605 4242; x_wconf 72' lang='lat' dir='ltr'>mittet,</span> <span class='ocrx_word' id='word_1_331' title='bbox 632 4170 657 4218; x_wconf 89' lang='lat' dir='ltr'>et</span> <span class='ocrx_word' id='word_1_332' title='bbox 688 4180 772 4221; x_wconf 81' lang='lat' dir='ltr'>soom</span> <span class='ocrx_word' id='word_1_333' title='bbox 804 4166 952 4232; x_wconf 78' lang='lat' dir='ltr'>aduentum</span> <span class='ocrx_word' id='word_1_334' title='bbox 1004 4183 1037 4223; x_wconf 92' lang='lat' dir='ltr'>re</span> <span class='ocrx_word' id='word_1_335' title='bbox 1051 4167 1234 4224; x_wconf 87' lang='lat' dir='ltr'>voluntarius</span> <span class='ocrx_word' id='word_1_336' title='bbox 1250 4164 1803 4247; x_wconf 70' lang='lat' dir='ltr'>duos,quosjussistis,vobisdirigoirs</span> 
     </span>
     <span class='ocr_line' id='line_1_36' title="bbox 461 4230 1846 4331; baseline 0.012 -30"><span class='ocrx_word' id='word_1_337' title='bbox 461 4230 617 4301; x_wconf 57' lang='lat' dir='ltr'>militetur·</span> <span class='ocrx_word' id='word_1_338' title='bbox 1006 4260 1064 4313; x_wconf 88' lang='lat' dir='ltr'>tres</span> <span class='ocrx_word' id='word_1_339' title='bbox 1080 4273 1170 4325; x_wconf 88' lang='lat' dir='ltr'>meos,</span> <span class='ocrx_word' id='word_1_340' title='bbox 1187 4262 1216 4312; x_wconf 90' lang='lat' dir='ltr'>et</span> <span class='ocrx_word' id='word_1_341' title='bbox 1231 4257 1267 4313; x_wconf 90' lang='lat' dir='ltr'>ob</span> <span class='ocrx_word' id='word_1_342' title='bbox 1283 4256 1486 4314; x_wconf 87' lang='lat' dir='ltr'>indissolubile</span> <span class='ocrx_word' id='word_1_343' title='bbox 1503 4257 1581 4315; x_wconf 91' lang='lat' dir='ltr'>iuter</span> <span class='ocrx_word' id='word_1_344' title='bbox 1604 4276 1660 4325; x_wconf 89' lang='lat' dir='ltr'>nos</span> <span class='ocrx_word' id='word_1_345' title='bbox 1682 4254 1804 4331; x_wconf 71' lang='lat' dir='ltr'>nocuos</span> <span class='ocrx_word' id='word_1_346' title='bbox 1844 4252 1846 4265; x_wconf 87' lang='lat'>&#39;</span> 
     </span>
     <span class='ocr_line' id='line_1_37' title="bbox 161 4334 1776 4422; baseline 0.008 -32"><span class='ocrx_word' id='word_1_347' title='bbox 161 4334 378 4407; x_wconf 78' lang='lat' dir='ltr'>specialissimo</span> <span class='ocrx_word' id='word_1_348' title='bbox 392 4335 499 4407; x_wconf 84' lang='lat' dir='ltr'>seniori</span> <span class='ocrx_word' id='word_1_349' title='bbox 517 4343 543 4406; x_wconf 86' lang='lat'>†,</span> <span class='ocrx_word' id='word_1_350' title='bbox 560 4339 668 4396; x_wconf 89' lang='lat' dir='ltr'>nostris</span> <span class='ocrx_word' id='word_1_351' title='bbox 680 4343 861 4416; x_wconf 86' lang='lat' dir='ltr'>temporibus</span> <span class='ocrx_word' id='word_1_352' title='bbox 878 4361 950 4401; x_wconf 90' lang='lat' dir='ltr'>cau·</span> <span class='ocrx_word' id='word_1_353' title='bbox 1005 4345 1158 4402; x_wconf 86' lang='lat' dir='ltr'>charitatis</span> <span class='ocrx_word' id='word_1_354' title='bbox 1172 4348 1259 4401; x_wconf 89' lang='lat' dir='ltr'>vestri</span> <span class='ocrx_word' id='word_1_355' title='bbox 1275 4344 1368 4402; x_wconf 91' lang='lat' dir='ltr'>solius</span> <span class='ocrx_word' id='word_1_356' title='bbox 1385 4346 1569 4417; x_wconf 77' lang='lat' dir='ltr'>famulamini</span> <span class='ocrx_word' id='word_1_357' title='bbox 1585 4348 1713 4422; x_wconf 82' lang='lat' dir='ltr'>subjicio</span> <span class='ocrx_word' id='word_1_358' title='bbox 1725 4362 1776 4407; x_wconf 83' lang='lat' dir='ltr'>eos.</span> 
     </span>
     <span class='ocr_line' id='line_1_38' title="bbox 127 4422 1806 4511; baseline 0.01 -32"><span class='ocrx_word' id='word_1_359' title='bbox 127 4423 183 4480; x_wconf 90' lang='lat' dir='ltr'>ctis</span> <span class='ocrx_word' id='word_1_360' title='bbox 194 4422 365 4481; x_wconf 91' lang='lat' dir='ltr'>homiuibus</span> <span class='ocrx_word' id='word_1_361' title='bbox 389 4425 542 4482; x_wconf 86' lang='lat' dir='ltr'>sanctitate</span> <span class='ocrx_word' id='word_1_362' title='bbox 557 4432 586 4483; x_wconf 87' lang='lat' dir='ltr'>ct</span> <span class='ocrx_word' id='word_1_363' title='bbox 603 4428 720 4499; x_wconf 86' lang='lat' dir='ltr'>justitie</span> <span class='ocrx_word' id='word_1_364' title='bbox 743 4431 949 4498; x_wconf 85' lang='lat' dir='ltr'>excellentiori,</span> <span class='ocrx_word' id='word_1_365' title='bbox 1041 4434 1133 4507; x_wconf 82' lang='lat' dir='ltr'>lgitur</span> <span class='ocrx_word' id='word_1_366' title='bbox 1147 4438 1264 4507; x_wconf 90' lang='lat' dir='ltr'>propter</span> <span class='ocrx_word' id='word_1_367' title='bbox 1278 4434 1402 4491; x_wconf 86' lang='lat' dir='ltr'>coenobii</span> <span class='ocrx_word' id='word_1_368' title='bbox 1419 4435 1475 4492; x_wconf 89' lang='lat' dir='ltr'>mei</span> <span class='ocrx_word' id='word_1_369' title='bbox 1496 4426 1719 4507; x_wconf 87' lang='lat' dir='ltr'>desolationem,</span> <span class='ocrx_word' id='word_1_370' title='bbox 1739 4435 1806 4511; x_wconf 67' lang='lat' dir='ltr'>stitit</span> 
     </span>
     <span class='ocr_line' id='line_1_39' title="bbox 127 4510 1807 4607; baseline 0.012 -42"><span class='ocrx_word' id='word_1_371' title='bbox 127 4517 141 4577; x_wconf 88' lang='lat'><em>†</em></span> <span class='ocrx_word' id='word_1_372' title='bbox 159 4510 424 4568; x_wconf 88' lang='lat' dir='ltr'>abbatisvocabulo</span> <span class='ocrx_word' id='word_1_373' title='bbox 438 4512 574 4572; x_wconf 89' lang='lat' dir='ltr'>addictus</span> <span class='ocrx_word' id='word_1_374' title='bbox 589 4515 651 4573; x_wconf 91' lang='lat' dir='ltr'>solo</span> <span class='ocrx_word' id='word_1_375' title='bbox 663 4520 792 4588; x_wconf 89' lang='lat' dir='ltr'>nomine,</span> <span class='ocrx_word' id='word_1_376' title='bbox 810 4538 949 4577; x_wconf 89' lang='lat' dir='ltr'>unacum</span> <span class='ocrx_word' id='word_1_377' title='bbox 1005 4521 1030 4578; x_wconf 90' lang='lat' dir='ltr'>si</span> <span class='ocrx_word' id='word_1_378' title='bbox 1044 4522 1143 4579; x_wconf 89' lang='lat' dir='ltr'>senior</span> <span class='ocrx_word' id='word_1_379' title='bbox 1157 4523 1420 4596; x_wconf 88' lang='lat' dir='ltr'>nosterimperator</span> <span class='ocrx_word' id='word_1_380' title='bbox 1430 4541 1572 4607; x_wconf 82' lang='lat' dir='ltr'>meusque</span> <span class='ocrx_word' id='word_1_381' title='bbox 1586 4524 1690 4583; x_wconf 82' lang='lat' dir='ltr'>sibisd</span> <span class='ocrx_word' id='word_1_382' title='bbox 1703 4522 1807 4601; x_wconf 64' lang='lat' dir='ltr'>sertltt·</span> 
     </span>
     <span class='ocr_line' id='line_1_40' title="bbox 127 4598 1809 4691; baseline 0.012 -36"><span class='ocrx_word' id='word_1_383' title='bbox 127 4598 269 4672; x_wconf 80' lang='lat' dir='ltr'>subjectis</span> <span class='ocrx_word' id='word_1_384' title='bbox 291 4602 351 4655; x_wconf 90' lang='lat' dir='ltr'>toto</span> <span class='ocrx_word' id='word_1_385' title='bbox 378 4601 463 4657; x_wconf 90' lang='lat' dir='ltr'>corde</span> <span class='ocrx_word' id='word_1_386' title='bbox 492 4606 585 4659; x_wconf 88' lang='lat' dir='ltr'>etorc</span> <span class='ocrx_word' id='word_1_387' title='bbox 613 4621 738 4678; x_wconf 87' lang='lat' dir='ltr'>perenne</span> <span class='ocrx_word' id='word_1_388' title='bbox 762 4610 949 4681; x_wconf 86' lang='lat' dir='ltr'>gaudiumin</span> <span class='ocrx_word' id='word_1_389' title='bbox 1005 4612 1076 4679; x_wconf 86' lang='lat' dir='ltr'>dum</span> <span class='ocrx_word' id='word_1_390' title='bbox 1092 4611 1157 4668; x_wconf 92' lang='lat' dir='ltr'>illos</span> <span class='ocrx_word' id='word_1_391' title='bbox 1169 4610 1287 4683; x_wconf 87' lang='lat' dir='ltr'>juberet</span> <span class='ocrx_word' id='word_1_392' title='bbox 1303 4612 1426 4682; x_wconf 89' lang='lat' dir='ltr'>mittere,</span> <span class='ocrx_word' id='word_1_393' title='bbox 1453 4617 1605 4687; x_wconf 82' lang='lat' dir='ltr'>prouertu</span> <span class='ocrx_word' id='word_1_394' title='bbox 1631 4608 1809 4691; x_wconf 56' lang='lat' dir='ltr'>comperi-dp</span> 
     </span>
     <span class='ocr_line' id='line_1_41' title="bbox 125 4687 1811 4781; baseline 0.012 -38"><span class='ocrx_word' id='word_1_395' title='bbox 125 4691 249 4761; x_wconf 90' lang='lat' dir='ltr'>utroque</span> <span class='ocrx_word' id='word_1_396' title='bbox 264 4687 392 4745; x_wconf 91' lang='lat' dir='ltr'>bomine.</span> <span class='ocrx_word' id='word_1_397' title='bbox 833 4737 849 4767; x_wconf 84' lang='grc'>,</span> <span class='ocrx_word' id='word_1_398' title='bbox 1005 4699 1142 4767; x_wconf 72' lang='lat' dir='ltr'>melleet</span> <span class='ocrx_word' id='word_1_399' title='bbox 1164 4717 1222 4755; x_wconf 89' lang='lat' dir='ltr'>non</span> <span class='ocrx_word' id='word_1_400' title='bbox 1243 4700 1307 4756; x_wconf 89' lang='lat' dir='ltr'>sine</span> <span class='ocrx_word' id='word_1_401' title='bbox 1329 4701 1457 4774; x_wconf 91' lang='lat' dir='ltr'>periculo</span> <span class='ocrx_word' id='word_1_402' title='bbox 1472 4718 1548 4769; x_wconf 84' lang='lat' dir='ltr'>meo,</span> <span class='ocrx_word' id='word_1_403' title='bbox 1572 4702 1629 4765; x_wconf 90' lang='lat' dir='ltr'>hoc</span> <span class='ocrx_word' id='word_1_404' title='bbox 1653 4708 1811 4781; x_wconf 60' lang='lat' dir='ltr'>praeoptet</span> 
     </span>
     <span class='ocr_line' id='line_1_42' title="bbox 159 4775 1813 4863; baseline 0.013 -31"><span class='ocrx_word' id='word_1_405' title='bbox 159 4775 355 4849; x_wconf 78' lang='lat' dir='ltr'>omnimodis,</span> <span class='ocrx_word' id='word_1_406' title='bbox 371 4778 607 4838; x_wconf 87' lang='lat' dir='ltr'>reverentissime</span> <span class='ocrx_word' id='word_1_407' title='bbox 623 4784 717 4852; x_wconf 86' lang='lat' dir='ltr'>Pater,</span> <span class='ocrx_word' id='word_1_408' title='bbox 734 4801 787 4857; x_wconf 90' lang='lat' dir='ltr'>por</span> <span class='ocrx_word' id='word_1_409' title='bbox 801 4804 867 4844; x_wconf 89' lang='lat' dir='ltr'>esse</span> <span class='ocrx_word' id='word_1_410' title='bbox 878 4789 948 4859; x_wconf 88' lang='lat' dir='ltr'>scio,</span> <span class='ocrx_word' id='word_1_411' title='bbox 1004 4789 1136 4859; x_wconf 89' lang='lat' dir='ltr'>ejusdem</span> <span class='ocrx_word' id='word_1_412' title='bbox 1151 4789 1379 4863; x_wconf 76' lang='lat' dir='ltr'>pretermittere.</span> <span class='ocrx_word' id='word_1_413' title='bbox 1393 4791 1494 4847; x_wconf 77' lang='lat' dir='ltr'>Fateor</span> <span class='ocrx_word' id='word_1_414' title='bbox 1505 4790 1583 4848; x_wconf 90' lang='lat' dir='ltr'>enirn</span> <span class='ocrx_word' id='word_1_415' title='bbox 1599 4792 1632 4851; x_wconf 91' lang='lat' dir='ltr'>in</span> <span class='ocrx_word' id='word_1_416' title='bbox 1645 4794 1813 4859; x_wconf 64' lang='lat' dir='ltr'>trutinam</span> 
     </span>
     <span class='ocr_line' id='line_1_43' title="bbox 123 4862 1815 4953; baseline 0.012 -32"><span class='ocrx_word' id='word_1_417' title='bbox 123 4866 165 4921; x_wconf 92' lang='lat' dir='ltr'>uti</span> <span class='ocrx_word' id='word_1_418' title='bbox 180 4865 263 4924; x_wconf 89' lang='lat' dir='ltr'>vobis</span> <span class='ocrx_word' id='word_1_419' title='bbox 277 4866 374 4924; x_wconf 86' lang='lat' dir='ltr'>servili</span> <span class='ocrx_word' id='word_1_420' title='bbox 391 4868 581 4928; x_wconf 78' lang='lat' dir='ltr'>famulamine</span> <span class='ocrx_word' id='word_1_421' title='bbox 594 4873 740 4941; x_wconf 83' lang='lat' dir='ltr'>obediam,</span> <span class='ocrx_word' id='word_1_422' title='bbox 757 4877 852 4946; x_wconf 87' lang='lat' dir='ltr'>quoad</span> <span class='ocrx_word' id='word_1_423' title='bbox 873 4877 947 4935; x_wconf 92' lang='lat' dir='ltr'>vivo.</span> <span class='ocrx_word' id='word_1_424' title='bbox 1003 4876 1050 4934; x_wconf 91' lang='lat' dir='ltr'>dis</span> <span class='ocrx_word' id='word_1_425' title='bbox 1066 4880 1133 4948; x_wconf 92' lang='lat' dir='ltr'>mei,</span> <span class='ocrx_word' id='word_1_426' title='bbox 1148 4879 1397 4951; x_wconf 77' lang='lat' dir='ltr'>preponderando</span> <span class='ocrx_word' id='word_1_427' title='bbox 1425 4884 1556 4937; x_wconf 88' lang='lat' dir='ltr'>vestrum</span> <span class='ocrx_word' id='word_1_428' title='bbox 1581 4898 1728 4953; x_wconf 86' lang='lat' dir='ltr'>amorem,</span> <span class='ocrx_word' id='word_1_429' title='bbox 1751 4862 1815 4953; x_wconf 70' lang='lat' dir='ltr'>iltis!</span> 
     </span>
     <span class='ocr_line' id='line_1_44' title="bbox 123 4955 1818 5057; baseline 0.012 -47"><span class='ocrx_word' id='word_1_430' title='bbox 123 4955 269 5024; x_wconf 73' lang='lat' dir='ltr'>decrero,</span> <span class='ocrx_word' id='word_1_431' title='bbox 285 4961 373 5057; x_wconf 86' lang='lat' dir='ltr'>prout</span> <span class='ocrx_word' id='word_1_432' title='bbox 388 4974 474 5032; x_wconf 84' lang='lat' dir='ltr'>posse</span> <span class='ocrx_word' id='word_1_433' title='bbox 489 4959 603 5033; x_wconf 77' lang='lat' dir='ltr'>adjacet</span> <span class='ocrx_word' id='word_1_434' title='bbox 615 4961 898 5030; x_wconf 87' lang='lat' dir='ltr'>mihi‚devotissime</span> <span class='ocrx_word' id='word_1_435' title='bbox 909 4972 950 5024; x_wconf 91' lang='lat' dir='ltr'>to·</span> <span class='ocrx_word' id='word_1_436' title='bbox 1002 4965 1118 5023; x_wconf 86' lang='lat' dir='ltr'>vincere</span> <span class='ocrx_word' id='word_1_437' title='bbox 1131 4966 1278 5023; x_wconf 88' lang='lat' dir='ltr'>timorem.</span> <span class='ocrx_word' id='word_1_438' title='bbox 1293 4968 1351 5024; x_wconf 86' lang='lat' dir='ltr'>lluc</span> <span class='ocrx_word' id='word_1_439' title='bbox 1367 4985 1419 5043; x_wconf 91' lang='lat' dir='ltr'>pro</span> <span class='ocrx_word' id='word_1_440' title='bbox 1434 4985 1523 5025; x_wconf 84' lang='lat' dir='ltr'>cause</span> <span class='ocrx_word' id='word_1_441' title='bbox 1534 4968 1760 5035; x_wconf 76' lang='lat' dir='ltr'>unioevestram</span> <span class='ocrx_word' id='word_1_442' title='bbox 1770 4966 1818 5047; x_wconf 68' lang='lat' dir='ltr'>pit*</span> 
     </span>
     <span class='ocr_line' id='line_1_45' title="bbox 123 5044 1828 5137; baseline 0.013 -39"><span class='ocrx_word' id='word_1_443' title='bbox 123 5044 162 5098; x_wconf 90' lang='lat' dir='ltr'>tis</span> <span class='ocrx_word' id='word_1_444' title='bbox 177 5061 308 5118; x_wconf 76' lang='lat' dir='ltr'>corporis</span> <span class='ocrx_word' id='word_1_445' title='bbox 324 5047 439 5104; x_wconf 90' lang='lat' dir='ltr'>nisibus</span> <span class='ocrx_word' id='word_1_446' title='bbox 467 5048 554 5120; x_wconf 91' lang='lat' dir='ltr'>cupio</span> <span class='ocrx_word' id='word_1_447' title='bbox 583 5049 752 5123; x_wconf 88' lang='lat' dir='ltr'>adimplere.</span> <span class='ocrx_word' id='word_1_448' title='bbox 783 5052 839 5109; x_wconf 87' lang='lat' dir='ltr'>Sed</span> <span class='ocrx_word' id='word_1_449' title='bbox 863 5055 947 5113; x_wconf 93' lang='lat' dir='ltr'>doleo</span> <span class='ocrx_word' id='word_1_450' title='bbox 1003 5059 1096 5113; x_wconf 79' lang='lat' dir='ltr'>tatem</span> <span class='ocrx_word' id='word_1_451' title='bbox 1113 5054 1211 5129; x_wconf 82' lang='lat' dir='ltr'>llagito</span> <span class='ocrx_word' id='word_1_452' title='bbox 1226 5057 1475 5129; x_wconf 85' lang='lat' dir='ltr'>perverissimem</span> <span class='ocrx_word' id='word_1_453' title='bbox 1490 5057 1591 5129; x_wconf 86' lang='lat' dir='ltr'>fldem,</span> <span class='ocrx_word' id='word_1_454' title='bbox 1613 5075 1676 5137; x_wconf 82' lang='lat' dir='ltr'>pua</span> <span class='ocrx_word' id='word_1_455' title='bbox 1699 5050 1828 5121; x_wconf 57' lang='lat' dir='ltr'>OErriffl,</span> 
     </span>
     <span class='ocr_line' id='line_1_46' title="bbox 124 5131 1832 5219; baseline 0.012 -33"><span class='ocrx_word' id='word_1_456' title='bbox 124 5131 202 5202; x_wconf 92' lang='lat' dir='ltr'>quod</span> <span class='ocrx_word' id='word_1_457' title='bbox 218 5150 275 5189; x_wconf 92' lang='lat' dir='ltr'>non</span> <span class='ocrx_word' id='word_1_458' title='bbox 294 5135 472 5209; x_wconf 80' lang='lat' dir='ltr'>condignum</span> <span class='ocrx_word' id='word_1_459' title='bbox 499 5137 658 5208; x_wconf 79' lang='lat' dir='ltr'>boneficiis,</span> <span class='ocrx_word' id='word_1_460' title='bbox 684 5156 754 5195; x_wconf 80' lang='lat' dir='ltr'>mee</span> <span class='ocrx_word' id='word_1_461' title='bbox 781 5144 949 5216; x_wconf 80' lang='lat' dir='ltr'>parvitatis</span> <span class='ocrx_word' id='word_1_462' title='bbox 1004 5134 1136 5218; x_wconf 82' lang='lat' dir='ltr'>replevit,</span> <span class='ocrx_word' id='word_1_463' title='bbox 1152 5148 1259 5217; x_wconf 82' lang='lat' dir='ltr'>etque</span> <span class='ocrx_word' id='word_1_464' title='bbox 1275 5146 1312 5201; x_wconf 85' lang='lat' dir='ltr'>ed</span> <span class='ocrx_word' id='word_1_465' title='bbox 1323 5145 1456 5204; x_wconf 88' lang='lat' dir='ltr'>notitiam</span> <span class='ocrx_word' id='word_1_466' title='bbox 1472 5147 1609 5219; x_wconf 81' lang='lat' dir='ltr'>omnium</span> <span class='ocrx_word' id='word_1_467' title='bbox 1624 5132 1832 5211; x_wconf 58' lang='lat' dir='ltr'>ssdeliumluffi.</span> 
     </span>
     <span class='ocr_line' id='line_1_47' title="bbox 123 5218 1841 5308; baseline 0.013 -34"><span class='ocrx_word' id='word_1_468' title='bbox 123 5223 219 5276; x_wconf 88' lang='lat' dir='ltr'>vestra</span> <span class='ocrx_word' id='word_1_469' title='bbox 234 5218 408 5281; x_wconf 83' lang='lat' dir='ltr'>celsitudine</span> <span class='ocrx_word' id='word_1_470' title='bbox 423 5242 500 5298; x_wconf 78' lang='lat' dir='ltr'>saepe</span> <span class='ocrx_word' id='word_1_471' title='bbox 515 5224 640 5295; x_wconf 85' lang='lat' dir='ltr'>collatis,</span> <span class='ocrx_word' id='word_1_472' title='bbox 663 5227 776 5284; x_wconf 87' lang='lat' dir='ltr'>valenm</span> <span class='ocrx_word' id='word_1_473' title='bbox 801 5230 947 5293; x_wconf 82' lang='lat' dir='ltr'>exhibere.</span> <span class='ocrx_word' id='word_1_474' title='bbox 1003 5232 1113 5290; x_wconf 86' lang='lat' dir='ltr'>clarius</span> <span class='ocrx_word' id='word_1_475' title='bbox 1126 5230 1254 5301; x_wconf 90' lang='lat' dir='ltr'>inolevit,</span> <span class='ocrx_word' id='word_1_476' title='bbox 1270 5238 1416 5306; x_wconf 84' lang='lat' dir='ltr'>quatenus</span> <span class='ocrx_word' id='word_1_477' title='bbox 1435 5239 1557 5308; x_wconf 87' lang='lat' dir='ltr'>paterno</span> <span class='ocrx_word' id='word_1_478' title='bbox 1580 5236 1692 5303; x_wconf 72' lang='lat' dir='ltr'>aflectu</span> <span class='ocrx_word' id='word_1_479' title='bbox 1712 5218 1841 5307; x_wconf 56' lang='lat' dir='ltr'>inpete</span> 
     </span>
     <span class='ocr_line' id='line_1_48' title="bbox 124 5307 1846 5428; baseline 0.013 -64"><span class='ocrx_word' id='word_1_480' title='bbox 124 5307 272 5381; x_wconf 81' lang='lat' dir='ltr'>Spiritalis</span> <span class='ocrx_word' id='word_1_481' title='bbox 287 5314 384 5367; x_wconf 87' lang='lat' dir='ltr'>sutem</span> <span class='ocrx_word' id='word_1_482' title='bbox 400 5312 567 5383; x_wconf 84' lang='lat' dir='ltr'>serviminis</span> <span class='ocrx_word' id='word_1_483' title='bbox 578 5315 680 5372; x_wconf 89' lang='lat' dir='ltr'>munia</span> <span class='ocrx_word' id='word_1_484' title='bbox 688 5317 769 5374; x_wconf 85' lang='lat' dir='ltr'>vobis</span> <span class='ocrx_word' id='word_1_485' title='bbox 780 5318 948 5393; x_wconf 86' lang='lat' dir='ltr'>impendere</span> <span class='ocrx_word' id='word_1_486' title='bbox 963 5362 987 5428; x_wconf 75' lang='lat' dir='ltr'>D</span> <span class='ocrx_word' id='word_1_487' title='bbox 1002 5322 1104 5391; x_wconf 82' lang='lat' dir='ltr'>vectis,</span> <span class='ocrx_word' id='word_1_488' title='bbox 1120 5325 1208 5394; x_wconf 87' lang='lat' dir='ltr'>etque</span> <span class='ocrx_word' id='word_1_489' title='bbox 1222 5324 1254 5377; x_wconf 89' lang='lat' dir='ltr'>ut</span> <span class='ocrx_word' id='word_1_490' title='bbox 1267 5320 1408 5379; x_wconf 86' lang='lat' dir='ltr'>citissime</span> <span class='ocrx_word' id='word_1_491' title='bbox 1421 5323 1552 5393; x_wconf 78' lang='lat' dir='ltr'>velentis,</span> <span class='ocrx_word' id='word_1_492' title='bbox 1568 5340 1639 5387; x_wconf 85' lang='lat' dir='ltr'>cum</span> <span class='ocrx_word' id='word_1_493' title='bbox 1654 5322 1846 5403; x_wconf 60' lang='lat' dir='ltr'>gaudioso*</span> 
     </span>
     <span class='ocr_line' id='line_1_49' title="bbox 124 5396 1846 5495; baseline 0.014 -43"><span class='ocrx_word' id='word_1_494' title='bbox 124 5396 246 5454; x_wconf 88' lang='lat' dir='ltr'>devotus</span> <span class='ocrx_word' id='word_1_495' title='bbox 261 5398 301 5454; x_wconf 90' lang='lat' dir='ltr'>rei</span> <span class='ocrx_word' id='word_1_496' title='bbox 317 5414 420 5475; x_wconf 79' lang='lat' dir='ltr'>regum</span> <span class='ocrx_word' id='word_1_497' title='bbox 434 5400 550 5459; x_wconf 83' lang='lat' dir='ltr'>Christo</span> <span class='ocrx_word' id='word_1_498' title='bbox 567 5421 618 5477; x_wconf 91' lang='lat' dir='ltr'>pro</span> <span class='ocrx_word' id='word_1_499' title='bbox 634 5409 729 5461; x_wconf 88' lang='lat' dir='ltr'>vestra</span> <span class='ocrx_word' id='word_1_500' title='bbox 752 5406 848 5465; x_wconf 89' lang='lat' dir='ltr'>salute</span> <span class='ocrx_word' id='word_1_501' title='bbox 863 5410 949 5468; x_wconf 90' lang='lat' dir='ltr'>inde·</span> <span class='ocrx_word' id='word_1_502' title='bbox 1003 5411 1070 5467; x_wconf 90' lang='lat' dir='ltr'>dem</span> <span class='ocrx_word' id='word_1_503' title='bbox 1087 5412 1124 5468; x_wconf 83' lang='lat' dir='ltr'>od</span> <span class='ocrx_word' id='word_1_504' title='bbox 1140 5426 1187 5467; x_wconf 89' lang='lat' dir='ltr'>me</span> <span class='ocrx_word' id='word_1_505' title='bbox 1202 5410 1368 5468; x_wconf 85' lang='lat' dir='ltr'>remittetis.</span> <span class='ocrx_word' id='word_1_506' title='bbox 1382 5411 1570 5470; x_wconf 80' lang='lat' dir='ltr'>Ecceiterum</span> <span class='ocrx_word' id='word_1_507' title='bbox 1581 5410 1846 5495; x_wconf 58' lang='lat' dir='ltr'>iterumqueprffli</span> 
     </span>
     <span class='ocr_line' id='line_1_50' title="bbox 123 5484 1846 5588; baseline 0.011 -43"><span class='ocrx_word' id='word_1_508' title='bbox 123 5484 500 5588; x_wconf 71' lang='lat' dir='ltr'>sinentersppplicototus.</span> <span class='ocrx_word' id='word_1_509' title='bbox 527 5493 617 5567; x_wconf 84' lang='lat' dir='ltr'>Spero</span> <span class='ocrx_word' id='word_1_510' title='bbox 641 5492 787 5567; x_wconf 87' lang='lat' dir='ltr'>equidem,</span> <span class='ocrx_word' id='word_1_511' title='bbox 813 5500 948 5571; x_wconf 84' lang='lat' dir='ltr'>quamvis</span> <span class='ocrx_word' id='word_1_512' title='bbox 1002 5500 1102 5557; x_wconf 87' lang='lat' dir='ltr'>cordia</span> <span class='ocrx_word' id='word_1_513' title='bbox 1116 5517 1182 5557; x_wconf 88' lang='lat' dir='ltr'>mea</span> <span class='ocrx_word' id='word_1_514' title='bbox 1195 5497 1341 5574; x_wconf 90' lang='lat' dir='ltr'>incipiunt</span> <span class='ocrx_word' id='word_1_515' title='bbox 1356 5517 1455 5569; x_wconf 89' lang='lat' dir='ltr'>amore</span> <span class='ocrx_word' id='word_1_516' title='bbox 1477 5501 1593 5569; x_wconf 85' lang='lat' dir='ltr'>interno</span> <span class='ocrx_word' id='word_1_517' title='bbox 1619 5504 1739 5577; x_wconf 82' lang='lat' dir='ltr'>erdere,</span> <span class='ocrx_word' id='word_1_518' title='bbox 1762 5486 1846 5583; x_wconf 87' lang='lat' dir='ltr'>pff</span> 
     </span>
     <span class='ocr_line' id='line_1_51' title="bbox 123 5566 1846 5679; baseline 0.01 -42"><span class='ocrx_word' id='word_1_519' title='bbox 123 5579 238 5637; x_wconf 77' lang='lat' dir='ltr'>terrens</span> <span class='ocrx_word' id='word_1_520' title='bbox 252 5566 326 5634; x_wconf 85' lang='lat' dir='ltr'>umbi</span> <span class='ocrx_word' id='word_1_521' title='bbox 341 5576 465 5639; x_wconf 81' lang='lat' dir='ltr'>facultas</span> <span class='ocrx_word' id='word_1_522' title='bbox 476 5598 529 5658; x_wconf 88' lang='lat' dir='ltr'>pro</span> <span class='ocrx_word' id='word_1_523' title='bbox 544 5581 708 5641; x_wconf 78' lang='lat' dir='ltr'>exhibendo</span> <span class='ocrx_word' id='word_1_524' title='bbox 723 5585 805 5644; x_wconf 91' lang='lat' dir='ltr'>vobis</span> <span class='ocrx_word' id='word_1_525' title='bbox 829 5589 946 5647; x_wconf 89' lang='lat' dir='ltr'>servitio</span> <span class='ocrx_word' id='word_1_526' title='bbox 1002 5589 1097 5665; x_wconf 80' lang='lat' dir='ltr'>magis</span> <span class='ocrx_word' id='word_1_527' title='bbox 1112 5606 1145 5648; x_wconf 91' lang='lat' dir='ltr'>ac</span> <span class='ocrx_word' id='word_1_528' title='bbox 1161 5588 1256 5663; x_wconf 81' lang='lat' dir='ltr'>magis</span> <span class='ocrx_word' id='word_1_529' title='bbox 1272 5589 1404 5648; x_wconf 87' lang='lat' dir='ltr'>desidero</span> <span class='ocrx_word' id='word_1_530' title='bbox 1418 5594 1547 5650; x_wconf 87' lang='lat' dir='ltr'>vestrum</span> <span class='ocrx_word' id='word_1_531' title='bbox 1561 5590 1644 5665; x_wconf 73' lang='lat' dir='ltr'>vetum</span> <span class='ocrx_word' id='word_1_532' title='bbox 1658 5587 1846 5679; x_wconf 67' lang='lat' dir='ltr'>‚tsrppsliptn¹</span> 
     </span>
    </p>
   </div>
   <div class='ocr_carea' id='block_1_11' title="bbox 0 0 1954 6098">
    <p class='ocr_par' dir='ltr' id='par_1_11' title="bbox 0 0 1954 6098">
     <span class='ocr_line' id='line_1_52' title="bbox 0 0 1954 6098; baseline 0 1"><span class='ocrx_word' id='word_1_533' title='bbox 0 0 1954 6098; x_wconf 95' lang='lat' dir='ltr'> </span> 
     </span>
    </p>
   </div>
  </div>
 </body>
</html>
