3884 6084
116 249 176 311 tit

116 387 135 446 5
189 388 256 445 Ecce
268 382 307 441 sic
320 377 602 440 benediceturlmmo:

191 476 244 545 Qui
258 475 333 531 timet
347 472 504 528 llmninum.

151 566 259 623 CCum
275 562 356 628 dicit,
373 576 438 615 ecce
452 558 492 614 sic-
509 574 515 611 :
533 555 679 630 significat
703 555 779 611 sicut
803 553 939 626 superius

114 655 277 730 expositum
293 647 479 716 est‚siccnim
497 649 626 702 merctur
640 642 834 716 benedici,qui
850 660 938 699 suum

113 746 198 801 timet
209 745 367 799 auctorem.

112 838 130 892 6
185 831 330 890 Benedicat
344 829 394 884 tibi
404 828 535 884 bornicum
549 841 584 881 ee
597 824 664 880 Sion
681 838 688 877 ι

184 924 218 978 Et
231 921 322 977 adilane
339 919 407 973 trena
422 915 592 972 Hierusalem
607 913 733 969 amnibus
756 912 852 968 dicbus
875 912 939 968 rita

220 1020 284 1067 tum

147 1100 258 1156 CDicit
271 1098 361 1163 enim,
378 1093 531 1150 benedicat
552 1095 579 1147 te
604 1089 748 1147 Dominus
763 1105 796 1144 ex
811 1089 890 1156 Sion,
908 1087 937 1143 id

111 1198 156 1250 est
170 1189 305 1247 Christus
320 1187 370 1258 qui
386 1186 415 1239 in
431 1184 485 1239 hoc
501 1185 599 1237 monte
615 1179 784 1235 hominibus
800 1193 940 1250 apparere

111 1283 250 1355 dignatus
267 1280 325 1332 cst:
336 1280 364 1330 et
376 1290 426 1345 pro
439 1270 568 1327 nominis
583 1269 629 1324 sui
643 1267 939 1340 qualitate‚tanquam

112 1369 220 1445 pastori
236 1366 346 1438 optimo
362 1378 477 1432 semper
492 1357 648 1414 ascribitur
663 1373 670 1411 :
688 1356 757 1412 Sion
773 1355 851 1410 enim
874 1371 939 1426 spe-

112 1458 219 1516 culatio
237 1455 444 1525 interpretatur
470 1466 475 1503 :
502 1445 683 1502 Hierusalem
704 1444 854 1499 indicatur
868 1442 939 1499 visio

47 1581 49 1585 ,
112 1545 369 1620 pacis.0ptatergo
380 1543 413 1594 ut
424 1537 454 1592 in
465 1533 751 1592 Hierusalemvideat
760 1536 864 1588 cuncta
874 1548 940 1603 qum

112 1637 189 1692 hona
204 1634 283 1687 sunt.
301 1629 355 1685 Sed
381 1644 416 1682 ne
438 1626 569 1681 crederes
584 1624 614 1678 in
631 1621 739 1678 cmlcsti
757 1621 938 1677 Hierusalem

571 245 605 308 S.
628 242 824 307 alienabis
846 241 1155 308 llatiblfaaabsts
1176 246 1365 320 episcopt

1761 250 1824 314 ΗΘ

955 378 1052 443 Asua
1067 394 1074 434 τ
1091 383 1124 435 ut
1138 377 1284 455 intelligas
1300 399 1452 457 nunquam
1465 383 1579 442 finitam
1586 383 1748 443 Ecclesiam
1759 400 1825 451 esne
1852 436 1866 472 Ξ

992 468 1192 539 perseeutione
1208 471 1420 546 improborum,
1437 491 1501 547 quae
1517 472 1558 530 ita
1572 490 1649 549 sape
1663 479 1707 531 est
1731 491 1824 548 expa-

992 561 1081 629 gnata
1095 573 1101 611 :
1116 559 1221 615 crescit
1232 561 1310 616 enim
1324 561 1706 636 persecutionibus,suaque
1717 565 1827 622 contri·

994 643 1072 702 tione
1087 647 1273 719 grandescit:
1291 666 1359 705 nam
1375 650 1401 706 si
1417 649 1465 707 hic
1481 651 1689 709 sanctosviros
1701 651 1826 723 amittit,

993 732 1098 789 lutura
1114 736 1215 808 patric
1231 738 1365 811 acquirit.
1373 740 1436 795 Non
1451 743 1548 812 potest
1561 738 1651 815 igitur
1666 739 1827 814 finirique

994 821 1056 879 suis
1070 823 1253 882 detrimentis
1268 832 1406 902 augetur:
1416 828 1494 885 unda
1510 845 1567 885 non
1578 828 1712 902 potuisse
1725 833 1827 886 tamen

993 911 1051 967 sibi
1075 913 1230 986 prevalere
1254 915 1325 973 dicit
1348 933 1409 985 eos,
1426 933 1500 990 quos
1516 917 1653 992 superius
1678 935 1712 975 se
1738 934 1828 991 expu-

993 1017 1100 1075 gnasse
1114 1007 1324 1061 commemorat
1341 1023 1348 1062 ε
1365 1004 1435 1079 quia
1446 1022 1599 1078 nunquam
1615 1004 1659 1064 eis
1673 1006 1828 1065 consensit

994 1091 1030 1146 ad
1048 1089 1168 1148 malum.

993 1180 1011 1235 3
1048 1183 1139 1253 Supra
1153 1180 1280 1238 de’orsam
1294 1199 1383 1240 nuum
1397 1184 1605 1257 fabricaverunt
1616 1192 1774 1259 peccatores
1791 1202 1799 1241 :

1063 1269 1297 1343 Protonpaverant
1309 1273 1485 1347 iniquitatem
1498 1289 1589 1331 suam.

1029 1358 1050 1413 C
1065 1357 1338 1417 Fabricatum:vero
1353 1376 1443 1433 supra
1458 1360 1579 1417 dorsum
1594 1375 1685 1416 suum
1695 1359 1829 1417 Ecclesia

994 1451 1150 1503 tentatura
1165 1449 1366 1521 peccatoribus
1380 1465 1386 1504 ε
1401 1449 1452 1522 qui
1468 1448 1550 1507 dolos
1566 1448 1662 1506 lacera
1673 1448 1827 1520 festinant,

994 1539 1022 1592 ct
1038 1534 1165 1593 occultus
1183 1537 1433 1610 suasiones,quasi
1446 1538 1476 1594 iu
1487 1538 1609 1595 dorsum
1624 1537 1827 1609 Ecclesiae(ubi

994 1625 1084 1680 videri
1100 1643 1156 1682 non
1174 1626 1401 1701 possunt)aguut
1418 1643 1424 1682 :
1442 1626 1493 1700 qui
1509 1627 1551 1684 sic
1566 1626 1681 1684 occulte
1698 1631 1826 1684 avertere

111 1718 312 1794 temporaliter
326 1716 383 1772 ista
397 1716 475 1770 hona
489 1710 717 1782 vidori‚addidit,
729 1708 867 1766 omnibus
878 1709 937 1765 die·
954 1748 978 1812 B
994 1730 1011 1769 a
1026 1718 1129 1771 sancta
1144 1715 1199 1770 side
1215 1713 1329 1788 aliquos
1341 1714 1551 1784 moliuntur,ut
1564 1714 1608 1772 vel
1624 1712 1738 1788 paucos
1751 1715 1825 1771 doci·

111 1814 169 1869 hus
180 1809 245 1867 uita
261 1812 326 1872 tua,
344 1806 372 1861 id
390 1809 435 1860 est
449 1802 513 1857 vita
525 1805 651 1857 aternae.

38 1915 41 1920 ·
110 1905 125 1955 7
181 1900 214 1954 ct
227 1896 317 1952 idaeae
332 1895 402 1965 filios
414 1893 537 1963 fitiorum
553 1898 665 1945 tuorum
681 1905 688 1943 :

181 1991 278 2044 Pacem
292 2000 374 2056 super
390 1982 486 2038 lsrael.

145 2079 166 2135 C
182 2076 270 2133 Filios
285 2073 364 2129 enim
380 2070 508 2126 filiorum
522 2085 528 2122 :
542 2069 640 2141 signat
655 2068 869 2139 nepotesouod
884 2066 939 2122 uti·

110 2184 168 2241 que
182 2163 277 2221 beatis
289 2161 360 2217 viris
373 2159 541 2230 contingere
554 2155 713 2229 polest,qui
725 2155 937 2228 predicationi·

109 2257 166 2313 hus
181 2252 292 2310 sanctis
303 2249 427 2322 populos
438 2246 547 2303 multos
561 2244 773 2319 generant.Pax
787 2249 832 2302 est
842 2245 938 2302 Domi-

110 2363 167 2403 nus
183 2341 327 2398 Salvator:
336 2338 386 2410 qui
402 2336 511 2392 insidet
525 2334 604 2390 illam
618 2335 732 2390 beatam
743 2334 936 2404 Hierusalem,

110 2438 139 2490 et
153 2434 258 2488 cuncta
272 2429 350 2484 bona
365 2424 473 2492 incitet
483 2424 762 2495 beata‚quaecunque
773 2424 937 2495 majestatis

110 2538 170 2578 suae
189 2517 296 2573 virtute
319 2512 545 2586 complectitur:
562 2509 613 2566 illa
627 2527 728 2583 pacem
754 2511 861 2580 videas,
878 2529 936 2568 oon

111 2607 207 2666 solum
223 2605 299 2662 filios
314 2603 454 2659 filiorum.

330 2708 432 2748 onemo
452 2707 487 2745 ax
508 2707 585 2745 asna.
607 2706 710 2744 cxxvii.

146 2783 332 2843 Timentibus
348 2796 454 2836 nomeu
470 2783 565 2846 tuuni,
581 2778 934 2844 Domine‚beatitudinem

109 2875 216 2950 largire
231 2876 402 2947 perpetuam
418 2886 425 2924 ι
444 2872 476 2924 ut
491 2867 558 2924 talis
571 2866 655 2923 nobis
670 2867 882 2940 autololisque
897 2868 936 2927 sit

108 2965 245 3037 uitaque}
260 2959 372 3017 celsum
382 2958 418 3014 de
429 2955 513 3014 bonis
530 2955 673 3012 fructibus
690 2956 826 3013 meritum
839 2974 935 3031 repor-

993 1804 1140 1877 piant,qui
1153 1803 1312 1860 Ecclesiam
1336 1807 1427 1861 totam
1453 1805 1621 1862 subuertere
1643 1820 1704 1861 oon
1719 1807 1824 1877 potue-

993 1892 1264 1967 runt.Prolongatas
1277 1910 1394 1967 quoque
1410 1893 1482 1950 dicit
1497 1892 1578 1967 ipsas
1592 1892 1732 1963 insidias,
1748 1909 1824 1965 quaa

992 1980 1110 2038 assidue
1126 1980 1555 2055 hostesjngerehantfidelibus
1568 1997 1574 2036 :
1588 1980 1767 2056 prolongata
1776 1986 1820 2037 est

992 2070 1070 2126 enim
1086 2069 1146 2125 hcc
1160 2069 1304 2143 iniquitas
1319 2071 1355 2127 ab
1371 2069 1442 2127 ancl
1458 2087 1553 2144 usque
1567 2070 1669 2139 humet
1683 2070 1714 2126 in
1735 2068 1824 2127 finem

992 2176 1087 2233 usque
1103 2159 1199 2215 saculi
1215 2158 1448 2234 prolongabitur.

991 2252 1008 2306 l
1063 2250 1196 2305 Doiainus
1206 2249 1299 2322 justus
1314 2248 1435 2305 concidet
1448 2249 1565 2305 ceruices
1576 2255 1754 2321 peccamram
1769 2264 1777 2303 :

1062 2336 1274 2410 confundantur
1297 2344 1323 2395 et
1343 2344 1536 2395 convertantur
1558 2341 1711 2395 retrorsum
1731 2352 1827 2394 ornnes

1097 2427 1146 2499 qui
1158 2427 1272 2483 aderunt
1286 2427 1363 2484 Siom

1026 2515 1193 2573 CCervices
1209 2531 1216 2570 :
1232 2531 1284 2588 pro
1299 2513 1437 2589 superbia
1451 2514 1560 2587 posuit,
1577 2531 1668 2588 quam
1694 2515 1825 2572 concidit

990 2603 1133 2662 Dominus
1159 2603 1189 2660 in
1210 2603 1268 2660 illis
1292 2604 1333 2660 sic
1356 2603 1594 2677 expugnantibus
1610 2620 1617 2660 :
1633 2620 1703 2661 cum
1718 2621 1770 2661 eos
1784 2604 1819 2663 ad

990 2691 1817 2766 misericordiamperhumilitatemctsatisl'actiooemre

989 2782 1051 2839 dire
1064 2781 1216 2856 permittit.
1233 2781 1457 2839 Conlundantur
1472 2797 1479 2837 :
1496 2781 1526 2838 in
1548 2784 1680 2839 extremo
1691 2781 1813 2855 judicio,

989 2871 1039 2945 qui
1051 2872 1114 2943 jam
1130 2888 1182 2945 per
1196 2869 1396 2943 poenitentiam
1413 2869 1517 2928 nolunt
1532 2869 1685 2927 conlundi.
1697 2871 1733 2927 at
1747 2887 1813 2927 coo·

988 2964 1139 3018 certantur
1151 2963 1227 3015 retro
1245 2976 1251 3014 :
1269 2960 1305 3017 ad
1320 2976 1436 3032 poenam
1461 2964 1598 3016 annnam
1616 2959 1698 3034 :ipsi
1724 2959 1813 3028 enim.
1831 2975 1837 2986 ·

109 3057 151 3111 tet
164 3054 201 3109 ad
217 3051 322 3108 sidera.
336 3050 389 3105 Per
404 3046 561 3103 Dominum
579 3049 711 3101 nostrum
722 3046 823 3104 lesum
839 3047 934 3103 Chris·
988 3051 1087 3116 idest,
1103 3048 1241 3105 obstinati
1257 3047 1313 3121 ipsi
1329 3048 1453 3106 oderunt
1463 3046 1576 3117 Sion,id
1587 3051 1632 3106 est
1641 3047 1812 3107 Ecclesiam.

110 3148 184 3210 tum,
201 3146 257 3198 etc.

358 3223 520 3282 PSALHUS
539 3224 683 3280 CXXVIII.

310 3331 499 3373 incensurus
519 3330 597 3370 rsna.
618 3331 732 3369 auxum.

146 3409 167 3464 C
183 3412 204 3462 a
218 3405 363 3479 Propheta
378 3407 476 3458 monet
487 3401 694 3469 Ecclesiammt
706 3403 784 3460 dicat
795 3409 865 3478 quot
875 3423 935 3464 cer·

948 3112 970 3180 c
987 3141 1006 3196 5
1059 3140 1143 3197 riam
1156 3139 1227 3193 sicat
1239 3139 1334 3210 senum
1346 3144 1499 3195 tectcmm:

1038 3307 1043 3317 Ι
1059 3227 1133 3297 Quod
1144 3228 1310 3301 priusquam
1323 3227 1459 3285 evellatur
1471 3227 1591 3284 exaruit.

1022 3319 1043 3375 C
1059 3318 1169 3374 Fcuum
1182 3316 1211 3373 in
1226 3315 1311 3373 tectis
1325 3316 1456 3390 antiquis
1470 3318 1686 3385 crescens,ante
1696 3319 1816 3391 tempus

988 3405 1168 3464 collectionis
1182 3405 1289 3462 arescit
1303 3409 1332 3462 et
1345 3405 1433 3478 perit:
1442 3404 1512 3478 quia
1527 3403 1609 3461 nulla
1623 3403 1711 3461 firma
1722 3406 1820 3463 radice
1835 3428 1840 3435 ·

110 3495 222 3555 tamina
237 3511 254 3551 a
268 3493 331 3549 suis
346 3489 496 3565 pertulerit
509 3489 645 3547 hostibus
660 3495 707 3560 (ne
721 3492 788 3564 quis
802 3494 934 3553 fidelium
987 3496 1088 3570 viguit.
1107 3495 1207 3568 ltaque
1220 3500 1429 3568 comparantur
1454 3499 1621 3568 peccatores
1644 3492 1686 3550 illi
1709 3495 1820 3552 caduco

111 3586 146 3642 de
161 3582 286 3658 propriis
299 3578 538 3637 tribulationibus
553 3578 862 3652 desperet)praedicens
877 3585 934 3642 eis-

110 3677 176 3733 dem
194 3670 332 3737 inimicis,
348 3668 425 3742 quod
441 3667 482 3725 cis
498 3667 527 3723 in
539 3667 652 3740 judicio
667 3668 764 3726 futuro
790 3688 854 3729 csse
866 3690 934 3730 vcu-

110 3769 210 3822 turum
227 3764 355 3817 noverat.

332 3849 390 3904 ΤΤ.
408 3847 552 3903 Canticum
565 3845 712 3915 graduum.

144 3943 164 3999 C
179 3942 268 3998 Docet
283 3938 330 3995 hic
345 3935 488 4011 propheta
501 3934 659 3991 toleranter
680 3953 734 3992 nos
758 3938 856 3994 saculi
871 3958 934 3997 mo-

111 4025 494 4098 lostiassustinere‚quando
505 4022 636 4080 Ecclesia
647 4025 762 4081 crebras
772 4026 863 4084 luisse
871 4046 936 4103 pas·

110 4121 208 4177 aionas
218 4115 402 4189 comprobat.

111 4212 123 4266 l
180 4207 258 4280 sepe
272 4211 498 4278 expugnaverunt
511 4220 554 4258 mc
568 4220 586 4259 a
596 4201 740 4274 iuuentute
753 4221 832 4262 nico:

182 4298 262 4353 Dicat
276 4311 350 4349 necne
362 4293 454 4349 lsrael.

145 4386 324 4442 Cadmonet
340 4380 481 4455 propheta
497 4379 596 4449 lsrael,
613 4380 642 4436 id
657 4385 703 4437 est
717 4382 887 4454 Ecclesiam,
904 4390 937 4442 ut

989 3586 1054 3643 feno
1070 3584 1210 3658 quoniam
1235 3587 1264 3640 et
1286 3583 1334 3641 hio
1349 3584 1517 3657 frequenter
1537 3583 1722 3657 dispereunt,
1738 3587 1821 3641 ante·

988 3692 1078 3749 quam
1093 3675 1128 3730 de
1143 3672 1199 3730 hac
1213 3672 1276 3730 luco
1297 3671 1436 3730 tollantur
1461 3690 1468 3730 :
1496 3676 1661 3730 nascuntur
1683 3673 1766 3731 enim
1787 3673 1820 3730 in

989 3763 1192 3822 cacuminibus
1207 3761 1361 3836 superbia,
1388 3762 1437 3819 ubi
1462 3761 1545 3819 nulla
1570 3760 1722 3819 soliditate
1745 3777 1817 3818 can·

990 3855 1108 3911 sistunt.
1126 3852 1149 3907 H
1165 3851 1222 3908 Nec
1237 3850 1331 3908 ullum
1346 3866 1472 3925 granum
1487 3849 1627 3909 bonitatis
1650 3849 1819 3925 proferunt.

988 3945 1007 4000 6
1060 3948 1100 4000 De
1116 3958 1167 4015 qua
1181 3957 1237 3998 non
1251 3940 1376 4016 implebit
1389 3957 1504 3998 manum
1513 3957 1594 3997 suam
1607 3940 1657 4013 qai
1670 3948 1777 3999 nutet:

1060 4033 1092 4087 Et
1106 4033 1200 4087 sinum
1211 4047 1294 4086 saum
1307 4030 1358 4104 qui
1371 4030 1527 4103 manipulos
1538 4029 1658 4101 colliget.

1025 4120 1211 4187 Cbletcntes,
1237 4117 1333 4192 angeli
1354 4120 1436 4188 sunt,
1459 4118 1509 4190 qui
1534 4117 1638 4175 ultimo
1652 4116 1822 4191 diejudioii

990 4211 1170 4267 frumentum
1186 4207 1346 4265 electorum
1363 4206 1393 4263 io
1407 4206 1512 4264 horreo
1525 4204 1652 4264 coelestia
1662 4206 1768 4280 patria
1779 4223 1819 4266 m-

990 4299 1121 4356 condunt
1135 4314 1141 4354 :
1154 4297 1204 4353 sad
1218 4296 1254 4353 da
1265 4294 1400 4367 istis(hoc
1415 4300 1461 4353 est
1474 4293 1751 4368 superbistmanum
1762 4312 1822 4353 noa

990 4384 1196 4461 implent‚quia
1210 4401 1260 4442 eos
1275 4401 1293 4441 a
1308 4383 1447 4442 societate
1463 4380 1633 4441 sanctorum
1649 4383 1822 4458 reprobatos

110 4475 189 4530 dicat
202 4471 280 4529 bella
293 4489 356 4527 sira.
373 4471 454 4542 Saepe
471 4487 477 4525 :
494 4469 542 4525 hic
552 4469 650 4542 signat
665 4470 860 4543 trequentism
872 4490 936 4546 pas·
950 4485 975 4552 Ι)
991 4478 1155 4551 segregant.
1172 4478 1209 4530 De
1224 4471 1289 4530 istis
1305 4472 1384 4529 enim
1399 4489 1489 4547 supra
1503 4471 1616 4528 dictum
1629 4476 1686 4542 cat,
1703 4471 1823 4530 venient

110 4563 265 4629 manumet
275 4561 428 4632 juventute
441 4575 447 4612 :
459 4558 605 4630 significat
618 4560 734 4630 quaudo
744 4577 762 4616 a
774 4560 863 4619 fratre
874 4580 937 4637 per·
990 4566 1020 4622 in
1036 4560 1229 4622 exsultatione
1242 4560 1543 4635 serentesmanipulos
1554 4559 1686 4618 suoa:de
1702 4558 1823 4634 injustis

112 4668 193 4709 verso
205 4652 307 4723 justus
321 4645 392 4704 Abel
408 4645 522 4703 occisus
545 4651 591 4702 est
614 4645 691 4714 (Gen.
716 4647 766 4721 rr),
794 4654 823 4705 et
842 4652 936 4708 eaemri
991 4654 1038 4710 hic
1051 4650 1250 4724 dicitur,quod
1266 4667 1318 4708 neo
1334 4667 1455 4707 manum
1468 4648 1586 4724 plenam
1597 4649 1823 4708 fructibuscon·

112 4742 250 4815 deinceps
277 4732 488 4811 quamplurimi
513 4733 632 4808 :ipsius
656 4750 773 4809 quoque
801 4739 938 4811 passione
990 4740 1224 4817 portcntManus
1239 4739 1276 4797 ad
1291 4739 1505 4813 operationem;
1522 4738 1606 4797 sinus
1621 4738 1658 4796 ad
1669 4738 1823 4797 conscien-

111 4830 218 4888 Christi
234 4830 400 4902 expugnata
426 4829 471 4881 est
494 4820 633 4880 Ecclesia.
652 4823 732 4880 Dicat
747 4843 824 4883 nuuc
849 4828 937 4886 lsrael
991 4831 1062 4889 tiam
1078 4828 1217 4904 pertinet.
1237 4827 1269 4885 ln
1285 4826 1430 4884 malorum
1447 4825 1663 4899 animantibus,
1680 4833 1822 4886 neuuum

111 4922 151 4990 (id
162 4919 243 4977 estio
256 4919 309 4975 hoc
320 4914 437 4984 seculo,
448 4913 937 4990 quandotcmpusestpoeoitentiae)
992 4919 1068 4994 lrugi
1083 4916 1194 4991 aliquid
1210 4919 1306 4991 potest
1322 4915 1455 4973 inveniri.

113 5011 146 5064 ut
167 5007 351 5063 instruantur
376 4986 496 5077 reliqu(
506 5001 616 5072 fideles,
633 5002 839 5075 patienterhic
863 5006 938 5064 terre
990 5013 1009 5066 7
1062 5008 1163 5065 Etnon
1177 5007 1310 5063 dicerunt
1332 5006 1382 5080 qui
1403 5004 1584 5079 preteribant
1598 5003 1751 5064 tmedietio
1767 5006 1825 5064 aa·

112 5094 329 5168 persecutiones
344 5111 351 5150 :
368 5094 437 5166 quia
453 5093 482 5148 in
499 5092 598 5148 lutura
611 5090 671 5147 vita
681 5108 739 5148 oon
754 5098 939 5168 expugnatur
1098 5097 1171 5152 mini
1184 5110 1266 5168 super
1279 5110 1324 5152 cos
1339 5111 1346 5150 :

113 5185 244 5241 sanctus.
260 5182 341 5238 istud
358 5197 475 5254 quoque
500 5181 578 5237 dicat
602 5196 680 5236 nane
697 5181 796 5251 lsrael,
813 5198 865 5255 per
878 5187 938 5241 tres
1065 5185 1258 5243 benedicimus
1272 5183 1348 5241 votat
1363 5183 1393 5239 in
1409 5183 1519 5242 nomiae
1534 5183 1657 5255 Domini.

112 5287 215 5328 versus
231 5274 386 5343 sequentes
402 5268 639 5326 subaudiendum
655 5273 710 5326 est.

112 5365 131 5418 2
183 5363 263 5432 Saepe
278 5365 505 5432 capuprmuerunt
518 5375 561 5414 ane
575 5375 591 5414 a
601 5359 748 5431 juventate
764 5376 825 5417 raca
841 5378 848 5416 :

185 5450 291 5505 Etenim
306 5463 358 5503 non
373 5453 519 5520 potuerunt
532 5448 612 5503 mibi.

1028 5274 1050 5331 G
1066 5274 1291 5332 praetereuntes:
1303 5274 1373 5329 sunt
1388 5269 1482 5327 sancti
1495 5270 1557 5341 Dei,
1574 5270 1626 5344 qui
1641 5269 1724 5330 hunc
1736 5290 1828 5332 mun·

993 5365 1065 5420 dum
1080 5364 1265 5437 praetereunt,
1282 5359 1352 5434 quia
1366 5376 1419 5433 pro
1435 5357 1526 5416 nihilo
1541 5357 1664 5430 habent,
1681 5363 1711 5419 et
1726 5362 1764 5419 ad
1776 5361 1829 5420 illa

994 5451 1122 5510 coelestia
1136 5456 1197 5509 toto
1214 5466 1314 5507 amore
1329 5452 1484 5507 transeunt
1496 5466 1502 5505 :
1514 5466 1531 5506 a
1545 5448 1830 5522 quibussceloratis

150 5541 261 5597 GBena
274 5536 344 5595 dicit
359 5533 485 5594 melesio
500 5542 694 5609 expugnatam
706 5555 737 5595 se
752 5555 768 5596 a
783 5539 939 5610 juventute
993 5541 1119 5600 inaniter
1141 5537 1342 5614 operantibus,
1357 5536 1439 5599 nulla
1463 5537 1628 5598 benedictio
1650 5543 1828 5613 prestatur.
