3884 6084
116 211 197 276 l009
867 214 1087 278 SEDMONDS.
1740 213 1821 284 {010

116 346 218 407 culum
231 349 260 403 ct
273 344 372 404 omnia
384 363 452 404 vasa
468 347 623 404 ministerii
649 348 793 423 sanguino
817 348 940 406 dicens:
956 350 984 417 Α
1035 349 1116 406 Unde
1145 349 1187 406 illi
1216 349 1316 408 aderat
1348 349 1377 408 in
1407 349 1621 426 exspectatione
1650 349 1741 425 hujus
1761 347 1819 411 dici

114 439 169 497 iiic
182 439 297 508 sanquis
312 440 466 493 testamenti
480 437 549 510 qaod
569 438 709 495 rrrrradoeit
732 438 767 495 aa
788 455 833 495 tros
858 444 939 496 Deus.
996 444 1077 497 tanta
1098 439 1201 497 letitia
1216 439 1339 513 talisque
1355 439 1533 498 exsultatio?
1548 441 1664 499 Sciebat
1686 441 1764 498 enim
1789 460 1821 500 se

114 527 217 584 Omnia
237 544 306 600 pecc
331 530 361 582 ia
383 530 518 597 sanquine
540 528 710 585 mundantur
733 529 880 585 secondum
900 530 941 585 le·
996 547 1047 604 per
1071 529 1161 603 hujus
1186 530 1243 587 diei
1270 535 1497 599 sacramentum,
1523 531 1559 588 dc
1584 531 1657 589 velle
1680 530 1821 607 lacryma·

112 635 183 691 perra
199 621 227 673 et
251 617 417 689 dicitquod
442 634 495 673 nori
517 619 548 689 fit
571 620 694 675 remissio
719 620 941 692 sinestraquiaia
995 637 1061 677 rum
1084 625 1113 676 et
1136 618 1255 695 planctu
1277 620 1405 693 antiquae
1430 620 1601 694 plorationis
1627 620 1820 679 transiturum

111 706 257 783 effractores,
274 710 373 778 aperte
387 707 593 763 demonstrans
608 708 677 780 quia
692 725 749 763 non
774 708 855 764 tieret
876 725 939 780 pce·
996 709 1032 767 ad
1057 713 1169 765 aeternas
1194 708 1383 766 beatitudinis
1407 709 1559 782 gaudium.
1582 708 1698 767 Sciebat
1720 714 1820 783 proste-

112 796 169 853 cati
186 794 317 857 abolitio,
335 794 391 851 nisi
417 795 608 852 intercederet
631 797 746 852 Donrini
764 797 854 853 nostri
870 797 940 854 Jesu
996 814 1045 853 rea
1069 815 1099 854 se
1124 797 1186 855 sinc
1210 798 1299 855 dubio
1324 798 1353 853 in
1380 816 1430 870 spe
1456 798 1678 857 resurrectionis
1701 799 1818 858 Christi.

110 885 223 960 passio.
240 864 344 940 Ethisi
359 889 437 941 esset
453 886 513 957 ipse
536 902 588 958 pro
613 885 738 958 peccatis
753 886 872 953 oblatio,
889 903 941 959 per
995 888 1143 945 conscisso
1171 886 1316 943 diuturna
1349 887 1538 960 paenitudinis
1565 905 1658 957 sacco,
1689 889 1820 946 vestibus

112 992 201 1049 quem
220 973 303 1030 nobis
315 974 402 1029 datur
415 975 545 1030 omnium
563 980 749 1047 peccatorum
764 976 940 1033 remissio.0
995 976 1184 1034 mortalitatis
1198 982 1226 1033 et
1241 976 1437 1049 corruptionis
1451 978 1605 1050 eaui‚quas
1619 977 1707 1051 primi
1718 995 1820 1052 paren·

111 1063 200 1138 quale
216 1068 504 1135 sacramentumque
520 1065 651 1121 veniente
665 1070 761 1122 cessat
775 1082 939 1138 omnepcc-
993 1070 1038 1123 tes
1059 1069 1094 1123 de
1118 1065 1245 1139 pellibus
1270 1070 1447 1122 consuerant
1468 1070 1497 1122 et
1518 1065 1595 1124 loliis
1615 1067 1818 1125 verecundiam

110 1153 231 1211 cetum!
249 1169 266 1208 0
290 1152 376 1225 quale
401 1152 589 1222 sacrificium,
615 1172 673 1227 quo
698 1154 844 1211 redolente
865 1155 941 1229 iugit
995 1173 1080 1215 suam
1104 1159 1266 1224 texuerant,
1283 1159 1312 1211 et
1333 1154 1408 1211 stola
1429 1153 1658 1213 immortalitatis
1682 1160 1711 1214 et
1731 1156 1817 1214 indu·

109 1259 198 1300 omne
214 1240 369 1297 delictum!
383 1259 399 1298 o
413 1242 509 1314 qualis
525 1244 671 1313 sacerdos,
686 1244 736 1317 qui
748 1244 938 1318 semetipsum
994 1249 1093 1302 mento
1108 1243 1212 1300 latitia
1228 1249 1256 1300 st
1266 1243 1462 1317 jucunditatis
1484 1245 1578 1314 indui,
1594 1262 1657 1318 quas
1681 1245 1739 1303 sibi
1762 1246 1819 1305 elo·

109 1330 228 1397 obtulit,
247 1335 278 1387 ut
293 1331 424 1404 ingratos
440 1349 538 1388 servos
563 1349 579 1388 a
604 1338 743 1406 perpetuu
766 1339 869 1402 morte,
885 1351 940 1390 sua
994 1335 1064 1408 quia
1086 1334 1184 1391 divina
1210 1333 1414 1417 promiserant.
1442 1333 1561 1391 Dicebat
1584 1334 1672 1392 etiam
1696 1352 1727 1393 ae
1752 1340 1819 1409 post
1910 1341 1914 1357 ⁸

109 1421 326 1478 mortelaceret
342 1419 468 1476 liberos!
487 1422 587 1477 Foetes
603 1422 690 1479 stiam
712 1422 820 1479 liberos
836 1423 939 1481 tratres
993 1422 1150 1481 revelatam
1183 1421 1341 1479 Dominieae
1374 1422 1596 1480 resurrectionis
1629 1424 1763 1498 gloriam,
1790 1429 1819 1481 et

109 1515 194 1568 vocat
212 1514 240 1565 et
256 1507 341 1586 filios.
356 1510 416 1576 Dia,
433 1509 536 1566 tratres
553 1509 750 1580 dilectissimi,
766 1513 939 1569 studeamus
993 1517 1162 1588 resurgente
1177 1511 1293 1568 Christo
1309 1511 1394 1568 nobis
1419 1511 1448 1567 in
1464 1511 1562 1568 saculi
1590 1513 1648 1570 tine
1673 1513 1820 1586 promissa

108 1598 294 1656 tutamentis
315 1600 419 1654 ellectu
443 1615 506 1654 esse
522 1599 646 1672 pacifici,
663 1605 695 1656 ut
710 1619 875 1658 mereamur
889 1619 939 1658 vo·
993 1620 1051 1659 non
1067 1618 1152 1675 posse
1168 1602 1203 1656 ad
1216 1598 1469 1657 ullamtriatitiam
1480 1601 1819 1676 compungi,scddivinis

109 1688 170 1746 cari
185 1693 213 1744 et
228 1704 291 1743 esse
307 1687 358 1742 filii
379 1687 439 1743 Dei.
457 1688 619 1757 Faciamus,
638 1695 724 1762 prout
741 1691 802 1763 ipse
817 1693 939 1748 donave-
954 1727 977 1792 Β
993 1692 1128 1748 cantibus
1143 1696 1172 1747 et
1187 1690 1370 1747 confessione
1386 1690 1554 1746 eoelastibus
1572 1676 1662 1763 plena
1681 1689 1819 1748 laudibus

110 1778 159 1844 rit,
175 1777 355 1833 voluntatem
372 1777 433 1845 Dei,
452 1782 482 1832 ut
498 1782 640 1850 potestate
658 1780 938 1853 acceptapossimus
993 1780 1115 1837 Domino
1130 1780 1254 1842 Deosuo
1270 1778 1446 1835 aeternaliter
1464 1795 1531 1835 curn
1553 1778 1647 1852 gloria
1670 1778 1816 1848 famulari,

109 1866 238 1940 adoptivi
256 1866 358 1922 iratres
373 1867 436 1938 ejus
453 1866 525 1933 fieri,
542 1867 592 1940 qui
612 1870 774 1925 seeundum
799 1871 886 1926 fidem
911 1874 939 1926 ct
992 1869 1140 1927 etidcirco
1156 1869 1439 1942 adjunctapersonoe
1456 1885 1515 1924 sua
1531 1869 1664 1925 omnium
1686 1869 1817 1926 fidelium

103 1951 326 2013 'consessionem
350 1954 436 2027 primi
457 1955 667 2028 apostolorum,
687 1959 771 2028 Petri,
788 1964 832 2015 est
856 1963 938 2015 natu·

109 2044 182 2102 ralis
198 2050 227 2101 ct
242 2043 345 2100 unicus
361 2044 451 2100 l'ilins
466 2044 516 2102 Dei
531 2045 667 2112 rivirum
678 2064 736 2119 quo
750 2047 819 2103 vivit
833 2052 861 2103 et
877 2064 938 2121 reg-

110 2139 162 2192 nat
178 2150 231 2207 per
246 2134 361 2189 infinita
386 2134 492 2190 sarcula
515 2135 603 2204 Deus,
622 2136 650 2190 in
676 2137 787 2192 unitate
811 2137 938 2210 Spiritus

100 2224 216 2289 'sancti,
233 2223 283 2296 qui
308 2241 361 2279 nos
377 2229 516 2296 perpetua
539 2242 610 2297 pace
626 2227 771 2282 custodiat
792 2244 938 2300 suumque

109 2310 225 2368 Pascha
239 2312 329 2384 digna
343 2313 527 2368 veneratione
542 2313 679 2369 continue
700 2314 844 2372 celebrare
870 2333 938 2371 con·

993 1976 1092 2016 massa
1107 1957 1267 2027 exsultans,
1284 1963 1312 2013 ct
1326 1961 1449 2014 canmns
1464 1956 1576 2026 laudes,
1592 1960 1621 2013 et
1642 1958 1752 2031 gratias
1778 1975 1819 2015 re-

992 2049 1111 2106 ferendo
1126 2047 1250 2103 Domino
1265 2046 1394 2102 dicebat:
1405 2047 1564 2103 Conuertisti
1576 2047 1718 2120 planetum
1728 2063 1819 2104 meum

993 2140 1024 2195 ia
1046 2137 1178 2210 paediam
1203 2137 1283 2205 irriti,
1298 2136 1442 2192 coneidisti
1464 2152 1572 2192 soccum
1596 2153 1696 2206 mam,
1713 2145 1740 2192 ct
1756 2139 1818 2192 cir-

992 2227 1154 2285 cueatedistt
1175 2243 1218 2283 nea
1242 2227 1403 2283 tratactu
1426 2231 1516 2280 raam
1530 2226 1582 2281 tihi
1600 2226 1691 2298 aterio
1705 2242 1777 2292 mea,
1792 2229 1820 2282 et

992 2334 1047 2374 nora
1077 2331 1253 2387 corripuitque,
1278 2315 1391 2371 Domine
1422 2317 1493 2370 Deua
1515 2329 1601 2382 amus,
1627 2315 1657 2370 in
1683 2322 1820 2372 aternam

111 2400 206 2457 cedat.
224 2402 327 2462 Arnen.

425 2491 547 2547 SDltMO
567 2492 626 2548 t'll.

319 2596 353 2634 oa
373 2597 467 2635 annau
488 2598 732 2638 aasuaaacrrona.

149 2667 440 2735 llodic,dilectissinri
455 2670 703 2737 fratrea,‘Domino
719 2673 938 2729 nostroChriato

110 2763 285 2831 resurgente
301 2763 387 2830 atque
410 2758 445 2814 de
461 2760 581 2815 subacto
597 2762 782 2817 tenebrarum
809 2762 939 2834 principe

112 2846 299 2919 triumphum
315 2846 441 2902 victorin»
456 2849 606 2916 referente,
623 2867 689 2922 spes
710 2851 939 2907 immortalitatis
992 2853 1080 2910 laudo
1096 2856 1125 2907 et
1138 2850 1267 2924 glorifico
1282 2853 1321 2904 te.
1335 2849 1370 2903 ut
1385 2850 1504 2903 sanctus
1518 2844 1548 2903 in
1563 2846 1712 2904 Psalmis:
1730 2847 1819 2919 Confi-

113 2936 228 2994 muudo
244 2937 356 2991 reddita
369 2941 454 3003 estet
469 2939 547 3008 quod
563 2939 707 2995 saeculis
722 2940 940 2997 difficileincre-
994 2943 1092 2999 martini
1102 2941 1227 3005 Domino,
1244 2939 1374 3010 precntum
1390 2937 1484 2993 hones.
1498 2937 1592 3008 Hujus
1606 2935 1820 2993 inaestimabilis

113 3023 377 3099 dnlisaeperddis
404 3026 831 3102 impossibilevidebatur,ope
852 3034 940 3101 atque
995 3029 1145 3097 bonitatis,
1174 3027 1317 3084 Dominus
1346 3026 1433 3081 Jesus
1465 3024 1599 3081 Christus
1629 3023 1764 3081 minister
1792 3029 1821 3081 et

113 3113 939 3187 divinamiserationeinplenamsecuritatemcourersum
955 3099 977 3166 C
995 3121 1089 3188 testis,
1106 3117 1226 3192 largitor
1246 3119 1274 3173 et
1298 3117 1476 3171 monstrator
1499 3114 1593 3170 sactus
1614 3117 1669 3170 est.
1686 3113 1820 3170 Minister

113 3202 206 3261 estin
218 3202 347 3259 letitiam
363 3206 942 3281 mentesredeantquoniamtempestato
997 3207 1153 3274 nascendo,
1178 3205 1262 3262 testis
1292 3203 1454 3270 moriendo,
1480 3201 1600 3276 largitor
1627 3202 1817 3276 resurgendo,

112 3291 243 3350 exitialis
257 3310 399 3365 pressurae
415 3310 448 3349 ac
463 3296 539 3350 nube
561 3295 695 3352 discussa
707 3297 844 3354 caritatis
869 3298 941 3353 anti·
995 3301 1173 3355 monstrator
1187 3293 1380 3351 ascendendo.
1397 3292 1448 3347 list
1461 3290 1540 3348 enim
1560 3289 1669 3347 summi
1684 3294 1713 3347 et
1732 3294 1817 3346 ster·

115 3381 395 3456 qua,tranquillitaa
411 3387 522 3439 aterna
539 3384 645 3455 qnietis
661 3390 687 3440 ct
699 3385 840 3442 serenitas
851 3386 941 3442 divini
996 3389 1026 3444 ni
1041 3387 1120 3453 boni,
1137 3385 1215 3458 quod
1239 3384 1317 3439 idem
1342 3382 1404 3453 ipse
1426 3385 1481 3447 eat,
1501 3378 1636 3436 minister
1657 3396 1724 3437 cum
1749 3396 1817 3436 nas·

114 3470 241 3528 luminis
255 3470 436 3527 effulserunt.
450 3473 555 3528 Danda}
571 3473 628 3530 Deo
644 3474 787 3540 laudes,et
803 3475 944 3531 beneficia
996 3477 1082 3542 citur,
1098 3474 1183 3530 testis
1199 3474 1269 3528 dum
1294 3471 1415 3544 patitur,
1432 3469 1553 3543 largitor
1577 3485 1645 3525 cum
1668 3469 1704 3525 de
1728 3472 1821 3526 morte

116 3562 182 3634 ejus
198 3577 231 3616 ae
247 3577 369 3616 inunera
385 3566 443 3617 tam
460 3562 628 3635 grandia,ut
642 3564 798 3634 grandiora
812 3581 942 3621 essenon
998 3565 1157 3628 reducitur,
1175 3565 1353 3618 monstrator
1367 3577 1432 3615 cum
1449 3559 1479 3614 in
1494 3559 1643 3614 dexteram
1659 3558 1752 3615 Patris
1773 3575 1823 3615 as·

115 3650 245 3724 possint,
262 3638 328 3705 cum
344 3650 504 3722 gratiarum
529 3653 643 3709 actione
667 3652 839 3710 celebranda
863 3660 943 3711 suut.
998 3654 1140 3713 sumitur.
1232 3682 1235 3687 ·

115 3739 178 3796 Nos
193 3739 312 3806 etenim,
325 3738 438 3806 tratres,
452 3739 501 3812 qui
517 3741 609 3797 Deum
623 3742 708 3797 corde
721 3745 792 3814 toto,
803 3747 832 3799 et
847 3745 946 3800 anima
1034 3743 1099 3800 Hac
1115 3746 1185 3798 sunt
1200 3744 1325 3813 quatuor
1340 3737 1479 3812 specialia
1501 3736 1593 3792 divini
1620 3736 1752 3793 muueris
1763 3736 1825 3792 be-

992 2405 1141 2478 confitehor
1152 2406 1214 2461 tibi.
1229 2405 1287 2460 Hoc
1303 2402 1394 2477 igitur
1408 2419 1503 2476 genus
1517 2402 1711 2461 consessionis
1724 2403 1818 2478 magis

993 2497 1027 2553 ad
1047 2495 1245 2569 praedicandas
1260 2493 1386 2566 pertinet
1401 2490 1618 2549 misericordias
1632 2492 1748 2550 Domini
1760 2491 1820 2549 Sal·

992 2585 1101 2642 vetoris
1117 2601 1206 2657 quam
1222 2584 1258 2638 ad
1274 2582 1452 2655 detegendas
1468 2581 1602 2639 miserias
1617 2581 1746 2639 hominis
1756 2597 1820 2654 pec·

993 2674 1191 2742 catoris,sicut
1204 2672 1280 2728 idem
1298 2671 1431 2728 Salvator
1447 2671 1476 2726 in
1490 2670 1646 2743 Evangelio
1661 2670 1819 2727 ostendens

993 2764 1088 2821 dicit:
1114 2763 1247 2834 Confiteor
1271 2761 1332 2826 tibi,
1355 2762 1439 2816 Pater
1460 2760 1523 2815 oreti
1542 2763 1569 2815 et
1595 2763 1685 2828 terrae,
1708 2756 1738 2813 id
1763 2763 1818 2827 est,

117 3833 148 3885 et
169 3827 278 3883 virtute
302 3827 421 3901 diligero
446 3829 596 3897 dehemus,
618 3848 736 3887 necesse
760 3837 805 3888 est
827 3833 946 3889 benedi·
1000 3831 1117 3900 assicia,
1132 3848 1166 3888 ex
1180 3829 1318 3887 omnibus
1338 3826 1499 3883 Dominicis
1523 3824 1673 3883 beneflciis
1697 3827 1827 3898 excepta,

116 3917 232 3974 ctiones
247 3916 312 3987 ejus
327 3920 355 3972 et
370 3916 472 3974 laudes
487 3935 603 3990 semper
613 3924 642 3976 et
656 3920 763 3992 ubique
778 3937 845 3976 cum
855 3920 949 3993 gloria
1001 3927 1030 3981 et
1049 3940 1101 3995 por
1125 3924 1253 3993 quatuor
1280 3915 1503 3988 Evangeliornm
1530 3915 1631 3984 libros,
1648 3918 1676 3972 et
1702 3919 1829 3988 quatuor
1911 3981 1916 3987 ¹

116 4004 322 4080 praedicemus.
338 4006 394 4061 Sed
411 4023 490 4062 nune
507 4007 601 4080 magis
616 4024 648 4062 ao
662 4010 755 4081 magis
772 4009 833 4065 lieri
848 4027 949 4065 conve·
1001 4009 1184 4083 evangelicos
1196 4007 1283 4073 viros,
1300 4022 1352 4077 per
1366 4008 1494 4076 quatuor
1510 4003 1614 4059 mundi
1634 4003 1740 4076 spatia,
1757 4003 1827 4058 fide·

117 4094 163 4151 nit
178 4095 249 4167 quia
264 4099 416 4166 exoptatus
433 4096 505 4153 votis
524 4098 656 4153 omnium
673 4099 805 4156 fidelium
822 4100 884 4156 dies
900 4101 949 4155 ad·
1002 4101 1082 4156 libus
1096 4102 1167 4154 sunt
1181 4099 1318 4152 reserata.
1336 4092 1400 4148 Hae
1416 4109 1484 4148 curn
1500 4090 1622 4147 fideliter
1637 4089 1784 4146 credimus
1801 4092 1830 4146 et

116 4185 241 4251 renitet
255 4190 320 4256 post
334 4184 427 4257 longe
443 4186 537 4241 noctis
548 4186 718 4243 horribilem
730 4194 869 4261 terraeque
879 4189 949 4245 cali·
1004 4187 1127 4245 firmiter
1142 4185 1313 4249 retinemus,
1328 4185 1356 4237 et
1371 4181 1460 4252 digna
1474 4197 1526 4253 pro
1543 4195 1629 4253 posse
1643 4177 1829 4235 creueratione

118 4273 221 4348 ginem
242 4274 358 4330 Domini
374 4274 437 4330 luce
452 4275 582 4331 radiatus
598 4278 728 4333 mundus
738 4277 837 4333 eluxit.
854 4279 949 4350 lIujua
1004 4274 1172 4342 recolimus,
1189 4271 1328 4346 quoniam
1344 4286 1378 4325 ex
1392 4269 1439 4326 his
1456 4268 1581 4325 maxime
1592 4264 1708 4323 Domini
1718 4265 1831 4322 bonita-

118 4363 201 4420 enim
217 4360 349 4430 lumime,
362 4368 507 4436 perpetua*
524 4364 658 4422 videlicet
674 4365 826 4435 claritatis,
843 4369 948 4423 adven·
1004 4370 1064 4423 tem
1076 4353 1830 4437 cognoscimus‚conscquensestut,sicutstidicus

120 4455 186 4508 tum
210 4451 363 4525 ipsiusque
378 4454 520 4509 adventus
536 4459 726 4511 sacrosancta
751 4457 898 4529 mysteria,
915 4458 952 4512 ab
966 4468 990 4534 ῃ
1007 4472 1103 4513 sermo
1120 4470 1174 4508 nos
1189 4447 1502 4514 admonet,laciamus:
1519 4444 1694 4517 Confitemini
1704 4443 1829 4501 Domino.

118 4539 186 4613 ipso
203 4541 305 4595 mnndi
324 4541 466 4613 principio
485 4541 673 4615 antiquorum
691 4544 811 4601 Petrum
836 4545 951 4602 actibus
1004 4545 1136 4618 quosaam
1159 4538 1406 4612 haereseorumve
1429 4539 1460 4592 to
1482 4543 1618 4594 eternum
1642 4531 1833 4590 mesericordia

120 4627 308 4701 presignato,
321 4647 354 4685 ac
368 4629 582 4703 multiplicibus
597 4632 743 4689 vaticiniis
757 4639 892 4706 perorata
907 4651 952 4690 ve·
1006 4630 1208 4706 ajaalttundus
1223 4627 1369 4701 sanguine
1384 4625 1491 4682 Christi
1505 4626 1564 4682 Deo
1578 4622 1656 4682 Patri
1667 4619 1834 4680 reconcilia·

122 4716 224 4790 risque
234 4719 469 4776 attestationibus
479 4720 951 4794 promissaeodemquelumioein
1005 4717 1197 4788 tna,Dcalesia
1211 4715 1345 4773 videlicet
1362 4714 1505 4772 catholica
1516 4732 1568 4788 per
1579 4717 1676 4783 totum
1687 4709 1833 4786 mundum

122 4803 244 4862 homine
262 4812 420 4880 apparente
444 4809 583 4877 exhibita,
601 4811 678 4866 sicut
700 4828 754 4867 nos
778 4812 902 4869 colimus
924 4817 952 4868 et
1006 4810 1124 4876 diffusa,
1141 4807 1171 4864 in
1188 4805 1328 4862 seculum
1345 4803 1577 4860 misericordiam
1598 4802 1662 4872 ejus
1684 4796 1833 4872 praeiret,

122 4897 259 4951 tenemus
274 4895 304 4950 in
322 4914 351 4952 rc
367 4913 443 4963 vera,
457 4898 497 4953 ita
512 4902 540 4954 et
564 4899 678 4972 antiqui
692 4901 793 4956 Patres
818 4900 953 4957 colebant
1005 4902 1077 4957 dum
1093 4899 1128 4954 ab
1145 4892 1342 4968 hujussaculi
1352 4891 1478 4948 miseriis
1486 4891 1619 4962 ejusdem
1628 4883 1833 4944 misericordia

120 4982 151 5039 in
167 5000 221 5055 spe
235 4990 322 5041 certa.
340 4986 382 5041 lta
397 4987 475 5042 enim
492 4988 521 5043 in
537 5005 588 5060 spe
604 4993 692 5058 certa,
706 4994 738 5044 ut
752 4989 841 5046 etiarn
854 4992 889 5046 de
904 4989 951 5047 bis
1007 5004 1129 5046 munere
1144 5003 1175 5042 se
1189 5001 1275 5058 posse
1289 4982 1406 5039 libcrari
1423 4997 1481 5037 non
1494 4978 1618 5036 dubitat.
1644 4973 1760 5033 Domini
1776 4970 1833 5028 mi·

122 5088 187 5145 qnae
204 5074 398 5132 credebantet
413 5077 763 5150 praedicabantquadam
780 5079 856 5135 sieut
870 5083 953 5135 erant
1007 5074 1195 5135 sericordiam
1213 5074 1242 5128 in
1254 5062 1834 5141 aternumomniumplenitudofidelium

122 5165 247 5218 ventura
262 5163 827 5240 nuntiabunt‚quaedamjarnpercepisse
838 5168 954 5242 sibique
1007 5164 1155 5240 predicat,
1171 5163 1242 5218 dum
1266 5177 1318 5233 per
1342 5158 1449 5215 Christi
1473 5155 1726 5222 resurrectionem,
1742 5169 1833 5227 quam

120 5249 183 5321 jam
200 5251 354 5308 advenisse
378 5256 556 5326 gaudebant.
580 5256 681 5311 Nonne
702 5257 765 5328 jam
787 5257 955 5330 patriarcba
1008 5253 1094 5311 hodie
1111 5249 1252 5325 singulari
1277 5247 1462 5304 veneratione
1486 5245 1672 5304 devotissime
1696 5242 1834 5309 celebrat,

124 5336 215 5393 David
234 5338 323 5412 hujus
337 5342 394 5397 diei
411 5342 540 5398 laetitiam
558 5349 729 5416 praesentem
742 5346 885 5402 sebabere
896 5364 955 5404 cre·
1009 5343 1044 5400 ad
1075 5340 1198 5415 glorium
1227 5344 1354 5393 ventura
1385 5335 1609 5393 resurrectionis
1637 5339 1667 5390 et
1694 5330 1835 5406 gaudium

125 5426 214 5483 debat
229 5430 280 5500 qui
296 5430 412 5487 dicebat
428 5452 434 5488 ε
451 5435 514 5489 lime
527 5442 565 5488 act
580 5434 637 5490 dies
648 5437 953 5506 qrrarnsecitttominas,
1010 5437 1120 5489 aterna
1136 5426 1328 5484 beatitudinis
1344 5425 1495 5499 pervenire
1511 5426 1574 5482 sine
1590 5423 1679 5480 dubio
1695 5420 1839 5497 sperat,et

126 5517 301 5576 exsutamus
318 5529 342 5577 et
359 5521 528 5596 lactearurja
540 5523 592 5580 eo?
1011 5519 1084 5578 facie
1101 5517 1255 5574 adfaciem
1272 5514 1395 5589 gloriam
1408 5516 1506 5573 videre
1520 5515 1568 5572 sui
1578 5507 1839 5585 Redemptorisho-
