<?xml version="1.0" encoding="UTF-8"?>
<!DOCTYPE html PUBLIC "-//W3C//DTD XHTML 1.0 Transitional//EN"
    "http://www.w3.org/TR/xhtml1/DTD/xhtml1-transitional.dtd">
<html xmlns="http://www.w3.org/1999/xhtml" xml:lang="en" lang="en">
 <head>
  <title>
</title>
<meta http-equiv="Content-Type" content="text/html;charset=utf-8" />
  <meta name='ocr-system' content='tesseract 3.04.00' />
  <meta name='ocr-capabilities' content='ocr_page ocr_carea ocr_par ocr_line ocrx_word'/>
</head>
<body>
  <div class='ocr_page' id='page_1' title='image "./patrologiaecurs64unkngoog_0430.png"; bbox 0 0 3884 6084; ppageno 0'>
   <div class='ocr_carea' id='block_1_1' title="bbox 102 218 1821 292">
    <p class='ocr_par' dir='ltr' id='par_1_1' title="bbox 102 218 1821 292">
     <span class='ocr_line' id='line_1_1' title="bbox 102 218 1821 292; baseline -0.001 -4"><span class='ocrx_word' id='word_1_1' title='bbox 102 222 170 289; x_wconf 75' lang='grc'>-855</span> <span class='ocrx_word' id='word_1_2' title='bbox 573 224 606 290; x_wconf 85' lang='lat' dir='ltr'>S.</span> <span class='ocrx_word' id='word_1_3' title='bbox 629 224 809 289; x_wconf 86' lang='lat' dir='ltr'>ODlLONlS</span> <span class='ocrx_word' id='word_1_4' title='bbox 833 218 1112 287; x_wconf 77' lang='lat' dir='ltr'>ctuultceusts</span> <span class='ocrx_word' id='word_1_5' title='bbox 1134 224 1301 288; x_wconf 71' lang='lat' dir='ltr'>abeatis</span> <span class='ocrx_word' id='word_1_6' title='bbox 1323 224 1363 292; x_wconf 79' lang='lat' dir='ltr'>V.</span> <span class='ocrx_word' id='word_1_7' title='bbox 1762 218 1821 287; x_wconf 63' lang='lat' dir='ltr'>m</span> 
     </span>
    </p>
   </div>
   <div class='ocr_carea' id='block_1_2' title="bbox 39 348 1822 2386">
    <p class='ocr_par' dir='ltr' id='par_1_2' title="bbox 39 348 1822 2386">
     <span class='ocr_line' id='line_1_2' title="bbox 111 348 1822 433; baseline -0.005 -13"><span class='ocrx_word' id='word_1_8' title='bbox 111 357 238 420; x_wconf 78' lang='lat' dir='ltr'>ddeteidc</span> <span class='ocrx_word' id='word_1_9' title='bbox 251 356 340 416; x_wconf 81' lang='lat' dir='ltr'>nobili</span> <span class='ocrx_word' id='word_1_10' title='bbox 352 356 459 432; x_wconf 76' lang='lat' dir='ltr'>semino</span> <span class='ocrx_word' id='word_1_11' title='bbox 473 355 618 426; x_wconf 83' lang='lat' dir='ltr'>hebebant,</span> <span class='ocrx_word' id='word_1_12' title='bbox 640 355 760 414; x_wconf 89' lang='lat' dir='ltr'>deterre</span> <span class='ocrx_word' id='word_1_13' title='bbox 784 373 867 432; x_wconf 79' lang='lat' dir='ltr'>quam</span> <span class='ocrx_word' id='word_1_14' title='bbox 881 356 939 412; x_wconf 79' lang='lat' dir='ltr'>da·</span> <span class='ocrx_word' id='word_1_15' title='bbox 954 354 977 422; x_wconf 88' lang='grc' dir='ltr'>Α</span> <span class='ocrx_word' id='word_1_16' title='bbox 995 354 1119 425; x_wconf 82' lang='lat' dir='ltr'>gratiam</span> <span class='ocrx_word' id='word_1_17' title='bbox 1136 374 1188 431; x_wconf 91' lang='lat' dir='ltr'>pro</span> <span class='ocrx_word' id='word_1_18' title='bbox 1205 358 1299 433; x_wconf 89' lang='lat' dir='ltr'>gratia</span> <span class='ocrx_word' id='word_1_19' title='bbox 1313 356 1454 415; x_wconf 83' lang='lat' dir='ltr'>duximus</span> <span class='ocrx_word' id='word_1_20' title='bbox 1477 354 1572 415; x_wconf 90' lang='lat' dir='ltr'>eidem</span> <span class='ocrx_word' id='word_1_21' title='bbox 1588 352 1724 421; x_wconf 77' lang='lat' dir='ltr'>reddere,</span> <span class='ocrx_word' id='word_1_22' title='bbox 1748 348 1822 415; x_wconf 74' lang='lat' dir='ltr'>stau</span> 
     </span>
     <span class='ocr_line' id='line_1_3' title="bbox 112 443 1820 523; baseline -0.002 -16"><span class='ocrx_word' id='word_1_23' title='bbox 112 450 210 507; x_wconf 80' lang='lat' dir='ltr'>tetmus</span> <span class='ocrx_word' id='word_1_24' title='bbox 238 450 326 520; x_wconf 76' lang='lat' dir='ltr'>freter</span> <span class='ocrx_word' id='word_1_25' title='bbox 351 449 409 519; x_wconf 74' lang='lat' dir='ltr'>ejus</span> <span class='ocrx_word' id='word_1_26' title='bbox 436 447 547 504; x_wconf 82' lang='lat' dir='ltr'>dederet</span> <span class='ocrx_word' id='word_1_27' title='bbox 573 451 613 504; x_wconf 82' lang='lat' dir='ltr'>cis</span> <span class='ocrx_word' id='word_1_28' title='bbox 629 449 657 503; x_wconf 85' lang='lat' dir='ltr'>in</span> <span class='ocrx_word' id='word_1_29' title='bbox 672 463 740 519; x_wconf 76' lang='lat' dir='ltr'>pepo</span> <span class='ocrx_word' id='word_1_30' title='bbox 768 445 937 518; x_wconf 76' lang='lat' dir='ltr'>Arepnstodu-</span> <span class='ocrx_word' id='word_1_31' title='bbox 991 443 1053 519; x_wconf 89' lang='lat' dir='ltr'>ipse</span> <span class='ocrx_word' id='word_1_32' title='bbox 1069 446 1182 503; x_wconf 90' lang='lat' dir='ltr'>studuit</span> <span class='ocrx_word' id='word_1_33' title='bbox 1191 447 1490 523; x_wconf 83' lang='lat' dir='ltr'>humiliterquarerc,</span> <span class='ocrx_word' id='word_1_34' title='bbox 1499 462 1611 521; x_wconf 82' lang='lat' dir='ltr'>rogans</span> <span class='ocrx_word' id='word_1_35' title='bbox 1623 448 1655 503; x_wconf 89' lang='lat' dir='ltr'>ct</span> <span class='ocrx_word' id='word_1_36' title='bbox 1665 445 1820 505; x_wconf 73' lang='lat' dir='ltr'>obsecrari</span> 
     </span>
     <span class='ocr_line' id='line_1_4' title="bbox 111 534 1816 609; baseline -0.002 -15"><span class='ocrx_word' id='word_1_37' title='bbox 111 539 203 604; x_wconf 79' lang='lat' dir='ltr'>aeusi,</span> <span class='ocrx_word' id='word_1_38' title='bbox 215 539 246 592; x_wconf 82' lang='lat' dir='ltr'>in</span> <span class='ocrx_word' id='word_1_39' title='bbox 260 537 328 593; x_wconf 71' lang='lat' dir='ltr'>crille</span> <span class='ocrx_word' id='word_1_40' title='bbox 342 536 549 603; x_wconf 80' lang='lat' dir='ltr'>Fontiaettules,</span> <span class='ocrx_word' id='word_1_41' title='bbox 564 534 937 609; x_wconf 83' lang='lat' dir='ltr'>componere,etc.Subscri-</span> <span class='ocrx_word' id='word_1_42' title='bbox 992 539 1025 590; x_wconf 91' lang='lat' dir='ltr'>ut</span> <span class='ocrx_word' id='word_1_43' title='bbox 1038 535 1255 609; x_wconf 81' lang='lat' dir='ltr'><strong>susciperemus</strong></span> <span class='ocrx_word' id='word_1_44' title='bbox 1270 554 1336 593; x_wconf 90' lang='lat' dir='ltr'>eum</span> <span class='ocrx_word' id='word_1_45' title='bbox 1360 537 1389 592; x_wconf 93' lang='lat' dir='ltr'>in</span> <span class='ocrx_word' id='word_1_46' title='bbox 1405 535 1544 593; x_wconf 86' lang='lat' dir='ltr'>societate</span> <span class='ocrx_word' id='word_1_47' title='bbox 1559 535 1687 591; x_wconf 82' lang='lat' dir='ltr'>fratrum</span> <span class='ocrx_word' id='word_1_48' title='bbox 1711 536 1816 591; x_wconf 69' lang='lat' dir='ltr'>nadre</span> 
     </span>
     <span class='ocr_line' id='line_1_5' title="bbox 111 622 1815 700; baseline 0 -17"><span class='ocrx_word' id='word_1_49' title='bbox 111 630 233 700; x_wconf 77' lang='lat' dir='ltr'>pserunt</span> <span class='ocrx_word' id='word_1_50' title='bbox 243 625 417 694; x_wconf 86' lang='lat' dir='ltr'>Rainaldus,</span> <span class='ocrx_word' id='word_1_51' title='bbox 428 625 564 681; x_wconf 88' lang='lat' dir='ltr'>Landrici</span> <span class='ocrx_word' id='word_1_52' title='bbox 576 625 691 680; x_wconf 90' lang='lat' dir='ltr'>comitis</span> <span class='ocrx_word' id='word_1_53' title='bbox 704 624 795 689; x_wconf 82' lang='lat' dir='ltr'>filius,</span> <span class='ocrx_word' id='word_1_54' title='bbox 806 622 937 679; x_wconf 86' lang='lat' dir='ltr'>Gauziri·</span> <span class='ocrx_word' id='word_1_55' title='bbox 992 641 1068 691; x_wconf 89' lang='lat' dir='ltr'>rum,</span> <span class='ocrx_word' id='word_1_56' title='bbox 1086 629 1115 680; x_wconf 88' lang='lat' dir='ltr'>ct</span> <span class='ocrx_word' id='word_1_57' title='bbox 1129 630 1242 697; x_wconf 90' lang='lat' dir='ltr'>patrem</span> <span class='ocrx_word' id='word_1_58' title='bbox 1258 626 1322 697; x_wconf 87' lang='lat' dir='ltr'>ejus</span> <span class='ocrx_word' id='word_1_59' title='bbox 1338 630 1367 681; x_wconf 89' lang='lat' dir='ltr'>ct</span> <span class='ocrx_word' id='word_1_60' title='bbox 1381 630 1505 682; x_wconf 87' lang='lat' dir='ltr'>matrem</span> <span class='ocrx_word' id='word_1_61' title='bbox 1522 627 1551 681; x_wconf 91' lang='lat' dir='ltr'>ct</span> <span class='ocrx_word' id='word_1_62' title='bbox 1570 624 1688 685; x_wconf 84' lang='lat' dir='ltr'>iratres,</span> <span class='ocrx_word' id='word_1_63' title='bbox 1706 636 1815 683; x_wconf 64' lang='lat' dir='ltr'>eonem</span> 
     </span>
     <span class='ocr_line' id='line_1_6' title="bbox 112 709 1814 786; baseline -0.003 -14"><span class='ocrx_word' id='word_1_64' title='bbox 112 713 379 773; x_wconf 87' lang='lat' dir='ltr'>duavirAdeleidis</span> <span class='ocrx_word' id='word_1_65' title='bbox 394 714 502 786; x_wconf 87' lang='lat' dir='ltr'>atejus</span> <span class='ocrx_word' id='word_1_66' title='bbox 518 713 570 769; x_wconf 87' lang='lat' dir='ltr'>lilii</span> <span class='ocrx_word' id='word_1_67' title='bbox 585 713 776 781; x_wconf 83' lang='lat' dir='ltr'>Gauzt&#39;redus,</span> <span class='ocrx_word' id='word_1_68' title='bbox 793 713 937 769; x_wconf 79' lang='lat' dir='ltr'>liebertus</span> <span class='ocrx_word' id='word_1_69' title='bbox 991 730 1048 786; x_wconf 90' lang='lat' dir='ltr'>qua</span> <span class='ocrx_word' id='word_1_70' title='bbox 1064 718 1208 786; x_wconf 86' lang='lat' dir='ltr'>parentes.</span> <span class='ocrx_word' id='word_1_71' title='bbox 1226 716 1284 770; x_wconf 85' lang='lat' dir='ltr'>Nos</span> <span class='ocrx_word' id='word_1_72' title='bbox 1305 732 1382 782; x_wconf 82' lang='lat' dir='ltr'>vero,</span> <span class='ocrx_word' id='word_1_73' title='bbox 1398 715 1435 770; x_wconf 88' lang='lat' dir='ltr'>ad</span> <span class='ocrx_word' id='word_1_74' title='bbox 1460 717 1559 771; x_wconf 81' lang='lat' dir='ltr'>votum</span> <span class='ocrx_word' id='word_1_75' title='bbox 1576 714 1642 785; x_wconf 84' lang='lat' dir='ltr'>ejus</span> <span class='ocrx_word' id='word_1_76' title='bbox 1658 714 1690 768; x_wconf 90' lang='lat' dir='ltr'>et</span> <span class='ocrx_word' id='word_1_77' title='bbox 1710 709 1814 767; x_wconf 84' lang='lat' dir='ltr'>deside·</span> 
     </span>
     <span class='ocr_line' id='line_1_7' title="bbox 39 800 1814 870; baseline -0.002 -8"><span class='ocrx_word' id='word_1_78' title='bbox 39 814 42 819; x_wconf 83' lang='lat'><em>&#39;</em></span> <span class='ocrx_word' id='word_1_79' title='bbox 112 802 510 870; x_wconf 83' lang='lat' dir='ltr'>etWalterius;etAdeleidis</span> <span class='ocrx_word' id='word_1_80' title='bbox 522 801 935 870; x_wconf 86' lang='lat' dir='ltr'>filiiGirbnldus,0btrannus,</span> <span class='ocrx_word' id='word_1_81' title='bbox 992 801 1068 858; x_wconf 89' lang='lat' dir='ltr'>rium</span> <span class='ocrx_word' id='word_1_82' title='bbox 1084 804 1278 870; x_wconf 87' lang='lat' dir='ltr'>attendentes,</span> <span class='ocrx_word' id='word_1_83' title='bbox 1296 821 1346 860; x_wconf 88' lang='lat' dir='ltr'>eos</span> <span class='ocrx_word' id='word_1_84' title='bbox 1361 804 1390 859; x_wconf 91' lang='lat' dir='ltr'>in</span> <span class='ocrx_word' id='word_1_85' title='bbox 1407 808 1509 860; x_wconf 87' lang='lat' dir='ltr'>nostra</span> <span class='ocrx_word' id='word_1_86' title='bbox 1523 802 1667 858; x_wconf 86' lang='lat' dir='ltr'>societate</span> <span class='ocrx_word' id='word_1_87' title='bbox 1680 800 1814 859; x_wconf 79' lang='lat' dir='ltr'>etiralcr·</span> 
     </span>
     <span class='ocr_line' id='line_1_8' title="bbox 113 890 1813 965; baseline -0.002 -16"><span class='ocrx_word' id='word_1_88' title='bbox 113 894 303 958; x_wconf 85' lang='lat' dir='ltr'>Gauzlredus,</span> <span class='ocrx_word' id='word_1_89' title='bbox 319 892 392 965; x_wconf 83' lang='lat' dir='ltr'>Ugo,</span> <span class='ocrx_word' id='word_1_90' title='bbox 407 894 472 947; x_wconf 92' lang='lat' dir='ltr'>tum</span> <span class='ocrx_word' id='word_1_91' title='bbox 488 890 618 947; x_wconf 83' lang='lat' dir='ltr'>Hotewis</span> <span class='ocrx_word' id='word_1_92' title='bbox 634 890 791 946; x_wconf 87' lang='lat' dir='ltr'>comitissa.</span> <span class='ocrx_word' id='word_1_93' title='bbox 992 892 1081 947; x_wconf 88' lang='lat' dir='ltr'>nitate</span> <span class='ocrx_word' id='word_1_94' title='bbox 1095 891 1290 964; x_wconf 79' lang='lat' dir='ltr'>suscepimus,</span> <span class='ocrx_word' id='word_1_95' title='bbox 1307 897 1452 965; x_wconf 86' lang='lat' dir='ltr'>optantes,</span> <span class='ocrx_word' id='word_1_96' title='bbox 1466 894 1585 947; x_wconf 86' lang='lat' dir='ltr'>orantes</span> <span class='ocrx_word' id='word_1_97' title='bbox 1593 895 1623 945; x_wconf 93' lang='lat' dir='ltr'>et</span> <span class='ocrx_word' id='word_1_98' title='bbox 1632 890 1813 951; x_wconf 79' lang='lat' dir='ltr'>obsecrantes</span> 
     </span>
     <span class='ocr_line' id='line_1_9' title="bbox 149 978 1811 1055; baseline -0.001 -17"><span class='ocrx_word' id='word_1_99' title='bbox 149 981 194 1038; x_wconf 86' lang='grc'>69.</span> <span class='ocrx_word' id='word_1_100' title='bbox 210 981 361 1038; x_wconf 78' lang='lat' dir='ltr'>Habentur</span> <span class='ocrx_word' id='word_1_101' title='bbox 383 980 411 1036; x_wconf 94' lang='lat' dir='ltr'>in</span> <span class='ocrx_word' id='word_1_102' title='bbox 442 979 587 1036; x_wconf 87' lang='lat' dir='ltr'>chartario</span> <span class='ocrx_word' id='word_1_103' title='bbox 615 979 831 1048; x_wconf 78' lang='lat' dir='ltr'>Celsiniaccnai,</span> <span class='ocrx_word' id='word_1_104' title='bbox 858 980 935 1052; x_wconf 92' lang='lat' dir='ltr'>quod</span> <span class='ocrx_word' id='word_1_105' title='bbox 992 980 1068 1037; x_wconf 91' lang='lat' dir='ltr'>utin</span> <span class='ocrx_word' id='word_1_106' title='bbox 1083 981 1221 1036; x_wconf 90' lang='lat' dir='ltr'>omnibus</span> <span class='ocrx_word' id='word_1_107' title='bbox 1236 999 1300 1055; x_wconf 79' lang='lat' dir='ltr'>que</span> <span class='ocrx_word' id='word_1_108' title='bbox 1315 979 1452 1055; x_wconf 83' lang='lat' dir='ltr'>agereret</span> <span class='ocrx_word' id='word_1_109' title='bbox 1468 980 1564 1037; x_wconf 89' lang='lat' dir='ltr'>dicere</span> <span class='ocrx_word' id='word_1_110' title='bbox 1575 978 1811 1053; x_wconf 85' lang='lat' dir='ltr'>potuerimusnes</span> 
     </span>
     <span class='ocr_line' id='line_1_10' title="bbox 115 1067 1810 1146; baseline -0.002 -18"><span class='ocrx_word' id='word_1_111' title='bbox 115 1089 173 1146; x_wconf 80' lang='lat' dir='ltr'>pre</span> <span class='ocrx_word' id='word_1_112' title='bbox 189 1070 511 1138; x_wconf 86' lang='lat' dir='ltr'>menibushabuimus,</span> <span class='ocrx_word' id='word_1_113' title='bbox 532 1068 696 1141; x_wconf 73' lang='lat' dir='ltr'>complures</span> <span class='ocrx_word' id='word_1_114' title='bbox 719 1070 826 1124; x_wconf 76' lang='lat' dir='ltr'>chartae</span> <span class='ocrx_word' id='word_1_115' title='bbox 850 1070 937 1125; x_wconf 90' lang='lat' dir='ltr'>dona·</span> <span class='ocrx_word' id='word_1_116' title='bbox 992 1074 1020 1126; x_wconf 90' lang='lat' dir='ltr'>et</span> <span class='ocrx_word' id='word_1_117' title='bbox 1048 1068 1144 1124; x_wconf 87' lang='lat' dir='ltr'>ornnis</span> <span class='ocrx_word' id='word_1_118' title='bbox 1174 1074 1275 1126; x_wconf 87' lang='lat' dir='ltr'>nostra</span> <span class='ocrx_word' id='word_1_119' title='bbox 1304 1069 1482 1138; x_wconf 75' lang='lat' dir='ltr'>fraternitas,</span> <span class='ocrx_word' id='word_1_120' title='bbox 1513 1068 1713 1124; x_wconf 71' lang='lat' dir='ltr'>intercedente</span> <span class='ocrx_word' id='word_1_121' title='bbox 1736 1067 1810 1125; x_wconf 78' lang='lat' dir='ltr'>beate</span> 
     </span>
     <span class='ocr_line' id='line_1_11' title="bbox 114 1156 1809 1231; baseline -0.002 -14"><span class='ocrx_word' id='word_1_122' title='bbox 114 1161 229 1218; x_wconf 89' lang='lat' dir='ltr'>tionum</span> <span class='ocrx_word' id='word_1_123' title='bbox 254 1161 310 1215; x_wconf 88' lang='lat' dir='ltr'>sub</span> <span class='ocrx_word' id='word_1_124' title='bbox 335 1159 410 1215; x_wconf 88' lang='lat' dir='ltr'>beati</span> <span class='ocrx_word' id='word_1_125' title='bbox 436 1157 568 1214; x_wconf 90' lang='lat' dir='ltr'>Odilonis</span> <span class='ocrx_word' id='word_1_126' title='bbox 592 1157 732 1229; x_wconf 83' lang='lat' dir='ltr'>regimine</span> <span class='ocrx_word' id='word_1_127' title='bbox 757 1159 850 1214; x_wconf 90' lang='lat' dir='ltr'>cidem</span> <span class='ocrx_word' id='word_1_128' title='bbox 875 1159 937 1215; x_wconf 94' lang='lat' dir='ltr'>loco</span> <span class='ocrx_word' id='word_1_129' title='bbox 992 1159 1074 1215; x_wconf 89' lang='lat' dir='ltr'>Petro</span> <span class='ocrx_word' id='word_1_130' title='bbox 1090 1158 1219 1230; x_wconf 88' lang='lat' dir='ltr'>apostolo</span> <span class='ocrx_word' id='word_1_131' title='bbox 1241 1163 1269 1215; x_wconf 89' lang='lat' dir='ltr'>et</span> <span class='ocrx_word' id='word_1_132' title='bbox 1290 1159 1428 1215; x_wconf 91' lang='lat' dir='ltr'>omnibus</span> <span class='ocrx_word' id='word_1_133' title='bbox 1452 1157 1573 1219; x_wconf 84' lang='lat' dir='ltr'>sanc-tis.</span> <span class='ocrx_word' id='word_1_134' title='bbox 1600 1160 1714 1231; x_wconf 86' lang='lat' dir='ltr'>partem</span> <span class='ocrx_word' id='word_1_135' title='bbox 1736 1156 1809 1213; x_wconf 86' lang='lat' dir='ltr'>eisct</span> 
     </span>
     <span class='ocr_line' id='line_1_12' title="bbox 116 1245 1809 1321; baseline -0.003 -15"><span class='ocrx_word' id='word_1_136' title='bbox 116 1250 270 1316; x_wconf 77' lang='lat' dir='ltr'>lactarunt,</span> <span class='ocrx_word' id='word_1_137' title='bbox 285 1250 336 1305; x_wconf 90' lang='lat' dir='ltr'>sed</span> <span class='ocrx_word' id='word_1_138' title='bbox 353 1248 381 1303; x_wconf 92' lang='lat' dir='ltr'>in</span> <span class='ocrx_word' id='word_1_139' title='bbox 399 1247 506 1321; x_wconf 91' lang='lat' dir='ltr'>quibus</span> <span class='ocrx_word' id='word_1_140' title='bbox 523 1246 603 1302; x_wconf 93' lang='lat' dir='ltr'>nulla</span> <span class='ocrx_word' id='word_1_141' title='bbox 628 1247 686 1302; x_wconf 88' lang='lat' dir='ltr'>iere</span> <span class='ocrx_word' id='word_1_142' title='bbox 708 1248 833 1304; x_wconf 89' lang='lat' dir='ltr'>occurrit</span> <span class='ocrx_word' id='word_1_143' title='bbox 854 1249 936 1315; x_wconf 89' lang='lat' dir='ltr'>data;</span> <span class='ocrx_word' id='word_1_144' title='bbox 993 1247 1160 1304; x_wconf 86' lang='lat' dir='ltr'>societatem</span> <span class='ocrx_word' id='word_1_145' title='bbox 1188 1249 1328 1303; x_wconf 87' lang='lat' dir='ltr'>concedat</span> <span class='ocrx_word' id='word_1_146' title='bbox 1352 1248 1538 1320; x_wconf 90' lang='lat' dir='ltr'>omnipotens</span> <span class='ocrx_word' id='word_1_147' title='bbox 1562 1245 1718 1313; x_wconf 80' lang='lat' dir='ltr'><strong>Dominus,</strong></span> <span class='ocrx_word' id='word_1_148' title='bbox 1741 1248 1809 1301; x_wconf 87' lang='lat' dir='ltr'>utet</span> 
     </span>
     <span class='ocr_line' id='line_1_13' title="bbox 115 1334 1809 1409; baseline -0.003 -13"><span class='ocrx_word' id='word_1_149' title='bbox 115 1337 263 1396; x_wconf 76' lang='lat' dir='ltr'>nonnulla</span> <span class='ocrx_word' id='word_1_150' title='bbox 279 1355 313 1393; x_wconf 81' lang='lat' dir='ltr'>ex</span> <span class='ocrx_word' id='word_1_151' title='bbox 328 1335 375 1393; x_wconf 91' lang='lat' dir='ltr'>his</span> <span class='ocrx_word' id='word_1_152' title='bbox 387 1336 463 1392; x_wconf 87' lang='lat' dir='ltr'>hene</span> <span class='ocrx_word' id='word_1_153' title='bbox 479 1335 641 1392; x_wconf 80' lang='lat' dir='ltr'>clausulam</span> <span class='ocrx_word' id='word_1_154' title='bbox 656 1336 778 1402; x_wconf 81' lang='lat' dir='ltr'>habent3</span> <span class='ocrx_word' id='word_1_155' title='bbox 789 1337 857 1408; x_wconf 85' lang='lat' dir='ltr'>quod</span> <span class='ocrx_word' id='word_1_156' title='bbox 869 1339 938 1408; x_wconf 80' lang='lat' dir='ltr'>repi—</span> <span class='ocrx_word' id='word_1_157' title='bbox 992 1336 1064 1391; x_wconf 89' lang='lat' dir='ltr'>vivis</span> <span class='ocrx_word' id='word_1_158' title='bbox 1080 1337 1209 1409; x_wconf 91' lang='lat' dir='ltr'>spatium</span> <span class='ocrx_word' id='word_1_159' title='bbox 1236 1337 1413 1409; x_wconf 81' lang='lat' dir='ltr'>poeniieutins</span> <span class='ocrx_word' id='word_1_160' title='bbox 1437 1341 1466 1392; x_wconf 88' lang='lat' dir='ltr'>ct</span> <span class='ocrx_word' id='word_1_161' title='bbox 1480 1334 1697 1409; x_wconf 69' lang='lat' dir='ltr'>indulgentiam</span> <span class='ocrx_word' id='word_1_162' title='bbox 1721 1350 1809 1407; x_wconf 79' lang='lat' dir='ltr'>peeca-</span> 
     </span>
     <span class='ocr_line' id='line_1_14' title="bbox 114 1423 1805 1497; baseline -0.003 -13"><span class='ocrx_word' id='word_1_163' title='bbox 114 1435 161 1484; x_wconf 82' lang='lat' dir='ltr'>tur</span> <span class='ocrx_word' id='word_1_164' title='bbox 163 1468 228 1492; x_wconf 84' lang='lat'><strong>......</strong></span> <span class='ocrx_word' id='word_1_165' title='bbox 241 1426 352 1481; x_wconf 82' lang='lat' dir='ltr'>velsub</span> <span class='ocrx_word' id='word_1_166' title='bbox 379 1425 511 1495; x_wconf 79' lang='lat' dir='ltr'>repimr&#39;ee</span> <span class='ocrx_word' id='word_1_167' title='bbox 540 1424 936 1495; x_wconf 79' lang='lat' dir='ltr'>tectissirutpntrisOdilonis.</span> <span class='ocrx_word' id='word_1_168' title='bbox 994 1429 1089 1481; x_wconf 89' lang='lat' dir='ltr'>torum</span> <span class='ocrx_word' id='word_1_169' title='bbox 1115 1426 1263 1492; x_wconf 85' lang='lat' dir='ltr'>concedat,</span> <span class='ocrx_word' id='word_1_170' title='bbox 1289 1429 1318 1481; x_wconf 91' lang='lat' dir='ltr'>et</span> <span class='ocrx_word' id='word_1_171' title='bbox 1341 1424 1488 1482; x_wconf 78' lang='lat' dir='ltr'>defunctis</span> <span class='ocrx_word' id='word_1_172' title='bbox 1516 1423 1652 1497; x_wconf 78' lang='lat' dir='ltr'>requiem</span> <span class='ocrx_word' id='word_1_173' title='bbox 1677 1428 1705 1480; x_wconf 90' lang='lat' dir='ltr'>et</span> <span class='ocrx_word' id='word_1_174' title='bbox 1729 1424 1805 1481; x_wconf 79' lang='lat' dir='ltr'>vitem</span> 
     </span>
     <span class='ocr_line' id='line_1_15' title="bbox 114 1512 1805 1588; baseline -0.002 -16"><span class='ocrx_word' id='word_1_175' title='bbox 114 1516 262 1588; x_wconf 75' lang='lat' dir='ltr'>Pleraque</span> <span class='ocrx_word' id='word_1_176' title='bbox 277 1519 348 1570; x_wconf 89' lang='lat' dir='ltr'>sunt</span> <span class='ocrx_word' id='word_1_177' title='bbox 363 1530 415 1587; x_wconf 92' lang='lat' dir='ltr'>pro</span> <span class='ocrx_word' id='word_1_178' title='bbox 440 1514 599 1569; x_wconf 89' lang='lat' dir='ltr'>obtinendo</span> <span class='ocrx_word' id='word_1_179' title='bbox 624 1512 779 1585; x_wconf 79' lang='lat' dir='ltr'>sepulture</span> <span class='ocrx_word' id='word_1_180' title='bbox 800 1515 877 1585; x_wconf 83' lang='lat' dir='ltr'>jure.</span> <span class='ocrx_word' id='word_1_181' title='bbox 899 1516 939 1571; x_wconf 79' lang='lat' dir='ltr'>Er</span> <span class='ocrx_word' id='word_1_182' title='bbox 993 1515 1122 1571; x_wconf 83' lang='lat' dir='ltr'>conterat</span> <span class='ocrx_word' id='word_1_183' title='bbox 1160 1514 1379 1586; x_wconf 90' lang='lat' dir='ltr'>sempiternam.</span> <span class='ocrx_word' id='word_1_184' title='bbox 1421 1513 1450 1570; x_wconf 88' lang='lat' dir='ltr'>Si</span> <span class='ocrx_word' id='word_1_185' title='bbox 1491 1512 1538 1569; x_wconf 90' lang='lat' dir='ltr'>illc</span> <span class='ocrx_word' id='word_1_186' title='bbox 1577 1513 1678 1568; x_wconf 91' lang='lat' dir='ltr'>scnior</span> <span class='ocrx_word' id='word_1_187' title='bbox 1715 1512 1805 1569; x_wconf 75' lang='lat' dir='ltr'>domus</span> 
     </span>
     <span class='ocr_line' id='line_1_16' title="bbox 115 1600 1802 1673; baseline -0.002 -15"><span class='ocrx_word' id='word_1_188' title='bbox 115 1600 937 1673; x_wconf 78' lang='lat' dir='ltr'>hisunaestllugonisdaUcioneotDuranniDeibanio</span> <span class='ocrx_word' id='word_1_189' title='bbox 993 1605 1136 1660; x_wconf 87' lang='lat' dir='ltr'>llobcrtus</span> <span class='ocrx_word' id='word_1_190' title='bbox 1165 1603 1327 1659; x_wconf 87' lang='lat' dir='ltr'>monastico</span> <span class='ocrx_word' id='word_1_191' title='bbox 1356 1603 1451 1659; x_wconf 90' lang='lat' dir='ltr'>ordini</span> <span class='ocrx_word' id='word_1_192' title='bbox 1482 1619 1513 1658; x_wconf 89' lang='lat' dir='ltr'>se</span> <span class='ocrx_word' id='word_1_193' title='bbox 1540 1602 1655 1659; x_wconf 88' lang='lat' dir='ltr'>sociare</span> <span class='ocrx_word' id='word_1_194' title='bbox 1686 1600 1802 1668; x_wconf 85' lang='lat' dir='ltr'>voluerit,</span> 
     </span>
     <span class='ocr_line' id='line_1_17' title="bbox 116 1690 1801 1791; baseline -0.002 -42"><span class='ocrx_word' id='word_1_195' title='bbox 116 1696 144 1749; x_wconf 88' lang='lat' dir='ltr'>et</span> <span class='ocrx_word' id='word_1_196' title='bbox 157 1692 294 1757; x_wconf 89' lang='lat' dir='ltr'>aliorum,</span> <span class='ocrx_word' id='word_1_197' title='bbox 310 1692 359 1764; x_wconf 93' lang='lat' dir='ltr'>qui</span> <span class='ocrx_word' id='word_1_198' title='bbox 374 1692 445 1746; x_wconf 89' lang='lat' dir='ltr'>dant</span> <span class='ocrx_word' id='word_1_199' title='bbox 460 1708 511 1762; x_wconf 91' lang='lat' dir='ltr'>pro</span> <span class='ocrx_word' id='word_1_200' title='bbox 526 1690 678 1762; x_wconf 90' lang='lat' dir='ltr'>sepultura</span> <span class='ocrx_word' id='word_1_201' title='bbox 692 1692 844 1764; x_wconf 90' lang='lat' dir='ltr'>Bomparis</span> <span class='ocrx_word' id='word_1_202' title='bbox 864 1693 937 1748; x_wconf 83' lang='lat' dir='ltr'>diras</span> <span class='ocrx_word' id='word_1_203' title='bbox 954 1726 977 1791; x_wconf 78' lang='lat' dir='ltr'>B</span> <span class='ocrx_word' id='word_1_204' title='bbox 992 1693 1102 1749; x_wconf 92' lang='lat' dir='ltr'>orando</span> <span class='ocrx_word' id='word_1_205' title='bbox 1128 1692 1324 1765; x_wconf 77' lang='lat' dir='ltr'>precipimus,</span> <span class='ocrx_word' id='word_1_206' title='bbox 1347 1696 1375 1747; x_wconf 91' lang='lat' dir='ltr'>et</span> <span class='ocrx_word' id='word_1_207' title='bbox 1399 1690 1594 1765; x_wconf 72' lang='lat' dir='ltr'>praecipiendo</span> <span class='ocrx_word' id='word_1_208' title='bbox 1624 1706 1758 1765; x_wconf 75' lang='lat' dir='ltr'>rogamus</span> <span class='ocrx_word' id='word_1_209' title='bbox 1778 1694 1801 1745; x_wconf 90' lang='lat' dir='ltr'>ut</span> 
     </span>
     <span class='ocr_line' id='line_1_18' title="bbox 117 1779 1799 1855; baseline -0.002 -17"><span class='ocrx_word' id='word_1_210' title='bbox 117 1780 321 1855; x_wconf 85' lang='lat' dir='ltr'>appenderias,</span> <span class='ocrx_word' id='word_1_211' title='bbox 338 1785 394 1836; x_wconf 91' lang='lat' dir='ltr'>ctc.</span> <span class='ocrx_word' id='word_1_212' title='bbox 411 1780 441 1835; x_wconf 95' lang='lat' dir='ltr'>ln</span> <span class='ocrx_word' id='word_1_213' title='bbox 460 1779 517 1835; x_wconf 88' lang='lat' dir='ltr'>alis</span> <span class='ocrx_word' id='word_1_214' title='bbox 531 1779 698 1852; x_wconf 73' lang='lat' dir='ltr'>Stephanus</span> <span class='ocrx_word' id='word_1_215' title='bbox 713 1785 741 1835; x_wconf 90' lang='lat' dir='ltr'>ct</span> <span class='ocrx_word' id='word_1_216' title='bbox 760 1780 937 1853; x_wconf 86' lang='lat' dir='ltr'>Theotbergn</span> <span class='ocrx_word' id='word_1_217' title='bbox 993 1799 1060 1837; x_wconf 91' lang='lat' dir='ltr'>cum</span> <span class='ocrx_word' id='word_1_218' title='bbox 1077 1780 1196 1836; x_wconf 88' lang='lat' dir='ltr'>caritate</span> <span class='ocrx_word' id='word_1_219' title='bbox 1208 1780 1397 1852; x_wconf 79' lang='lat' dir='ltr'>suscipiatur,</span> <span class='ocrx_word' id='word_1_220' title='bbox 1421 1785 1450 1835; x_wconf 90' lang='lat' dir='ltr'>ct</span> <span class='ocrx_word' id='word_1_221' title='bbox 1471 1796 1538 1836; x_wconf 87' lang='lat' dir='ltr'>curn</span> <span class='ocrx_word' id='word_1_222' title='bbox 1565 1779 1676 1835; x_wconf 88' lang='lat' dir='ltr'>honore</span> <span class='ocrx_word' id='word_1_223' title='bbox 1699 1782 1727 1835; x_wconf 89' lang='lat' dir='ltr'>et</span> <span class='ocrx_word' id='word_1_224' title='bbox 1739 1795 1799 1835; x_wconf 77' lang='lat' dir='ltr'>rere</span> 
     </span>
     <span class='ocr_line' id='line_1_19' title="bbox 116 1866 1797 1944; baseline 0.001 -18"><span class='ocrx_word' id='word_1_225' title='bbox 116 1869 315 1927; x_wconf 81' lang='lat' dir='ltr'>dautrineam</span> <span class='ocrx_word' id='word_1_226' title='bbox 333 1869 361 1924; x_wconf 92' lang='lat' dir='ltr'>in</span> <span class='ocrx_word' id='word_1_227' title='bbox 385 1867 455 1924; x_wconf 85' lang='lat' dir='ltr'>villa</span> <span class='ocrx_word' id='word_1_228' title='bbox 474 1868 509 1923; x_wconf 87' lang='lat' dir='ltr'>de</span> <span class='ocrx_word' id='word_1_229' title='bbox 533 1867 687 1923; x_wconf 87' lang='lat' dir='ltr'>Snmninco</span> <span class='ocrx_word' id='word_1_230' title='bbox 713 1885 763 1940; x_wconf 91' lang='lat' dir='ltr'>pro</span> <span class='ocrx_word' id='word_1_231' title='bbox 788 1870 939 1944; x_wconf 74' lang='lat' dir='ltr'>sepultura</span> <span class='ocrx_word' id='word_1_232' title='bbox 993 1870 1086 1926; x_wconf 84' lang='lat' dir='ltr'>centia</span> <span class='ocrx_word' id='word_1_233' title='bbox 1115 1873 1264 1925; x_wconf 84' lang='lat' dir='ltr'>tractetur.</span> <span class='ocrx_word' id='word_1_234' title='bbox 1295 1870 1324 1924; x_wconf 84' lang='lat' dir='ltr'>Si</span> <span class='ocrx_word' id='word_1_235' title='bbox 1355 1868 1537 1942; x_wconf 84' lang='lat' dir='ltr'>sepulturam</span> <span class='ocrx_word' id='word_1_236' title='bbox 1568 1868 1598 1923; x_wconf 88' lang='lat' dir='ltr'>in</span> <span class='ocrx_word' id='word_1_237' title='bbox 1622 1870 1722 1925; x_wconf 85' lang='lat' dir='ltr'>nostro</span> <span class='ocrx_word' id='word_1_238' title='bbox 1751 1866 1797 1927; x_wconf 81' lang='lat' dir='ltr'>loe</span> 
     </span>
     <span class='ocr_line' id='line_1_20' title="bbox 117 1945 1796 2030; baseline -0.001 -14"><span class='ocrx_word' id='word_1_239' title='bbox 117 1976 180 2016; x_wconf 87' lang='lat' dir='ltr'>aua.</span> <span class='ocrx_word' id='word_1_240' title='bbox 197 1957 354 2013; x_wconf 73' lang='lat' dir='ltr'>lietbertus</span> <span class='ocrx_word' id='word_1_241' title='bbox 378 1957 529 2029; x_wconf 71' lang='lat' dir='ltr'>presbyter</span> <span class='ocrx_word' id='word_1_242' title='bbox 549 1957 599 2012; x_wconf 91' lang='lat' dir='ltr'>dat</span> <span class='ocrx_word' id='word_1_243' title='bbox 617 1957 762 2029; x_wconf 79' lang='lat' dir='ltr'>quedam,</span> <span class='ocrx_word' id='word_1_244' title='bbox 780 1962 821 2026; x_wconf 89' lang='lat' dir='ltr'>ut,</span> <span class='ocrx_word' id='word_1_245' title='bbox 838 1958 861 2014; x_wconf 86' lang='lat' dir='ltr'>si</span> <span class='ocrx_word' id='word_1_246' title='bbox 885 1958 938 2014; x_wconf 91' lang='lat' dir='ltr'>ali·</span> <span class='ocrx_word' id='word_1_247' title='bbox 993 1945 1102 2014; x_wconf 82' lang='lat' dir='ltr'>hahere</span> <span class='ocrx_word' id='word_1_248' title='bbox 1128 1957 1264 2025; x_wconf 86' lang='lat' dir='ltr'>volucrit,</span> <span class='ocrx_word' id='word_1_249' title='bbox 1281 1958 1321 2014; x_wconf 92' lang='lat' dir='ltr'>ibi</span> <span class='ocrx_word' id='word_1_250' title='bbox 1348 1957 1507 2030; x_wconf 86' lang='lat' dir='ltr'>sepeliatur</span> <span class='ocrx_word' id='word_1_251' title='bbox 1530 1957 1580 2013; x_wconf 89' lang='lat' dir='ltr'>ubi</span> <span class='ocrx_word' id='word_1_252' title='bbox 1604 1956 1667 2029; x_wconf 91' lang='lat' dir='ltr'>ipse</span> <span class='ocrx_word' id='word_1_253' title='bbox 1686 1956 1796 2028; x_wconf 70' lang='lat' dir='ltr'>torserit</span> 
     </span>
     <span class='ocr_line' id='line_1_21' title="bbox 116 2045 1793 2121; baseline -0.002 -17"><span class='ocrx_word' id='word_1_254' title='bbox 116 2047 234 2121; x_wconf 88' lang='lat' dir='ltr'>quando</span> <span class='ocrx_word' id='word_1_255' title='bbox 250 2047 287 2115; x_wconf 90' lang='lat' dir='ltr'>ci,</span> <span class='ocrx_word' id='word_1_256' title='bbox 304 2045 491 2119; x_wconf 89' lang='lat' dir='ltr'>permittente</span> <span class='ocrx_word' id='word_1_257' title='bbox 506 2045 639 2113; x_wconf 88' lang='lat' dir='ltr'>Domino,</span> <span class='ocrx_word' id='word_1_258' title='bbox 655 2045 789 2102; x_wconf 82' lang='lat' dir='ltr'>volirntas</span> <span class='ocrx_word' id='word_1_259' title='bbox 804 2048 891 2103; x_wconf 88' lang='lat' dir='ltr'>luerit</span> <span class='ocrx_word' id='word_1_260' title='bbox 907 2052 938 2104; x_wconf 89' lang='lat' dir='ltr'>ut</span> <span class='ocrx_word' id='word_1_261' title='bbox 992 2047 1026 2104; x_wconf 90' lang='lat' dir='ltr'>V.</span> <span class='ocrx_word' id='word_1_262' title='bbox 1045 2049 1125 2103; x_wconf 82' lang='lat' dir='ltr'>Verte</span> <span class='ocrx_word' id='word_1_263' title='bbox 1140 2049 1307 2103; x_wconf 79' lang='lat' dir='ltr'>rrrouastcrio</span> <span class='ocrx_word' id='word_1_264' title='bbox 1320 2064 1369 2119; x_wconf 84' lang='lat' dir='ltr'>per</span> <span class='ocrx_word' id='word_1_265' title='bbox 1382 2054 1505 2103; x_wconf 83' lang='lat' dir='ltr'>sonetum</span> <span class='ocrx_word' id='word_1_266' title='bbox 1525 2046 1669 2102; x_wconf 82' lang='lat' dir='ltr'>Odilonenr</span> <span class='ocrx_word' id='word_1_267' title='bbox 1683 2046 1793 2111; x_wconf 69' lang='lat' dir='ltr'>instate,</span> 
     </span>
     <span class='ocr_line' id='line_1_22' title="bbox 116 2133 1628 2209; baseline -0.002 -15"><span class='ocrx_word' id='word_1_268' title='bbox 116 2135 280 2194; x_wconf 88' lang='lat' dir='ltr'>monachus</span> <span class='ocrx_word' id='word_1_269' title='bbox 294 2136 354 2202; x_wconf 89' lang='lat' dir='ltr'>tlat,</span> <span class='ocrx_word' id='word_1_270' title='bbox 380 2133 551 2206; x_wconf 89' lang='lat' dir='ltr'>recipiatur;</span> <span class='ocrx_word' id='word_1_271' title='bbox 568 2134 614 2190; x_wconf 90' lang='lat' dir='ltr'>sin</span> <span class='ocrx_word' id='word_1_272' title='bbox 637 2139 745 2198; x_wconf 83' lang='lat' dir='ltr'>autem.</span> <span class='ocrx_word' id='word_1_273' title='bbox 771 2140 800 2191; x_wconf 89' lang='lat' dir='ltr'>ct</span> <span class='ocrx_word' id='word_1_274' title='bbox 822 2137 850 2191; x_wconf 93' lang='lat' dir='ltr'>in</span> <span class='ocrx_word' id='word_1_275' title='bbox 874 2137 938 2194; x_wconf 91' lang='lat' dir='ltr'>loco</span> <span class='ocrx_word' id='word_1_276' title='bbox 1184 2147 1233 2193; x_wconf 86' lang='lat' dir='ltr'>out</span> <span class='ocrx_word' id='word_1_277' title='bbox 1245 2139 1381 2202; x_wconf 78' lang='lat' dir='ltr'>restitute,</span> <span class='ocrx_word' id='word_1_278' title='bbox 1396 2139 1453 2192; x_wconf 84' lang='lat' dir='ltr'>siue</span> <span class='ocrx_word' id='word_1_279' title='bbox 1466 2139 1628 2209; x_wconf 68' lang='lat' dir='ltr'>retamenta.</span> 
     </span>
     <span class='ocr_line' id='line_1_23' title="bbox 115 2220 1792 2295; baseline -0.002 -12"><span class='ocrx_word' id='word_1_280' title='bbox 115 2226 268 2292; x_wconf 85' lang='lat' dir='ltr'>moriatur,</span> <span class='ocrx_word' id='word_1_281' title='bbox 285 2225 325 2280; x_wconf 91' lang='lat' dir='ltr'>ibi</span> <span class='ocrx_word' id='word_1_282' title='bbox 340 2224 469 2280; x_wconf 88' lang='lat' dir='ltr'>obtineat</span> <span class='ocrx_word' id='word_1_283' title='bbox 484 2222 940 2295; x_wconf 85' lang='lat' dir='ltr'>sepulturam.Willelmusdedit</span> <span class='ocrx_word' id='word_1_284' title='bbox 1027 2227 1072 2280; x_wconf 85' lang='lat'>70.</span> <span class='ocrx_word' id='word_1_285' title='bbox 1102 2227 1169 2291; x_wconf 74' lang='lat' dir='ltr'>Ques</span> <span class='ocrx_word' id='word_1_286' title='bbox 1197 2224 1375 2281; x_wconf 87' lang='lat' dir='ltr'>monasteria</span> <span class='ocrx_word' id='word_1_287' title='bbox 1403 2241 1480 2281; x_wconf 88' lang='lat' dir='ltr'>anno</span> <span class='ocrx_word' id='word_1_288' title='bbox 1500 2224 1555 2280; x_wconf 78' lang='lat'>996</span> <span class='ocrx_word' id='word_1_289' title='bbox 1580 2220 1792 2280; x_wconf 83' lang='lat' dir='ltr'>Cluniaeensinu</span> 
     </span>
     <span class='ocr_line' id='line_1_24' title="bbox 115 2311 1793 2386; baseline -0.002 -14"><span class='ocrx_word' id='word_1_290' title='bbox 115 2313 293 2372; x_wconf 88' lang='lat' dir='ltr'>monasterio</span> <span class='ocrx_word' id='word_1_291' title='bbox 307 2311 513 2369; x_wconf 85' lang='lat' dir='ltr'>celsiniacensi</span> <span class='ocrx_word' id='word_1_292' title='bbox 528 2311 679 2367; x_wconf 86' lang='lat' dir='ltr'>ecclesiam</span> <span class='ocrx_word' id='word_1_293' title='bbox 695 2312 724 2366; x_wconf 94' lang='lat' dir='ltr'>in</span> <span class='ocrx_word' id='word_1_294' title='bbox 739 2312 848 2369; x_wconf 90' lang='lat' dir='ltr'>honore</span> <span class='ocrx_word' id='word_1_295' title='bbox 862 2314 937 2370; x_wconf 88' lang='lat' dir='ltr'>beati</span> <span class='ocrx_word' id='word_1_296' title='bbox 993 2315 1131 2371; x_wconf 91' lang='lat' dir='ltr'>abbatum</span> <span class='ocrx_word' id='word_1_297' title='bbox 1144 2314 1342 2386; x_wconf 76' lang='lat' dir='ltr'>jurisdictioni</span> <span class='ocrx_word' id='word_1_298' title='bbox 1358 2319 1458 2370; x_wconf 91' lang='lat' dir='ltr'>essent</span> <span class='ocrx_word' id='word_1_299' title='bbox 1472 2315 1617 2383; x_wconf 87' lang='lat' dir='ltr'>subjecta,</span> <span class='ocrx_word' id='word_1_300' title='bbox 1634 2313 1793 2370; x_wconf 79' lang='lat' dir='ltr'>discimusa</span> 
     </span>
    </p>
   </div>
   <div class='ocr_carea' id='block_1_3' title="bbox 5 2400 1792 2476">
    <p class='ocr_par' dir='ltr' id='par_1_3' title="bbox 5 2400 1792 2476">
     <span class='ocr_line' id='line_1_25' title="bbox 5 2400 1792 2476; baseline -0.003 -15"><span class='ocrx_word' id='word_1_301' title='bbox 5 2440 11 2451; x_wconf 28' lang='grc' dir='ltr'>ψ’</span> <span class='ocrx_word' id='word_1_302' title='bbox 114 2403 191 2462; x_wconf 85' lang='lat' dir='ltr'>Petri</span> <span class='ocrx_word' id='word_1_303' title='bbox 206 2406 417 2466; x_wconf 86' lang='lat' dir='ltr'>constructam,</span> <span class='ocrx_word' id='word_1_304' title='bbox 433 2417 497 2472; x_wconf 76' lang='lat' dir='ltr'>quaa</span> <span class='ocrx_word' id='word_1_305' title='bbox 513 2404 633 2455; x_wconf 87' lang='lat' dir='ltr'>vocatur</span> <span class='ocrx_word' id='word_1_306' title='bbox 647 2400 857 2466; x_wconf 84' lang='lat' dir='ltr'>Casa-lleiana,</span> <span class='ocrx_word' id='word_1_307' title='bbox 871 2419 936 2458; x_wconf 87' lang='lat' dir='ltr'>eum</span> <span class='ocrx_word' id='word_1_308' title='bbox 994 2403 1074 2459; x_wconf 91' lang='lat' dir='ltr'>bulla</span> <span class='ocrx_word' id='word_1_309' title='bbox 1102 2402 1231 2475; x_wconf 78' lang='lat' dir='ltr'>Gregorii</span> <span class='ocrx_word' id='word_1_310' title='bbox 1254 2404 1288 2469; x_wconf 88' lang='lat' dir='ltr'>V,</span> <span class='ocrx_word' id='word_1_311' title='bbox 1315 2403 1462 2476; x_wconf 79' lang='lat' dir='ltr'>pontilicis</span> <span class='ocrx_word' id='word_1_312' title='bbox 1486 2402 1619 2470; x_wconf 84' lang='lat' dir='ltr'>maximi,</span> <span class='ocrx_word' id='word_1_313' title='bbox 1636 2402 1666 2458; x_wconf 91' lang='lat' dir='ltr'>in</span> <span class='ocrx_word' id='word_1_314' title='bbox 1689 2400 1792 2459; x_wconf 80' lang='lat' dir='ltr'>bullario</span> 
     </span>
    </p>
   </div>
   <div class='ocr_carea' id='block_1_4' title="bbox 47 2488 1837 5586">
    <p class='ocr_par' dir='ltr' id='par_1_4' title="bbox 47 2488 1837 5586">
     <span class='ocr_line' id='line_1_26' title="bbox 114 2488 1791 2565; baseline -0.003 -15"><span class='ocrx_word' id='word_1_315' title='bbox 114 2488 938 2564; x_wconf 73' lang='lat' dir='ltr'>mansisappendariis,etc.,utreuraneatbeatoPetrode</span> <span class='ocrx_word' id='word_1_316' title='bbox 992 2492 1175 2549; x_wconf 87' lang='lat' dir='ltr'>cluniacensi</span> <span class='ocrx_word' id='word_1_317' title='bbox 1205 2491 1305 2559; x_wconf 87' lang='lat' dir='ltr'>relata,</span> <span class='ocrx_word' id='word_1_318' title='bbox 1334 2508 1401 2565; x_wconf 83' lang='lat' dir='ltr'>pag.</span> <span class='ocrx_word' id='word_1_319' title='bbox 1432 2494 1475 2558; x_wconf 87' lang='grc'>10,</span> <span class='ocrx_word' id='word_1_320' title='bbox 1506 2492 1611 2564; x_wconf 91' lang='lat' dir='ltr'>inqua</span> <span class='ocrx_word' id='word_1_321' title='bbox 1637 2508 1695 2547; x_wconf 89' lang='lat' dir='ltr'>non</span> <span class='ocrx_word' id='word_1_322' title='bbox 1720 2489 1791 2547; x_wconf 81' lang='lat' dir='ltr'>selua</span> 
     </span>
     <span class='ocr_line' id='line_1_27' title="bbox 115 2576 1792 2654; baseline -0.002 -16"><span class='ocrx_word' id='word_1_323' title='bbox 115 2581 295 2638; x_wconf 86' lang='lat' dir='ltr'>Celsinianas</span> <span class='ocrx_word' id='word_1_324' title='bbox 311 2581 381 2652; x_wconf 87' lang='lat' dir='ltr'>(sie),</span> <span class='ocrx_word' id='word_1_325' title='bbox 399 2581 429 2634; x_wconf 88' lang='lat' dir='ltr'>in</span> <span class='ocrx_word' id='word_1_326' title='bbox 442 2578 618 2634; x_wconf 79' lang='lat' dir='ltr'>aduocatione</span> <span class='ocrx_word' id='word_1_327' title='bbox 627 2581 714 2634; x_wconf 79' lang='lat' dir='ltr'>senen·</span> <span class='ocrx_word' id='word_1_328' title='bbox 723 2581 796 2635; x_wconf 79' lang='lat' dir='ltr'>Petri</span> <span class='ocrx_word' id='word_1_329' title='bbox 803 2579 937 2647; x_wconf 81' lang='lat' dir='ltr'>dedomo,</span> <span class='ocrx_word' id='word_1_330' title='bbox 992 2582 1078 2637; x_wconf 80' lang='lat' dir='ltr'>varia</span> <span class='ocrx_word' id='word_1_331' title='bbox 1094 2581 1294 2654; x_wconf 88' lang='lat' dir='ltr'>possessiones</span> <span class='ocrx_word' id='word_1_332' title='bbox 1309 2582 1344 2636; x_wconf 91' lang='lat' dir='ltr'>ad</span> <span class='ocrx_word' id='word_1_333' title='bbox 1361 2580 1573 2637; x_wconf 88' lang='lat' dir='ltr'>monasterium</span> <span class='ocrx_word' id='word_1_334' title='bbox 1597 2581 1676 2637; x_wconf 90' lang='lat' dir='ltr'>istud</span> <span class='ocrx_word' id='word_1_335' title='bbox 1696 2576 1792 2637; x_wconf 83' lang='lat' dir='ltr'>nobilis·</span> 
     </span>
     <span class='ocr_line' id='line_1_28' title="bbox 112 2658 1791 2743; baseline 0 -14"><span class='ocrx_word' id='word_1_336' title='bbox 112 2673 173 2729; x_wconf 77' lang='lat' dir='ltr'>sine</span> <span class='ocrx_word' id='word_1_337' title='bbox 187 2658 244 2727; x_wconf 82' lang='lat' dir='ltr'>utto</span> <span class='ocrx_word' id='word_1_338' title='bbox 258 2668 467 2739; x_wconf 79' lang='lat' dir='ltr'>contradicente,</span> <span class='ocrx_word' id='word_1_339' title='bbox 484 2671 538 2723; x_wconf 90' lang='lat' dir='ltr'>etc.</span> <span class='ocrx_word' id='word_1_340' title='bbox 556 2667 697 2740; x_wconf 88' lang='lat' dir='ltr'>Denique,</span> <span class='ocrx_word' id='word_1_341' title='bbox 708 2672 739 2722; x_wconf 92' lang='lat' dir='ltr'>ut</span> <span class='ocrx_word' id='word_1_342' title='bbox 749 2668 857 2724; x_wconf 89' lang='lat' dir='ltr'>multos</span> <span class='ocrx_word' id='word_1_343' title='bbox 866 2669 938 2726; x_wconf 91' lang='lat' dir='ltr'>alios</span> <span class='ocrx_word' id='word_1_344' title='bbox 994 2670 1102 2727; x_wconf 90' lang='lat' dir='ltr'>simum</span> <span class='ocrx_word' id='word_1_345' title='bbox 1118 2670 1306 2743; x_wconf 74' lang='lat' dir='ltr'>pertinentes,</span> <span class='ocrx_word' id='word_1_346' title='bbox 1323 2670 1375 2726; x_wconf 91' lang='lat' dir='ltr'>scd</span> <span class='ocrx_word' id='word_1_347' title='bbox 1391 2670 1481 2727; x_wconf 88' lang='lat' dir='ltr'>etiam</span> <span class='ocrx_word' id='word_1_348' title='bbox 1492 2669 1580 2733; x_wconf 78' lang='lat' dir='ltr'>celle,</span> <span class='ocrx_word' id='word_1_349' title='bbox 1593 2687 1657 2740; x_wconf 88' lang='lat' dir='ltr'>scu,</span> <span class='ocrx_word' id='word_1_350' title='bbox 1667 2672 1791 2729; x_wconf 80' lang='lat' dir='ltr'>utvoaut</span> 
     </span>
     <span class='ocr_line' id='line_1_29' title="bbox 116 2756 1791 2833; baseline -0.004 -17"><span class='ocrx_word' id='word_1_351' title='bbox 116 2760 262 2825; x_wconf 88' lang='lat' dir='ltr'>omittam,</span> <span class='ocrx_word' id='word_1_352' title='bbox 280 2758 445 2814; x_wconf 76' lang='lat' dir='ltr'>heruardus</span> <span class='ocrx_word' id='word_1_353' title='bbox 460 2757 496 2812; x_wconf 92' lang='lat' dir='ltr'>de</span> <span class='ocrx_word' id='word_1_354' title='bbox 520 2758 611 2812; x_wconf 84' lang='lat' dir='ltr'>Turre</span> <span class='ocrx_word' id='word_1_355' title='bbox 628 2756 702 2811; x_wconf 88' lang='lat' dir='ltr'>cedit</span> <span class='ocrx_word' id='word_1_356' title='bbox 718 2757 780 2812; x_wconf 91' lang='lat' dir='ltr'>loco</span> <span class='ocrx_word' id='word_1_357' title='bbox 800 2756 938 2814; x_wconf 87' lang='lat' dir='ltr'>Celsinia-</span> <span class='ocrx_word' id='word_1_358' title='bbox 994 2758 1150 2833; x_wconf 71' lang='lat' dir='ltr'>prioratus</span> <span class='ocrx_word' id='word_1_359' title='bbox 1167 2760 1242 2815; x_wconf 89' lang='lat' dir='ltr'>abeo</span> <span class='ocrx_word' id='word_1_360' title='bbox 1252 2759 1424 2831; x_wconf 88' lang='lat' dir='ltr'>pendentes,</span> <span class='ocrx_word' id='word_1_361' title='bbox 1434 2758 1608 2832; x_wconf 87' lang='lat' dir='ltr'>singillatim</span> <span class='ocrx_word' id='word_1_362' title='bbox 1622 2760 1791 2815; x_wconf 87' lang='lat' dir='ltr'>recensentur.</span> 
     </span>
     <span class='ocr_line' id='line_1_30' title="bbox 116 2844 1792 2921; baseline -0.005 -14"><span class='ocrx_word' id='word_1_363' title='bbox 116 2849 207 2916; x_wconf 87' lang='lat' dir='ltr'>censi,</span> <span class='ocrx_word' id='word_1_364' title='bbox 224 2851 273 2921; x_wconf 81' lang='lat' dir='ltr'>qai</span> <span class='ocrx_word' id='word_1_365' title='bbox 297 2849 401 2919; x_wconf 77' lang='lat' dir='ltr'>reqitur</span> <span class='ocrx_word' id='word_1_366' title='bbox 417 2847 466 2902; x_wconf 81' lang='lat' dir='ltr'>snb</span> <span class='ocrx_word' id='word_1_367' title='bbox 491 2846 687 2917; x_wconf 65' lang='lat' dir='ltr'>praenuntiare</span> <span class='ocrx_word' id='word_1_368' title='bbox 710 2846 804 2902; x_wconf 82' lang='lat' dir='ltr'>damni</span> <span class='ocrx_word' id='word_1_369' title='bbox 814 2846 940 2906; x_wconf 81' lang='lat' dir='ltr'>Odilonis</span> <span class='ocrx_word' id='word_1_370' title='bbox 993 2849 1034 2904; x_wconf 81' lang='lat' dir='ltr'>Ex</span> <span class='ocrx_word' id='word_1_371' title='bbox 1048 2848 1085 2902; x_wconf 87' lang='lat' dir='ltr'>iis</span> <span class='ocrx_word' id='word_1_372' title='bbox 1099 2846 1180 2905; x_wconf 86' lang='lat' dir='ltr'>cellis</span> <span class='ocrx_word' id='word_1_373' title='bbox 1194 2847 1341 2904; x_wconf 80' lang='lat' dir='ltr'>nonnulle</span> <span class='ocrx_word' id='word_1_374' title='bbox 1358 2848 1414 2904; x_wconf 89' lang='lat' dir='ltr'>suh</span> <span class='ocrx_word' id='word_1_375' title='bbox 1430 2848 1505 2903; x_wconf 89' lang='lat' dir='ltr'>beati</span> <span class='ocrx_word' id='word_1_376' title='bbox 1523 2846 1656 2904; x_wconf 88' lang='lat' dir='ltr'>Odilonis</span> <span class='ocrx_word' id='word_1_377' title='bbox 1668 2844 1792 2920; x_wconf 83' lang='lat' dir='ltr'>regimine,</span> 
     </span>
     <span class='ocr_line' id='line_1_31' title="bbox 115 2928 1790 3010; baseline -0.005 -14"><span class='ocrx_word' id='word_1_378' title='bbox 115 2939 233 3007; x_wconf 79' lang='lat' dir='ltr'>obtatis,</span> <span class='ocrx_word' id='word_1_379' title='bbox 250 2937 343 2993; x_wconf 89' lang='lat' dir='ltr'>multa</span> <span class='ocrx_word' id='word_1_380' title='bbox 358 2933 472 2991; x_wconf 82' lang='lat' dir='ltr'>invilla</span> <span class='ocrx_word' id='word_1_381' title='bbox 497 2933 657 2999; x_wconf 88' lang='lat' dir='ltr'>Plausiaco,</span> <span class='ocrx_word' id='word_1_382' title='bbox 685 2934 938 3008; x_wconf 88' lang='lat' dir='ltr'>omnemquealn·</span> <span class='ocrx_word' id='word_1_383' title='bbox 994 2936 1056 2993; x_wconf 78' lang='lat' dir='ltr'>alien</span> <span class='ocrx_word' id='word_1_384' title='bbox 1085 2955 1151 2993; x_wconf 80' lang='lat' dir='ltr'>vero</span> <span class='ocrx_word' id='word_1_385' title='bbox 1182 2936 1266 3010; x_wconf 85' lang='lat' dir='ltr'>longe</span> <span class='ocrx_word' id='word_1_386' title='bbox 1302 2942 1388 2993; x_wconf 91' lang='lat' dir='ltr'>antea</span> <span class='ocrx_word' id='word_1_387' title='bbox 1421 2936 1600 2993; x_wconf 89' lang='lat' dir='ltr'>monasterio</span> <span class='ocrx_word' id='word_1_388' title='bbox 1636 2928 1790 2992; x_wconf 79' lang='lat' dir='ltr'>cluniacensi</span> 
     </span>
     <span class='ocr_line' id='line_1_32' title="bbox 116 3022 1790 3102; baseline -0.006 -17"><span class='ocrx_word' id='word_1_389' title='bbox 116 3029 198 3095; x_wconf 89' lang='lat' dir='ltr'>dum,</span> <span class='ocrx_word' id='word_1_390' title='bbox 214 3044 304 3102; x_wconf 83' lang='lat' dir='ltr'>quem,</span> <span class='ocrx_word' id='word_1_391' title='bbox 320 3025 426 3097; x_wconf 89' lang='lat' dir='ltr'>inquit,</span> <span class='ocrx_word' id='word_1_392' title='bbox 441 3028 521 3096; x_wconf 83' lang='lat' dir='ltr'>poter</span> <span class='ocrx_word' id='word_1_393' title='bbox 535 3040 609 3078; x_wconf 72' lang='lat' dir='ltr'>nuris</span> <span class='ocrx_word' id='word_1_394' title='bbox 621 3023 791 3078; x_wconf 83' lang='lat' dir='ltr'>Gcrntdusr&#39;n</span> <span class='ocrx_word' id='word_1_395' title='bbox 806 3025 938 3096; x_wconf 80' lang='lat' dir='ltr'>ipsneilla</span> <span class='ocrx_word' id='word_1_396' title='bbox 993 3027 1130 3097; x_wconf 76' lang='lat' dir='ltr'>subjectae</span> <span class='ocrx_word' id='word_1_397' title='bbox 1148 3027 1274 3081; x_wconf 86' lang='lat' dir='ltr'>luerunt.</span> <span class='ocrx_word' id='word_1_398' title='bbox 1291 3026 1330 3082; x_wconf 91' lang='lat' dir='ltr'>De</span> <span class='ocrx_word' id='word_1_399' title='bbox 1346 3026 1382 3081; x_wconf 91' lang='lat' dir='ltr'>iis</span> <span class='ocrx_word' id='word_1_400' title='bbox 1400 3024 1587 3081; x_wconf 90' lang='lat' dir='ltr'>solummodo</span> <span class='ocrx_word' id='word_1_401' title='bbox 1603 3024 1650 3081; x_wconf 86' lang='lat' dir='ltr'>hie</span> <span class='ocrx_word' id='word_1_402' title='bbox 1673 3022 1790 3097; x_wconf 72' lang='lat' dir='ltr'>agendo!</span> 
     </span>
     <span class='ocr_line' id='line_1_33' title="bbox 114 3098 1790 3188; baseline -0.006 -13"><span class='ocrx_word' id='word_1_403' title='bbox 114 3119 147 3176; x_wconf 85' lang='lat' dir='ltr'>de</span> <span class='ocrx_word' id='word_1_404' title='bbox 175 3118 317 3174; x_wconf 67' lang='lat' dir='ltr'>Plautinae</span> <span class='ocrx_word' id='word_1_405' title='bbox 345 3114 468 3181; x_wconf 79' lang='lat' dir='ltr'>hebetet,</span> <span class='ocrx_word' id='word_1_406' title='bbox 504 3114 533 3168; x_wconf 84' lang='lat' dir='ltr'>in</span> <span class='ocrx_word' id='word_1_407' title='bbox 563 3113 681 3184; x_wconf 79' lang='lat' dir='ltr'>ipsodie</span> <span class='ocrx_word' id='word_1_408' title='bbox 708 3129 762 3184; x_wconf 84' lang='lat' dir='ltr'>qen</span> <span class='ocrx_word' id='word_1_409' title='bbox 789 3098 974 3170; x_wconf 71' lang='lat' dir='ltr'>morroehesfl</span> <span class='ocrx_word' id='word_1_410' title='bbox 994 3133 1057 3188; x_wconf 79' lang='lat' dir='ltr'>que</span> <span class='ocrx_word' id='word_1_411' title='bbox 1085 3114 1216 3171; x_wconf 90' lang='lat' dir='ltr'>Odilonis</span> <span class='ocrx_word' id='word_1_412' title='bbox 1242 3119 1372 3187; x_wconf 91' lang='lat' dir='ltr'>ternpore</span> <span class='ocrx_word' id='word_1_413' title='bbox 1401 3113 1647 3170; x_wconf 87' lang='lat' dir='ltr'>Cluniaeeusibus</span> <span class='ocrx_word' id='word_1_414' title='bbox 1670 3110 1790 3170; x_wconf 78' lang='lat' dir='ltr'>attribute</span> 
     </span>
     <span class='ocr_line' id='line_1_34' title="bbox 112 3200 1790 3280; baseline -0.007 -15"><span class='ocrx_word' id='word_1_415' title='bbox 112 3210 177 3280; x_wconf 77' lang='lat' dir='ltr'>suit.</span> <span class='ocrx_word' id='word_1_416' title='bbox 206 3206 287 3263; x_wconf 91' lang='lat' dir='ltr'>Unde</span> <span class='ocrx_word' id='word_1_417' title='bbox 317 3207 397 3276; x_wconf 89' lang='lat' dir='ltr'>patet</span> <span class='ocrx_word' id='word_1_418' title='bbox 425 3202 570 3257; x_wconf 78' lang='lat' dir='ltr'>famosum</span> <span class='ocrx_word' id='word_1_419' title='bbox 607 3200 690 3255; x_wconf 92' lang='lat' dir='ltr'>illum</span> <span class='ocrx_word' id='word_1_420' title='bbox 723 3201 879 3258; x_wconf 86' lang='lat' dir='ltr'>Geraldum</span> <span class='ocrx_word' id='word_1_421' title='bbox 904 3203 940 3259; x_wconf 90' lang='lat' dir='ltr'>de</span> <span class='ocrx_word' id='word_1_422' title='bbox 993 3210 1076 3272; x_wconf 74' lang='lat' dir='ltr'>sunt,</span> <span class='ocrx_word' id='word_1_423' title='bbox 1094 3220 1177 3275; x_wconf 91' lang='lat' dir='ltr'>quas,</span> <span class='ocrx_word' id='word_1_424' title='bbox 1195 3207 1307 3259; x_wconf 81' lang='lat' dir='ltr'>serrato</span> <span class='ocrx_word' id='word_1_425' title='bbox 1323 3202 1528 3275; x_wconf 90' lang='lat' dir='ltr'>chronologico</span> <span class='ocrx_word' id='word_1_426' title='bbox 1544 3202 1658 3269; x_wconf 88' lang='lat' dir='ltr'>ordine,</span> <span class='ocrx_word' id='word_1_427' title='bbox 1674 3204 1790 3276; x_wconf 81' lang='lat' dir='ltr'>quantun</span> 
     </span>
     <span class='ocr_line' id='line_1_35' title="bbox 112 3289 1761 3367; baseline -0.007 -13"><span class='ocrx_word' id='word_1_428' title='bbox 112 3298 217 3362; x_wconf 81' lang='lat' dir='ltr'>Turre,</span> <span class='ocrx_word' id='word_1_429' title='bbox 234 3310 323 3367; x_wconf 89' lang='lat' dir='ltr'>quem</span> <span class='ocrx_word' id='word_1_430' title='bbox 339 3290 540 3347; x_wconf 88' lang='lat' dir='ltr'>illustrissima</span> <span class='ocrx_word' id='word_1_431' title='bbox 555 3289 763 3345; x_wconf 88' lang='lat' dir='ltr'>hodiernorum</span> <span class='ocrx_word' id='word_1_432' title='bbox 780 3290 939 3348; x_wconf 88' lang='lat' dir='ltr'>Bullionio·</span> <span class='ocrx_word' id='word_1_433' title='bbox 993 3310 1028 3349; x_wconf 81' lang='lat' dir='ltr'>en</span> <span class='ocrx_word' id='word_1_434' title='bbox 1043 3291 1172 3364; x_wconf 88' lang='lat' dir='ltr'>antiquis</span> <span class='ocrx_word' id='word_1_435' title='bbox 1186 3291 1385 3348; x_wconf 85' lang='lat' dir='ltr'>monumentis</span> <span class='ocrx_word' id='word_1_436' title='bbox 1401 3291 1445 3347; x_wconf 87' lang='lat' dir='ltr'>tas</span> <span class='ocrx_word' id='word_1_437' title='bbox 1461 3290 1529 3360; x_wconf 88' lang='lat' dir='ltr'>erit,</span> <span class='ocrx_word' id='word_1_438' title='bbox 1545 3290 1761 3347; x_wconf 86' lang='lat' dir='ltr'>recensebimus.</span> 
     </span>
     <span class='ocr_line' id='line_1_36' title="bbox 111 3374 1788 3456; baseline -0.005 -15"><span class='ocrx_word' id='word_1_439' title='bbox 111 3401 178 3441; x_wconf 85' lang='lat' dir='ltr'>rum</span> <span class='ocrx_word' id='word_1_440' title='bbox 194 3381 360 3456; x_wconf 86' lang='lat' dir='ltr'>principum</span> <span class='ocrx_word' id='word_1_441' title='bbox 386 3378 497 3435; x_wconf 85' lang='lat' dir='ltr'>tamilla</span> <span class='ocrx_word' id='word_1_442' title='bbox 520 3378 648 3434; x_wconf 91' lang='lat' dir='ltr'>nominis</span> <span class='ocrx_word' id='word_1_443' title='bbox 664 3378 709 3434; x_wconf 92' lang='lat' dir='ltr'>sui</span> <span class='ocrx_word' id='word_1_444' title='bbox 725 3378 758 3435; x_wconf 88' lang='lat' dir='ltr'>de</span> <span class='ocrx_word' id='word_1_445' title='bbox 783 3382 866 3436; x_wconf 82' lang='lat' dir='ltr'>Terre</span> <span class='ocrx_word' id='word_1_446' title='bbox 880 3380 938 3453; x_wconf 92' lang='lat' dir='ltr'>pri·</span> <span class='ocrx_word' id='word_1_447' title='bbox 1027 3382 1071 3437; x_wconf 89' lang='lat' dir='ltr'>7t.</span> <span class='ocrx_word' id='word_1_448' title='bbox 1089 3381 1129 3436; x_wconf 81' lang='lat' dir='ltr'>Ex</span> <span class='ocrx_word' id='word_1_449' title='bbox 1145 3380 1225 3436; x_wconf 91' lang='lat' dir='ltr'>hulla</span> <span class='ocrx_word' id='word_1_450' title='bbox 1248 3379 1378 3453; x_wconf 83' lang='lat' dir='ltr'>Gregorii</span> <span class='ocrx_word' id='word_1_451' title='bbox 1403 3381 1437 3450; x_wconf 87' lang='lat' dir='ltr'>V,</span> <span class='ocrx_word' id='word_1_452' title='bbox 1460 3396 1550 3452; x_wconf 90' lang='lat' dir='ltr'>quam</span> <span class='ocrx_word' id='word_1_453' title='bbox 1574 3382 1663 3436; x_wconf 92' lang='lat' dir='ltr'>modo</span> <span class='ocrx_word' id='word_1_454' title='bbox 1687 3374 1788 3435; x_wconf 78' lang='lat' dir='ltr'>laudari·</span> 
     </span>
     <span class='ocr_line' id='line_1_37' title="bbox 112 3463 1789 3545; baseline -0.006 -16"><span class='ocrx_word' id='word_1_455' title='bbox 112 3466 695 3545; x_wconf 87' lang='lat' dir='ltr'>mumparentcmagnoscit‚Cluniaccnsi</span> <span class='ocrx_word' id='word_1_456' title='bbox 706 3468 821 3523; x_wconf 78' lang='lat' dir='ltr'>familia</span> <span class='ocrx_word' id='word_1_457' title='bbox 833 3485 938 3525; x_wconf 89' lang='lat' dir='ltr'>nomen</span> <span class='ocrx_word' id='word_1_458' title='bbox 994 3488 1070 3535; x_wconf 87' lang='lat' dir='ltr'>mus,</span> <span class='ocrx_word' id='word_1_459' title='bbox 1087 3474 1166 3541; x_wconf 90' lang='lat' dir='ltr'>patet</span> <span class='ocrx_word' id='word_1_460' title='bbox 1179 3469 1369 3542; x_wconf 83' lang='lat' dir='ltr'>Magabrcnse</span> <span class='ocrx_word' id='word_1_461' title='bbox 1386 3470 1596 3526; x_wconf 89' lang='lat' dir='ltr'>monasterium</span> <span class='ocrx_word' id='word_1_462' title='bbox 1603 3471 1666 3540; x_wconf 88' lang='lat' dir='ltr'>jam</span> <span class='ocrx_word' id='word_1_463' title='bbox 1682 3463 1789 3526; x_wconf 64' lang='lat' dir='ltr'>annulli</span> 
     </span>
     <span class='ocr_line' id='line_1_38' title="bbox 47 3555 1786 3631; baseline -0.005 -14"><span class='ocrx_word' id='word_1_464' title='bbox 47 3584 50 3589; x_wconf 46' lang='lat'><strong><em>¹</em></strong></span> <span class='ocrx_word' id='word_1_465' title='bbox 113 3559 239 3626; x_wconf 86' lang='lat' dir='ltr'>dedisse,</span> <span class='ocrx_word' id='word_1_466' title='bbox 256 3558 334 3630; x_wconf 93' lang='lat' dir='ltr'>quod</span> <span class='ocrx_word' id='word_1_467' title='bbox 350 3561 379 3612; x_wconf 88' lang='lat' dir='ltr'>ct</span> <span class='ocrx_word' id='word_1_468' title='bbox 395 3555 569 3629; x_wconf 86' lang='lat' dir='ltr'>pleriqueex</span> <span class='ocrx_word' id='word_1_469' title='bbox 583 3556 779 3627; x_wconf 83' lang='lat' dir='ltr'>ejuspostcris</span> <span class='ocrx_word' id='word_1_470' title='bbox 794 3558 939 3619; x_wconf 77' lang='lat' dir='ltr'>lacerent</span> <span class='ocrx_word' id='word_1_471' title='bbox 994 3559 1131 3615; x_wconf 88' lang='lat' dir='ltr'>Cluniaco</span> <span class='ocrx_word' id='word_1_472' title='bbox 1148 3562 1338 3631; x_wconf 80' lang='lat' dir='ltr'>aggregatum</span> <span class='ocrx_word' id='word_1_473' title='bbox 1355 3556 1460 3623; x_wconf 74' lang='lat' dir='ltr'>luisse,</span> <span class='ocrx_word' id='word_1_474' title='bbox 1474 3558 1610 3630; x_wconf 89' lang='lat' dir='ltr'>atquoid</span> <span class='ocrx_word' id='word_1_475' title='bbox 1626 3557 1786 3614; x_wconf 80' lang='lat' dir='ltr'>annoiactun</span> 
     </span>
     <span class='ocr_line' id='line_1_39' title="bbox 114 3643 1786 3718; baseline -0.004 -11"><span class='ocrx_word' id='word_1_476' title='bbox 114 3668 149 3707; x_wconf 82' lang='lat' dir='ltr'>ex</span> <span class='ocrx_word' id='word_1_477' title='bbox 163 3648 265 3705; x_wconf 85' lang='lat' dir='ltr'>eodem</span> <span class='ocrx_word' id='word_1_478' title='bbox 282 3645 428 3702; x_wconf 89' lang='lat' dir='ltr'>chartario</span> <span class='ocrx_word' id='word_1_479' title='bbox 444 3643 597 3700; x_wconf 86' lang='lat' dir='ltr'>discimus.</span> <span class='ocrx_word' id='word_1_480' title='bbox 614 3644 697 3699; x_wconf 89' lang='lat' dir='ltr'>Haud</span> <span class='ocrx_word' id='word_1_481' title='bbox 708 3643 812 3700; x_wconf 86' lang='lat' dir='ltr'>levitur</span> <span class='ocrx_word' id='word_1_482' title='bbox 827 3652 940 3718; x_wconf 82' lang='lat' dir='ltr'>preter·</span> <span class='ocrx_word' id='word_1_483' title='bbox 995 3646 1081 3704; x_wconf 88' lang='lat' dir='ltr'>luerit</span> <span class='ocrx_word' id='word_1_484' title='bbox 1097 3664 1154 3702; x_wconf 93' lang='lat' dir='ltr'>non</span> <span class='ocrx_word' id='word_1_485' title='bbox 1171 3646 1271 3718; x_wconf 91' lang='lat' dir='ltr'>liquet.</span> <span class='ocrx_word' id='word_1_486' title='bbox 1288 3647 1473 3718; x_wconf 83' lang='lat' dir='ltr'>Quamquam</span> <span class='ocrx_word' id='word_1_487' title='bbox 1490 3646 1562 3702; x_wconf 92' lang='lat' dir='ltr'>certi</span> <span class='ocrx_word' id='word_1_488' title='bbox 1578 3663 1684 3703; x_wconf 85' lang='lat' dir='ltr'>suurus</span> <span class='ocrx_word' id='word_1_489' title='bbox 1697 3646 1723 3703; x_wconf 91' lang='lat' dir='ltr'>id</span> <span class='ocrx_word' id='word_1_490' title='bbox 1737 3648 1786 3701; x_wconf 74' lang='lat' dir='ltr'>aa</span> 
     </span>
     <span class='ocr_line' id='line_1_40' title="bbox 115 3732 1785 3810; baseline -0.006 -15"><span class='ocrx_word' id='word_1_491' title='bbox 115 3739 255 3796; x_wconf 91' lang='lat' dir='ltr'>eumdum</span> <span class='ocrx_word' id='word_1_492' title='bbox 272 3735 407 3807; x_wconf 84' lang='lat' dir='ltr'>estquod</span> <span class='ocrx_word' id='word_1_493' title='bbox 424 3733 453 3788; x_wconf 92' lang='lat' dir='ltr'>in</span> <span class='ocrx_word' id='word_1_494' title='bbox 470 3732 581 3805; x_wconf 91' lang='lat' dir='ltr'>aliquot</span> <span class='ocrx_word' id='word_1_495' title='bbox 601 3732 801 3805; x_wconf 87' lang='lat' dir='ltr'>ejusdemloci</span> <span class='ocrx_word' id='word_1_496' title='bbox 830 3736 940 3792; x_wconf 89' lang='lat' dir='ltr'>chartis</span> <span class='ocrx_word' id='word_1_497' title='bbox 995 3754 1064 3810; x_wconf 90' lang='lat' dir='ltr'>pore</span> <span class='ocrx_word' id='word_1_498' title='bbox 1093 3736 1169 3791; x_wconf 90' lang='lat' dir='ltr'>beati</span> <span class='ocrx_word' id='word_1_499' title='bbox 1193 3733 1325 3790; x_wconf 89' lang='lat' dir='ltr'>Odilonis</span> <span class='ocrx_word' id='word_1_500' title='bbox 1354 3735 1523 3807; x_wconf 83' lang='lat' dir='ltr'>contigisse,</span> <span class='ocrx_word' id='word_1_501' title='bbox 1549 3737 1592 3791; x_wconf 91' lang='lat' dir='ltr'>uti</span> <span class='ocrx_word' id='word_1_502' title='bbox 1617 3736 1785 3793; x_wconf 82' lang='lat' dir='ltr'>discimuset</span> 
     </span>
     <span class='ocr_line' id='line_1_41' title="bbox 118 3821 1783 3896; baseline -0.004 -12"><span class='ocrx_word' id='word_1_503' title='bbox 118 3845 184 3884; x_wconf 88' lang='lat' dir='ltr'>eum</span> <span class='ocrx_word' id='word_1_504' title='bbox 201 3824 323 3883; x_wconf 87' lang='lat' dir='ltr'>Odilone</span> <span class='ocrx_word' id='word_1_505' title='bbox 338 3824 443 3879; x_wconf 88' lang='lat' dir='ltr'>abbate</span> <span class='ocrx_word' id='word_1_506' title='bbox 456 3821 638 3878; x_wconf 86' lang='lat' dir='ltr'>Cluniae-ensi</span> <span class='ocrx_word' id='word_1_507' title='bbox 664 3826 842 3877; x_wconf 86' lang='lat' dir='ltr'>memoretur</span> <span class='ocrx_word' id='word_1_508' title='bbox 865 3823 940 3880; x_wconf 90' lang='lat' dir='ltr'>alius</span> <span class='ocrx_word' id='word_1_509' title='bbox 994 3825 1125 3882; x_wconf 86' lang='lat' dir='ltr'>Waltccii</span> <span class='ocrx_word' id='word_1_510' title='bbox 1143 3823 1295 3880; x_wconf 82' lang='lat' dir='ltr'>AEduonsis</span> <span class='ocrx_word' id='word_1_511' title='bbox 1306 3823 1433 3896; x_wconf 89' lang='lat' dir='ltr'>episcopi</span> <span class='ocrx_word' id='word_1_512' title='bbox 1449 3824 1561 3893; x_wconf 88' lang='lat' dir='ltr'>charta,</span> <span class='ocrx_word' id='word_1_513' title='bbox 1572 3824 1625 3880; x_wconf 91' lang='lat' dir='ltr'>ubi</span> <span class='ocrx_word' id='word_1_514' title='bbox 1636 3823 1783 3881; x_wconf 78' lang='lat' dir='ltr'>occasionn</span> 
     </span>
     <span class='ocr_line' id='line_1_42' title="bbox 119 3906 1784 3987; baseline -0.004 -13"><span class='ocrx_word' id='word_1_515' title='bbox 119 3914 211 3984; x_wconf 88' lang='lat' dir='ltr'>Odilo,</span> <span class='ocrx_word' id='word_1_516' title='bbox 229 3913 277 3987; x_wconf 91' lang='lat' dir='ltr'>qui</span> <span class='ocrx_word' id='word_1_517' title='bbox 298 3912 408 3970; x_wconf 87' lang='lat' dir='ltr'>scilicet</span> <span class='ocrx_word' id='word_1_518' title='bbox 431 3909 655 3969; x_wconf 80' lang='lat' dir='ltr'>Celsiniecensis</span> <span class='ocrx_word' id='word_1_519' title='bbox 678 3912 846 3967; x_wconf 87' lang='lat' dir='ltr'>monasterii</span> <span class='ocrx_word' id='word_1_520' title='bbox 871 3918 941 3969; x_wconf 92' lang='lat' dir='ltr'>tunc</span> <span class='ocrx_word' id='word_1_521' title='bbox 995 3919 1023 3970; x_wconf 89' lang='lat' dir='ltr'>et</span> <span class='ocrx_word' id='word_1_522' title='bbox 1039 3914 1164 3969; x_wconf 86' lang='lat' dir='ltr'>rationes</span> <span class='ocrx_word' id='word_1_523' title='bbox 1178 3912 1265 3967; x_wconf 89' lang='lat' dir='ltr'>istius</span> <span class='ocrx_word' id='word_1_524' title='bbox 1280 3911 1398 3968; x_wconf 91' lang='lat' dir='ltr'>unionis</span> <span class='ocrx_word' id='word_1_525' title='bbox 1407 3912 1677 3985; x_wconf 78' lang='lat' dir='ltr'>laciendaipsemet</span> <span class='ocrx_word' id='word_1_526' title='bbox 1689 3906 1784 3985; x_wconf 67' lang='lat' dir='ltr'>aput</span> 
     </span>
     <span class='ocr_line' id='line_1_43' title="bbox 119 3996 1837 4077; baseline -0.004 -14"><span class='ocrx_word' id='word_1_527' title='bbox 119 4009 182 4063; x_wconf 89' lang='lat' dir='ltr'>erat</span> <span class='ocrx_word' id='word_1_528' title='bbox 199 4002 294 4077; x_wconf 81' lang='lat' dir='ltr'>prior;</span> <span class='ocrx_word' id='word_1_529' title='bbox 311 4018 411 4074; x_wconf 90' lang='lat' dir='ltr'>quare,</span> <span class='ocrx_word' id='word_1_530' title='bbox 424 4001 447 4055; x_wconf 90' lang='lat' dir='ltr'>si</span> <span class='ocrx_word' id='word_1_531' title='bbox 465 4000 640 4072; x_wconf 89' lang='lat' dir='ltr'>quandoque</span> <span class='ocrx_word' id='word_1_532' title='bbox 655 4004 811 4055; x_wconf 89' lang='lat' dir='ltr'>occurrant</span> <span class='ocrx_word' id='word_1_533' title='bbox 835 4001 941 4057; x_wconf 83' lang='lat' dir='ltr'>charte</span> <span class='ocrx_word' id='word_1_534' title='bbox 995 4002 1071 4058; x_wconf 91' lang='lat' dir='ltr'>hanc</span> <span class='ocrx_word' id='word_1_535' title='bbox 1083 4001 1177 4074; x_wconf 85' lang='lat' dir='ltr'>ipsam</span> <span class='ocrx_word' id='word_1_536' title='bbox 1193 4018 1227 4057; x_wconf 78' lang='lat' dir='ltr'>ex</span> <span class='ocrx_word' id='word_1_537' title='bbox 1241 4006 1354 4056; x_wconf 86' lang='lat' dir='ltr'>vetusto</span> <span class='ocrx_word' id='word_1_538' title='bbox 1370 4000 1539 4074; x_wconf 85' lang='lat' dir='ltr'>exemplari,</span> <span class='ocrx_word' id='word_1_539' title='bbox 1557 4001 1594 4057; x_wconf 90' lang='lat' dir='ltr'>ab</span> <span class='ocrx_word' id='word_1_540' title='bbox 1605 4002 1691 4059; x_wconf 87' lang='lat' dir='ltr'>annis</span> <span class='ocrx_word' id='word_1_541' title='bbox 1703 3996 1786 4058; x_wconf 75' lang='lat' dir='ltr'>cirtittt</span> <span class='ocrx_word' id='word_1_542' title='bbox 1835 4026 1837 4031; x_wconf 96' lang='lat'>·</span> 
     </span>
     <span class='ocr_line' id='line_1_44' title="bbox 52 4080 1786 4165; baseline -0.005 -13"><span class='ocrx_word' id='word_1_543' title='bbox 52 4122 56 4129; x_wconf 90' lang='lat'>·</span> <span class='ocrx_word' id='word_1_544' title='bbox 118 4092 250 4153; x_wconf 84' lang='lat' dir='ltr'>Odilonis</span> <span class='ocrx_word' id='word_1_545' title='bbox 264 4107 371 4148; x_wconf 84' lang='lat' dir='ltr'>nomen</span> <span class='ocrx_word' id='word_1_546' title='bbox 386 4089 580 4163; x_wconf 74' lang='lat' dir='ltr'>preferentes,</span> <span class='ocrx_word' id='word_1_547' title='bbox 597 4105 720 4160; x_wconf 88' lang='lat' dir='ltr'>quarum</span> <span class='ocrx_word' id='word_1_548' title='bbox 744 4088 940 4163; x_wconf 77' lang='lat' dir='ltr'>chronologici</span> <span class='ocrx_word' id='word_1_549' title='bbox 995 4090 1164 4165; x_wconf 78' lang='lat' dir='ltr'>quingentis</span> <span class='ocrx_word' id='word_1_550' title='bbox 1179 4095 1307 4155; x_wconf 81' lang='lat' dir='ltr'>exarato,</span> <span class='ocrx_word' id='word_1_551' title='bbox 1323 4090 1499 4162; x_wconf 85' lang='lat' dir='ltr'>proterimus</span> <span class='ocrx_word' id='word_1_552' title='bbox 1514 4090 1673 4165; x_wconf 86' lang='lat' dir='ltr'>integram.</span> <span class='ocrx_word' id='word_1_553' title='bbox 1690 4080 1786 4147; x_wconf 65' lang='lat' dir='ltr'>«Omni</span> 
     </span>
     <span class='ocr_line' id='line_1_45' title="bbox 117 4177 1787 4249; baseline -0.003 -9"><span class='ocrx_word' id='word_1_554' title='bbox 117 4183 299 4240; x_wconf 85' lang='lat' dir='ltr'>characteres</span> <span class='ocrx_word' id='word_1_555' title='bbox 323 4196 390 4234; x_wconf 91' lang='lat' dir='ltr'>cum</span> <span class='ocrx_word' id='word_1_556' title='bbox 414 4178 508 4234; x_wconf 87' lang='lat' dir='ltr'>sancti</span> <span class='ocrx_word' id='word_1_557' title='bbox 524 4177 656 4234; x_wconf 90' lang='lat' dir='ltr'>Odilonis</span> <span class='ocrx_word' id='word_1_558' title='bbox 683 4182 766 4233; x_wconf 81' lang='lat' dir='ltr'>etate</span> <span class='ocrx_word' id='word_1_559' title='bbox 790 4195 848 4234; x_wconf 92' lang='lat' dir='ltr'>non</span> <span class='ocrx_word' id='word_1_560' title='bbox 869 4181 941 4238; x_wconf 88' lang='lat' dir='ltr'>satis</span> <span class='ocrx_word' id='word_1_561' title='bbox 995 4182 1050 4236; x_wconf 92' lang='lat' dir='ltr'>bus</span> <span class='ocrx_word' id='word_1_562' title='bbox 1065 4178 1245 4235; x_wconf 87' lang='lat' dir='ltr'>Christicolis</span> <span class='ocrx_word' id='word_1_563' title='bbox 1258 4179 1313 4234; x_wconf 89' lang='lat' dir='ltr'>sub</span> <span class='ocrx_word' id='word_1_564' title='bbox 1330 4195 1434 4234; x_wconf 90' lang='lat' dir='ltr'>norma</span> <span class='ocrx_word' id='word_1_565' title='bbox 1456 4177 1608 4236; x_wconf 79' lang='lat' dir='ltr'>catholice</span> <span class='ocrx_word' id='word_1_566' title='bbox 1624 4180 1690 4237; x_wconf 90' lang='lat' dir='ltr'>tldei</span> <span class='ocrx_word' id='word_1_567' title='bbox 1709 4179 1787 4249; x_wconf 69' lang='lat' dir='ltr'>deget·</span> 
     </span>
     <span class='ocr_line' id='line_1_46' title="bbox 116 4253 1837 4343; baseline -0.007 -14"><span class='ocrx_word' id='word_1_568' title='bbox 116 4271 290 4337; x_wconf 80' lang='lat' dir='ltr'>cohereant,</span> <span class='ocrx_word' id='word_1_569' title='bbox 308 4285 365 4325; x_wconf 93' lang='lat' dir='ltr'>non</span> <span class='ocrx_word' id='word_1_570' title='bbox 382 4272 452 4324; x_wconf 92' lang='lat' dir='ltr'>sunt</span> <span class='ocrx_word' id='word_1_571' title='bbox 466 4268 503 4321; x_wconf 92' lang='lat' dir='ltr'>ob</span> <span class='ocrx_word' id='word_1_572' title='bbox 518 4266 547 4322; x_wconf 90' lang='lat' dir='ltr'>id</span> <span class='ocrx_word' id='word_1_573' title='bbox 562 4266 593 4322; x_wconf 92' lang='lat' dir='ltr'>in</span> <span class='ocrx_word' id='word_1_574' title='bbox 612 4266 734 4322; x_wconf 91' lang='lat' dir='ltr'>dubium</span> <span class='ocrx_word' id='word_1_575' title='bbox 761 4270 938 4338; x_wconf 82' lang='lat' dir='ltr'>revocanda,</span> <span class='ocrx_word' id='word_1_576' title='bbox 994 4269 1073 4325; x_wconf 88' lang='lat' dir='ltr'>tibus</span> <span class='ocrx_word' id='word_1_577' title='bbox 1103 4274 1204 4323; x_wconf 87' lang='lat' dir='ltr'>notum</span> <span class='ocrx_word' id='word_1_578' title='bbox 1231 4267 1453 4324; x_wconf 86' lang='lat' dir='ltr'>essevolumus</span> <span class='ocrx_word' id='word_1_579' title='bbox 1478 4268 1620 4340; x_wconf 89' lang='lat' dir='ltr'>quoniam</span> <span class='ocrx_word' id='word_1_580' title='bbox 1644 4285 1705 4343; x_wconf 85' lang='lat' dir='ltr'>ego,</span> <span class='ocrx_word' id='word_1_581' title='bbox 1719 4253 1786 4322; x_wconf 75' lang='lat' dir='ltr'>inlitt&#39;</span> <span class='ocrx_word' id='word_1_582' title='bbox 1835 4314 1837 4319; x_wconf 89' lang='grc'>,</span> 
     </span>
     <span class='ocr_line' id='line_1_47' title="bbox 116 4355 1785 4431; baseline -0.005 -12"><span class='ocrx_word' id='word_1_583' title='bbox 116 4359 344 4419; x_wconf 77' lang='lat' dir='ltr'>sedtribuende</span> <span class='ocrx_word' id='word_1_584' title='bbox 371 4355 485 4414; x_wconf 90' lang='lat' dir='ltr'>Odiloni</span> <span class='ocrx_word' id='word_1_585' title='bbox 515 4355 614 4429; x_wconf 90' lang='lat' dir='ltr'>priori.</span> <span class='ocrx_word' id='word_1_586' title='bbox 645 4355 737 4411; x_wconf 86' lang='lat' dir='ltr'>Unam</span> <span class='ocrx_word' id='word_1_587' title='bbox 769 4357 939 4427; x_wconf 85' lang='lat' dir='ltr'>hujusmodi</span> <span class='ocrx_word' id='word_1_588' title='bbox 994 4356 1785 4431; x_wconf 67' lang='lat' dir='ltr'>nomine,valterius,gratialleiAEduorumepiscopm·</span> 
     </span>
     <span class='ocr_line' id='line_1_48' title="bbox 116 4443 1786 4530; baseline -0.002 -23"><span class='ocrx_word' id='word_1_589' title='bbox 116 4448 247 4507; x_wconf 83' lang='lat' dir='ltr'>abactam</span> <span class='ocrx_word' id='word_1_590' title='bbox 263 4445 398 4502; x_wconf 81' lang='lat' dir='ltr'>exhibere</span> <span class='ocrx_word' id='word_1_591' title='bbox 413 4445 509 4500; x_wconf 86' lang='lat' dir='ltr'>risum</span> <span class='ocrx_word' id='word_1_592' title='bbox 521 4448 580 4500; x_wconf 90' lang='lat' dir='ltr'>est:</span> <span class='ocrx_word' id='word_1_593' title='bbox 599 4466 613 4493; x_wconf 72' lang='grc' dir='ltr'>«ι</span> <span class='ocrx_word' id='word_1_594' title='bbox 628 4448 659 4499; x_wconf 93' lang='lat' dir='ltr'>ln</span> <span class='ocrx_word' id='word_1_595' title='bbox 668 4443 717 4499; x_wconf 92' lang='lat' dir='ltr'>Dei</span> <span class='ocrx_word' id='word_1_596' title='bbox 730 4446 847 4500; x_wconf 84' lang='lat' dir='ltr'>nomine</span> <span class='ocrx_word' id='word_1_597' title='bbox 856 4446 939 4503; x_wconf 89' lang='lat' dir='ltr'>Odilo</span> <span class='ocrx_word' id='word_1_598' title='bbox 955 4466 978 4530; x_wconf 80' lang='lat' dir='ltr'>p</span> <span class='ocrx_word' id='word_1_599' title='bbox 994 4448 1029 4503; x_wconf 92' lang='lat' dir='ltr'>de</span> <span class='ocrx_word' id='word_1_600' title='bbox 1045 4447 1134 4502; x_wconf 89' lang='lat' dir='ltr'>rebus</span> <span class='ocrx_word' id='word_1_601' title='bbox 1150 4445 1281 4501; x_wconf 69' lang='lat' dir='ltr'>Ecclesiae</span> <span class='ocrx_word' id='word_1_602' title='bbox 1298 4445 1368 4500; x_wconf 89' lang='lat' dir='ltr'>mihi</span> <span class='ocrx_word' id='word_1_603' title='bbox 1385 4446 1475 4501; x_wconf 88' lang='lat' dir='ltr'>aDeo</span> <span class='ocrx_word' id='word_1_604' title='bbox 1491 4447 1658 4504; x_wconf 79' lang='lat' dir='ltr'>commisse</span> <span class='ocrx_word' id='word_1_605' title='bbox 1674 4446 1786 4529; x_wconf 59' lang='lat' dir='ltr'>capitiis</span> 
     </span>
     <span class='ocr_line' id='line_1_49' title="bbox 116 4524 1785 4609; baseline -0.002 -16"><span class='ocrx_word' id='word_1_606' title='bbox 116 4535 282 4593; x_wconf 85' lang='lat' dir='ltr'>Cluniensis</span> <span class='ocrx_word' id='word_1_607' title='bbox 297 4534 466 4591; x_wconf 87' lang='lat' dir='ltr'>monasterii</span> <span class='ocrx_word' id='word_1_608' title='bbox 483 4533 623 4606; x_wconf 82' lang='lat' dir='ltr'>indignus</span> <span class='ocrx_word' id='word_1_609' title='bbox 638 4534 788 4605; x_wconf 83' lang='lat' dir='ltr'>presbyter</span> <span class='ocrx_word' id='word_1_610' title='bbox 799 4538 828 4590; x_wconf 89' lang='lat' dir='ltr'>et</span> <span class='ocrx_word' id='word_1_611' title='bbox 847 4535 937 4608; x_wconf 86' lang='lat' dir='ltr'>negti·</span> <span class='ocrx_word' id='word_1_612' title='bbox 994 4541 1138 4609; x_wconf 91' lang='lat' dir='ltr'>quantum</span> <span class='ocrx_word' id='word_1_613' title='bbox 1155 4533 1252 4589; x_wconf 92' lang='lat' dir='ltr'>divina</span> <span class='ocrx_word' id='word_1_614' title='bbox 1267 4535 1405 4607; x_wconf 87' lang='lat' dir='ltr'>majestas</span> <span class='ocrx_word' id='word_1_615' title='bbox 1421 4551 1490 4590; x_wconf 77' lang='lat' dir='ltr'>meae</span> <span class='ocrx_word' id='word_1_616' title='bbox 1507 4534 1694 4607; x_wconf 87' lang='lat' dir='ltr'>possibilitati</span> <span class='ocrx_word' id='word_1_617' title='bbox 1714 4524 1785 4601; x_wconf 67' lang='lat' dir='ltr'>lerglfl</span> 
     </span>
     <span class='ocr_line' id='line_1_50' title="bbox 116 4620 1786 4700; baseline 0 -19"><span class='ocrx_word' id='word_1_618' title='bbox 116 4642 188 4700; x_wconf 81' lang='lat' dir='ltr'>gens</span> <span class='ocrx_word' id='word_1_619' title='bbox 217 4622 389 4688; x_wconf 88' lang='lat' dir='ltr'>monachus,</span> <span class='ocrx_word' id='word_1_620' title='bbox 422 4621 505 4678; x_wconf 90' lang='lat' dir='ltr'>Odilo</span> <span class='ocrx_word' id='word_1_621' title='bbox 536 4621 621 4678; x_wconf 86' lang='lat' dir='ltr'>etiem</span> <span class='ocrx_word' id='word_1_622' title='bbox 655 4620 842 4677; x_wconf 86' lang='lat' dir='ltr'>Celsiniensis</span> <span class='ocrx_word' id='word_1_623' title='bbox 877 4641 939 4679; x_wconf 88' lang='lat' dir='ltr'>mo·</span> <span class='ocrx_word' id='word_1_624' title='bbox 994 4624 1172 4697; x_wconf 83' lang='lat' dir='ltr'>dignabitur,</span> <span class='ocrx_word' id='word_1_625' title='bbox 1197 4622 1332 4696; x_wconf 80' lang='lat' dir='ltr'>colligere</span> <span class='ocrx_word' id='word_1_626' title='bbox 1360 4622 1536 4694; x_wconf 80' lang='lat' dir='ltr'>disperaset</span> <span class='ocrx_word' id='word_1_627' title='bbox 1559 4640 1727 4681; x_wconf 78' lang='lat' dir='ltr'>conservare</span> <span class='ocrx_word' id='word_1_628' title='bbox 1739 4628 1786 4674; x_wconf 70' lang='lat'>⁰⁰¹¹·</span> 
     </span>
     <span class='ocr_line' id='line_1_51' title="bbox 115 4696 1786 4788; baseline -0.004 -16"><span class='ocrx_word' id='word_1_629' title='bbox 115 4712 234 4774; x_wconf 86' lang='lat' dir='ltr'>nestorii</span> <span class='ocrx_word' id='word_1_630' title='bbox 251 4711 436 4786; x_wconf 77' lang='lat' dir='ltr'>prepositus,</span> <span class='ocrx_word' id='word_1_631' title='bbox 449 4715 477 4766; x_wconf 88' lang='lat' dir='ltr'>ot</span> <span class='ocrx_word' id='word_1_632' title='bbox 504 4704 607 4766; x_wconf 79' lang='lat' dir='ltr'>ceteri</span> <span class='ocrx_word' id='word_1_633' title='bbox 623 4711 727 4765; x_wconf 85' lang='lat' dir='ltr'>tratres</span> <span class='ocrx_word' id='word_1_634' title='bbox 746 4710 803 4766; x_wconf 90' lang='lat' dir='ltr'>Deo</span> <span class='ocrx_word' id='word_1_635' title='bbox 829 4711 938 4769; x_wconf 87' lang='lat' dir='ltr'>ibidem</span> <span class='ocrx_word' id='word_1_636' title='bbox 993 4717 1121 4788; x_wconf 85' lang='lat' dir='ltr'>gregata,</span> <span class='ocrx_word' id='word_1_637' title='bbox 1139 4711 1336 4767; x_wconf 85' lang='lat' dir='ltr'>necessarium</span> <span class='ocrx_word' id='word_1_638' title='bbox 1353 4712 1421 4767; x_wconf 85' lang='lat' dir='ltr'>duxi</span> <span class='ocrx_word' id='word_1_639' title='bbox 1436 4711 1517 4768; x_wconf 89' lang='lat' dir='ltr'>adire</span> <span class='ocrx_word' id='word_1_640' title='bbox 1532 4713 1688 4769; x_wconf 88' lang='lat' dir='ltr'>consilium</span> <span class='ocrx_word' id='word_1_641' title='bbox 1712 4696 1786 4767; x_wconf 71' lang='lat' dir='ltr'>domui</span> 
     </span>
     <span class='ocr_line' id='line_1_52' title="bbox 114 4782 1787 4872; baseline -0.008 -9"><span class='ocrx_word' id='word_1_642' title='bbox 114 4803 282 4864; x_wconf 73' lang='lat' dir='ltr'>servientes.</span> <span class='ocrx_word' id='word_1_643' title='bbox 314 4802 420 4858; x_wconf 88' lang='lat' dir='ltr'>Notum</span> <span class='ocrx_word' id='word_1_644' title='bbox 451 4817 514 4857; x_wconf 84' lang='lat' dir='ltr'>esse</span> <span class='ocrx_word' id='word_1_645' title='bbox 537 4799 673 4855; x_wconf 88' lang='lat' dir='ltr'>volumus</span> <span class='ocrx_word' id='word_1_646' title='bbox 698 4801 892 4872; x_wconf 75' lang='lat' dir='ltr'>praesentibus</span> <span class='ocrx_word' id='word_1_647' title='bbox 910 4806 938 4858; x_wconf 89' lang='lat' dir='ltr'>et</span> <span class='ocrx_word' id='word_1_648' title='bbox 993 4801 1124 4858; x_wconf 91' lang='lat' dir='ltr'>Odilonis</span> <span class='ocrx_word' id='word_1_649' title='bbox 1143 4800 1258 4857; x_wconf 88' lang='lat' dir='ltr'>abbatis</span> <span class='ocrx_word' id='word_1_650' title='bbox 1282 4799 1483 4857; x_wconf 77' lang='lat' dir='ltr'>cluniacensis</span> <span class='ocrx_word' id='word_1_651' title='bbox 1509 4801 1647 4871; x_wconf 87' lang='lat' dir='ltr'>coenobii,</span> <span class='ocrx_word' id='word_1_652' title='bbox 1674 4782 1787 4858; x_wconf 76' lang='lat' dir='ltr'>attensi</span> 
     </span>
     <span class='ocr_line' id='line_1_53' title="bbox 114 4889 1786 4967; baseline -0.004 -17"><span class='ocrx_word' id='word_1_653' title='bbox 114 4894 232 4961; x_wconf 82' lang='lat' dir='ltr'>tuturis,</span> <span class='ocrx_word' id='word_1_654' title='bbox 245 4890 395 4967; x_wconf 86' lang='lat' dir='ltr'>quiaillud</span> <span class='ocrx_word' id='word_1_655' title='bbox 408 4890 549 4963; x_wconf 82' lang='lat' dir='ltr'>prndium</span> <span class='ocrx_word' id='word_1_656' title='bbox 561 4889 938 4961; x_wconf 77' lang='lat' dir='ltr'>quodbonrememorieevir</span> <span class='ocrx_word' id='word_1_657' title='bbox 991 4891 1105 4946; x_wconf 81' lang='lat' dir='ltr'>Viviani</span> <span class='ocrx_word' id='word_1_658' title='bbox 1136 4895 1365 4962; x_wconf 75' lang='lat' dir='ltr'>ceterorumque</span> <span class='ocrx_word' id='word_1_659' title='bbox 1402 4891 1525 4946; x_wconf 78' lang='lat' dir='ltr'>fratrum</span> <span class='ocrx_word' id='word_1_660' title='bbox 1560 4889 1717 4964; x_wconf 86' lang='lat' dir='ltr'>supradicti</span> <span class='ocrx_word' id='word_1_661' title='bbox 1743 4892 1786 4939; x_wconf 63' lang='grc' dir='ltr'>Μ’</span> 
     </span>
     <span class='ocr_line' id='line_1_54' title="bbox 113 4964 1785 5054; baseline -0.005 -16"><span class='ocrx_word' id='word_1_662' title='bbox 113 4983 231 5050; x_wconf 87' lang='lat' dir='ltr'>nobilis,</span> <span class='ocrx_word' id='word_1_663' title='bbox 249 4981 367 5037; x_wconf 87' lang='lat' dir='ltr'>nomine</span> <span class='ocrx_word' id='word_1_664' title='bbox 383 4980 564 5052; x_wconf 78' lang='lat' dir='ltr'>llrrstorgius,</span> <span class='ocrx_word' id='word_1_665' title='bbox 580 4976 767 5032; x_wconf 87' lang='lat' dir='ltr'>cantulitDeo</span> <span class='ocrx_word' id='word_1_666' title='bbox 783 4981 811 5033; x_wconf 89' lang='lat' dir='ltr'>et</span> <span class='ocrx_word' id='word_1_667' title='bbox 826 4979 936 5034; x_wconf 87' lang='lat' dir='ltr'>sanctis</span> <span class='ocrx_word' id='word_1_668' title='bbox 991 4980 1122 5054; x_wconf 84' lang='lat' dir='ltr'>nasterii,</span> <span class='ocrx_word' id='word_1_669' title='bbox 1140 4981 1175 5035; x_wconf 88' lang='lat' dir='ltr'>de</span> <span class='ocrx_word' id='word_1_670' title='bbox 1191 4980 1318 5052; x_wconf 87' lang='lat' dir='ltr'>quodam</span> <span class='ocrx_word' id='word_1_671' title='bbox 1333 4983 1433 5035; x_wconf 86' lang='lat' dir='ltr'>nostro</span> <span class='ocrx_word' id='word_1_672' title='bbox 1457 4980 1649 5047; x_wconf 84' lang='lat' dir='ltr'>monasterio,</span> <span class='ocrx_word' id='word_1_673' title='bbox 1673 4964 1785 5035; x_wconf 70' lang='lat' dir='ltr'>roecurte</span> 
     </span>
     <span class='ocr_line' id='line_1_55' title="bbox 112 5051 1782 5143; baseline -0.004 -17"><span class='ocrx_word' id='word_1_674' title='bbox 112 5070 261 5143; x_wconf 83' lang='lat' dir='ltr'>apostolis,</span> <span class='ocrx_word' id='word_1_675' title='bbox 282 5069 501 5127; x_wconf 88' lang='lat' dir='ltr'>etmonnsterio</span> <span class='ocrx_word' id='word_1_676' title='bbox 527 5065 741 5131; x_wconf 84' lang='lat' dir='ltr'>celsiniacensi,</span> <span class='ocrx_word' id='word_1_677' title='bbox 765 5084 823 5121; x_wconf 92' lang='lat' dir='ltr'>non</span> <span class='ocrx_word' id='word_1_678' title='bbox 843 5068 936 5139; x_wconf 88' lang='lat' dir='ltr'>potui·</span> <span class='ocrx_word' id='word_1_679' title='bbox 991 5070 1190 5142; x_wconf 73' lang='lat' dir='ltr'>llagahrcnse</span> <span class='ocrx_word' id='word_1_680' title='bbox 1219 5069 1296 5140; x_wconf 92' lang='lat' dir='ltr'>quod</span> <span class='ocrx_word' id='word_1_681' title='bbox 1325 5067 1412 5124; x_wconf 86' lang='lat' dir='ltr'>estin</span> <span class='ocrx_word' id='word_1_682' title='bbox 1440 5066 1551 5124; x_wconf 89' lang='lat' dir='ltr'>honore</span> <span class='ocrx_word' id='word_1_683' title='bbox 1579 5068 1674 5125; x_wconf 85' lang='lat' dir='ltr'>sancti</span> <span class='ocrx_word' id='word_1_684' title='bbox 1693 5051 1782 5123; x_wconf 67' lang='lat' dir='ltr'>uerte</span> 
     </span>
     <span class='ocr_line' id='line_1_56' title="bbox 111 5152 1786 5237; baseline -0.002 -24"><span class='ocrx_word' id='word_1_685' title='bbox 111 5174 179 5213; x_wconf 89' lang='lat' dir='ltr'>mus</span> <span class='ocrx_word' id='word_1_686' title='bbox 195 5158 317 5214; x_wconf 88' lang='lat' dir='ltr'>retinere</span> <span class='ocrx_word' id='word_1_687' title='bbox 333 5159 417 5214; x_wconf 82' lang='lat' dir='ltr'>firma</span> <span class='ocrx_word' id='word_1_688' title='bbox 432 5174 512 5232; x_wconf 89' lang='lat' dir='ltr'>pace,</span> <span class='ocrx_word' id='word_1_689' title='bbox 530 5157 585 5211; x_wconf 87' lang='lat' dir='ltr'>nisi</span> <span class='ocrx_word' id='word_1_690' title='bbox 604 5156 757 5211; x_wconf 81' lang='lat' dir='ltr'>lietbertus</span> <span class='ocrx_word' id='word_1_691' title='bbox 772 5157 934 5212; x_wconf 81' lang='lat' dir='ltr'>avrinculus</span> <span class='ocrx_word' id='word_1_692' title='bbox 990 5162 1202 5221; x_wconf 87' lang='lat' dir='ltr'>consecratum,</span> <span class='ocrx_word' id='word_1_693' title='bbox 1220 5152 1786 5237; x_wconf 66' lang='lat' dir='ltr'>antecessorumnostrorumcempontcg</span> 
     </span>
     <span class='ocr_line' id='line_1_57' title="bbox 112 5242 1785 5320; baseline -0.003 -18"><span class='ocrx_word' id='word_1_694' title='bbox 112 5247 186 5318; x_wconf 78' lang='lat' dir='ltr'>elus,</span> <span class='ocrx_word' id='word_1_695' title='bbox 204 5245 247 5300; x_wconf 65' lang='lat' dir='ltr'>vir</span> <span class='ocrx_word' id='word_1_696' title='bbox 262 5246 369 5302; x_wconf 82' lang='lat' dir='ltr'>nutritis</span> <span class='ocrx_word' id='word_1_697' title='bbox 382 5252 410 5302; x_wconf 90' lang='lat' dir='ltr'>et</span> <span class='ocrx_word' id='word_1_698' title='bbox 424 5246 585 5303; x_wconf 83' lang='lat' dir='ltr'>catholicus</span> <span class='ocrx_word' id='word_1_699' title='bbox 600 5250 628 5301; x_wconf 87' lang='lat' dir='ltr'>ct.</span> <span class='ocrx_word' id='word_1_700' title='bbox 639 5244 934 5302; x_wconf 64' lang='lat' dir='ltr'>decanusrlrvernen·</span> <span class='ocrx_word' id='word_1_701' title='bbox 990 5264 1045 5302; x_wconf 92' lang='lat' dir='ltr'>non</span> <span class='ocrx_word' id='word_1_702' title='bbox 1063 5245 1157 5302; x_wconf 86' lang='lat' dir='ltr'>solum</span> <span class='ocrx_word' id='word_1_703' title='bbox 1174 5245 1301 5317; x_wconf 86' lang='lat' dir='ltr'>regulari</span> <span class='ocrx_word' id='word_1_704' title='bbox 1321 5246 1432 5308; x_wconf 84' lang='lat' dir='ltr'>ordine.</span> <span class='ocrx_word' id='word_1_705' title='bbox 1449 5247 1499 5302; x_wconf 90' lang='lat' dir='ltr'>scd</span> <span class='ocrx_word' id='word_1_706' title='bbox 1526 5245 1618 5303; x_wconf 86' lang='lat' dir='ltr'>etiam</span> <span class='ocrx_word' id='word_1_707' title='bbox 1641 5261 1712 5320; x_wconf 84' lang='lat' dir='ltr'>pene</span> <span class='ocrx_word' id='word_1_708' title='bbox 1730 5242 1785 5297; x_wconf 75' lang='lat' dir='ltr'>emt¹</span> 
     </span>
     <span class='ocr_line' id='line_1_58' title="bbox 112 5321 1785 5409; baseline -0.003 -18"><span class='ocrx_word' id='word_1_709' title='bbox 112 5335 154 5391; x_wconf 79' lang='lat' dir='ltr'>sis</span> <span class='ocrx_word' id='word_1_710' title='bbox 169 5334 313 5395; x_wconf 69' lang='lat' dir='ltr'>potesta,</span> <span class='ocrx_word' id='word_1_711' title='bbox 330 5335 499 5407; x_wconf 78' lang='lat' dir='ltr'>dignaretur</span> <span class='ocrx_word' id='word_1_712' title='bbox 514 5341 541 5391; x_wconf 91' lang='lat' dir='ltr'>et</span> <span class='ocrx_word' id='word_1_713' title='bbox 556 5337 666 5392; x_wconf 88' lang='lat' dir='ltr'>doruun</span> <span class='ocrx_word' id='word_1_714' title='bbox 682 5333 796 5406; x_wconf 89' lang='lat' dir='ltr'>nepotis</span> <span class='ocrx_word' id='word_1_715' title='bbox 811 5335 856 5390; x_wconf 90' lang='lat' dir='ltr'>sui</span> <span class='ocrx_word' id='word_1_716' title='bbox 868 5352 934 5391; x_wconf 91' lang='lat' dir='ltr'>con·</span> <span class='ocrx_word' id='word_1_717' title='bbox 988 5335 1113 5390; x_wconf 90' lang='lat' dir='ltr'>utilitate</span> <span class='ocrx_word' id='word_1_718' title='bbox 1124 5335 1308 5399; x_wconf 79' lang='lat' dir='ltr'>destitutum,</span> <span class='ocrx_word' id='word_1_719' title='bbox 1335 5340 1500 5391; x_wconf 75' lang='lat' dir='ltr'>rosurucare</span> <span class='ocrx_word' id='word_1_720' title='bbox 1525 5336 1649 5409; x_wconf 88' lang='lat' dir='ltr'>cupiens</span> <span class='ocrx_word' id='word_1_721' title='bbox 1672 5321 1785 5408; x_wconf 75' lang='lat' dir='ltr'>ipsunt*</span> 
     </span>
     <span class='ocr_line' id='line_1_59' title="bbox 111 5422 1786 5498; baseline -0.001 -16"><span class='ocrx_word' id='word_1_722' title='bbox 111 5426 239 5491; x_wconf 86' lang='lat' dir='ltr'>firmare,</span> <span class='ocrx_word' id='word_1_723' title='bbox 257 5426 401 5479; x_wconf 83' lang='lat' dir='ltr'>ctcxsua</span> <span class='ocrx_word' id='word_1_724' title='bbox 425 5430 505 5496; x_wconf 85' lang='lat' dir='ltr'>parto</span> <span class='ocrx_word' id='word_1_725' title='bbox 530 5425 696 5487; x_wconf 84' lang='lat' dir='ltr'>concedere,</span> <span class='ocrx_word' id='word_1_726' title='bbox 722 5423 798 5494; x_wconf 83' lang='lat' dir='ltr'>quod</span> <span class='ocrx_word' id='word_1_727' title='bbox 824 5427 852 5477; x_wconf 88' lang='lat' dir='ltr'>ct</span> <span class='ocrx_word' id='word_1_728' title='bbox 868 5424 933 5479; x_wconf 87' lang='lat' dir='ltr'>lecit</span> <span class='ocrx_word' id='word_1_729' title='bbox 989 5425 1145 5497; x_wconf 86' lang='lat' dir='ltr'>pristinum</span> <span class='ocrx_word' id='word_1_730' title='bbox 1164 5424 1332 5480; x_wconf 74' lang='lat' dir='ltr'>inonasticre</span> <span class='ocrx_word' id='word_1_731' title='bbox 1354 5423 1502 5497; x_wconf 83' lang='lat' dir='ltr'>roligionis</span> <span class='ocrx_word' id='word_1_732' title='bbox 1528 5424 1665 5498; x_wconf 86' lang='lat' dir='ltr'>gradum.</span> <span class='ocrx_word' id='word_1_733' title='bbox 1690 5422 1786 5487; x_wconf 67' lang='lat' dir='ltr'>idcelli</span> 
     </span>
     <span class='ocr_line' id='line_1_60' title="bbox 111 5511 1787 5586; baseline -0.004 -14"><span class='ocrx_word' id='word_1_734' title='bbox 111 5530 166 5572; x_wconf 88' lang='lat' dir='ltr'>sua</span> <span class='ocrx_word' id='word_1_735' title='bbox 179 5511 379 5569; x_wconf 82' lang='lat' dir='ltr'>benevolentia</span> <span class='ocrx_word' id='word_1_736' title='bbox 396 5518 425 5568; x_wconf 91' lang='lat' dir='ltr'>ct</span> <span class='ocrx_word' id='word_1_737' title='bbox 449 5512 622 5570; x_wconf 87' lang='lat' dir='ltr'>dulcissima</span> <span class='ocrx_word' id='word_1_738' title='bbox 646 5513 795 5569; x_wconf 86' lang='lat' dir='ltr'>charitate.</span> <span class='ocrx_word' id='word_1_739' title='bbox 823 5513 931 5570; x_wconf 87' lang='lat' dir='ltr'>ideirco</span> <span class='ocrx_word' id='word_1_740' title='bbox 988 5514 1041 5570; x_wconf 91' lang='lat' dir='ltr'>boc</span> <span class='ocrx_word' id='word_1_741' title='bbox 1058 5513 1119 5582; x_wconf 89' lang='lat' dir='ltr'>l&#39;cei,</span> <span class='ocrx_word' id='word_1_742' title='bbox 1138 5513 1276 5586; x_wconf 76' lang='lat' dir='ltr'>epitonium</span> <span class='ocrx_word' id='word_1_743' title='bbox 1293 5513 1407 5570; x_wconf 88' lang='lat' dir='ltr'>nullum</span> <span class='ocrx_word' id='word_1_744' title='bbox 1422 5513 1503 5571; x_wconf 90' lang='lat' dir='ltr'>aliud</span> <span class='ocrx_word' id='word_1_745' title='bbox 1519 5520 1580 5571; x_wconf 86' lang='lat' dir='ltr'>tam</span> <span class='ocrx_word' id='word_1_746' title='bbox 1603 5513 1720 5572; x_wconf 87' lang='lat' dir='ltr'>salubre</span> <span class='ocrx_word' id='word_1_747' title='bbox 1739 5516 1787 5565; x_wconf 78' lang='lat' dir='ltr'>cot·</span> 
     </span>
    </p>
   </div>
   <div class='ocr_carea' id='block_1_5' title="bbox 0 0 1946 6084">
    <p class='ocr_par' dir='ltr' id='par_1_5' title="bbox 0 0 1946 6084">
     <span class='ocr_line' id='line_1_61' title="bbox 0 0 1946 6084; baseline 0 2"><span class='ocrx_word' id='word_1_748' title='bbox 0 0 1946 6084; x_wconf 95' lang='lat' dir='ltr'> </span> 
     </span>
    </p>
   </div>
  </div>
 </body>
</html>
