3900 6098
101 282 170 345 sae
335 366 337 370 Α
898 278 1091 344 stomun.
1318 279 1321 283 ·
1788 300 1852 361 ,70

109 417 195 484 1435,
210 414 356 487 Eugenius
371 416 494 487 quartus
510 410 733 467 carrionenses
750 407 878 482 priores,
895 409 963 466 Clu·
978 411 1006 481 A
1021 413 1421 494 priisuominibusdesignat,
1434 425 1851 505 abiunluulieuturneglectam
1920 476 1924 483 .

109 505 302 562 niaceusibus
317 504 490 571 subtractos,
507 499 631 556 abbatis
648 499 744 554 titulo
763 498 894 556 donauit.
1021 502 1166 560 beatarum
1179 506 1379 567 cluniacensis
1393 517 1561 572 monasterii
1574 518 1785 578 restitutionem
1802 540 1850 578 ex·
1888 504 1895 513 ’
1940 530 1946 539 ’

108 612 162 669 Vl.
180 612 355 667 Summarum
368 611 531 683 pontificum,
548 623 660 734 gripum,
679 605 870 676 aliorumque
881 609 964 680 prin.
1020 595 1299 654 communicationis
1327 599 1443 657 vinculo
1471 603 1613 661 innodare
1634 624 1691 663 nou
1721 610 1849 666 ditt'erat.

222 684 316 755 cipum
328 698 393 752 erpa
411 688 529 737 cunctum
592 680 703 734 clune-m
722 674 855 745 affectus.
1020 679 1149 738 ioannes
1165 683 1235 755 XIX,
1247 689 1279 742 ut
1293 689 1408 760 profert
1422 691 1527 748 titulus
1542 693 1571 749 in
1589 694 1716 753 Bullario
1731 676 1850 754 Clunia·

149 772 197 828 95.
213 772 308 827 'lauta
333 774 393 826 erat
407 767 640 826 cluniacensium
658 764 890 823 monachorum
907 768 964 824 sub
1019 770 1190 845 censi,pag.
1200 773 1227 841 8,
1243 774 1407 835 interventu
1418 780 1510 836 sancti
1523 781 1638 838 Hearici
1651 783 1849 856 imperatoris,
1890 802 1893 807 ·

112 860 196 919 beati
211 859 344 917 Odilonia
359 858 494 931 regimine
508 854 674 913 sanctitatis
695 850 800 919 suma,
814 861 847 913 ut
862 856 964 913 tideles
1015 859 1087 930 jura
1101 861 1272 918 omniatam
1287 865 1734 944 spiritualiaquamtemporalia
1746 890 1849 935 mona-

112 949 229 1024 quique
237 965 271 1004 ac
280 948 320 1021 pii
330 947 383 1002 uiri
391 963 440 1003 eos
450 945 597 1002 beneficiis
607 949 658 1001 aut
666 942 893 1003 donationibus
905 946 963 1002 sibi
1019 946 1101 1002 sterii
1116 948 1318 1009 cluniacensis
1333 955 1460 1012 asseruit
1474 958 1503 1013 iu
1519 958 1644 1030 epistola
1659 977 1747 1033 quam
1764 978 1798 1018 ea
1812 963 1849 1018 de

112 1038 269 1096 devincire
283 1040 424 1108 cuperent
434 1035 488 1090 rati
499 1034 572 1090 nibil
585 1034 644 1092 sibi
655 1030 849 1103 delaturum,
862 1035 887 1092 si
900 1040 964 1093 tan·
1019 1052 1050 1091 re
1066 1037 1187 1108 scripsit
1199 1039 1325 1098 Odiloni.
1343 1043 1493 1102 Laudatur
1507 1046 1616 1104 ibidem
1633 1048 1691 1104 alia
1715 1051 1850 1122 ejusdem

111 1133 218 1186 torum
234 1127 364 1182 virorum
383 1123 513 1197 precibus
531 1128 559 1179 et
574 1120 750 1197 patrocinio
772 1125 850 1196 apud
868 1125 962 1181 Deum
1019 1124 1168 1198 pontilicis
1184 1128 1318 1200 epistola,
1336 1148 1394 1204 qua
1410 1132 1574 1191 interventu
1586 1138 1710 1193 conradi
1721 1139 1851 1211 impera-

112 1218 343 1290 sdjuvsreutur.
355 1212 426 1269 lliuc
437 1216 480 1268 tot
489 1212 664 1283 pontificum
678 1208 846 1279 bullas,tot
858 1229 963 1288 regum
1018 1214 1090 1271 toris
1106 1215 1208 1271 omllitt
1229 1221 1398 1276 monasterii
1422 1221 1622 1280 cluniacensis
1643 1225 1721 1282 bona
1736 1231 1765 1283 et
1779 1229 1851 1300 jura

111 1311 142 1363 et
157 1306 375 1378 imperatorum
392 1299 552 1374 diplomata
569 1301 600 1357 in
618 1317 720 1357 eorum
742 1302 868 1375 gratiam
892 1304 964 1358 data
1018 1303 1185 1359 consumat.
1203 1304 1280 1363 idem
1297 1308 1436 1380 pontifex,
1453 1310 1483 1365 iu
1499 1312 1622 1384 epistola
1633 1313 1669 1369 ad
1687 1313 1850 1373 llobertum

111 1395 260 1469 legimus,
274 1391 359 1465 queis
368 1395 524 1446 autretera
535 1389 692 1464 privilegia
702 1392 961 1463 confirmarentur,
1020 1393 1199 1448 Francorum
1216 1410 1324 1468 regem,
1345 1412 1412 1451 eum
1429 1402 1461 1453 ut
1476 1399 1611 1454 cumdem
1627 1399 1723 1456 locum
1746 1408 1851 1458 contra

110 1490 169 1541 aut
184 1499 264 1539 nova
276 1481 520 1545 concederent.ur;
534 1482 582 1534 tot
594 1480 762 1553 principum
775 1482 964 1556 aliorumque
1018 1481 1168 1537 invasores
1192 1486 1310 1539 tueatur
1324 1484 1438 1541 invitat.
1455 1485 1577 1559 Scripsit
1596 1491 1624 1543 et
1640 1488 1677 1543 ad
1702 1488 1850 1545 burchar-

112 1573 265 1638 uirorum,
282 1568 424 1625 nobilium
444 1565 536 1622 simul
562 1572 593 1623 et
617 1567 805 1639 ignobilium,
831 1571 962 1640 chartas,
1017 1569 1601 1648 duurLugdunensemarchiepiscopum,
1614 1576 1852 1634 tumadGausle-

111 1662 231 1736 quibus
247 1666 300 1715 aut
314 1675 387 1714 nova
411 1656 650 1713 instituebantur
664 1659 798 1715 caenobia
812 1678 830 1715 a
844 1659 963 1716 Cluuia·
1019 1675 1090 1714 uum
1102 1657 1356 1729 Matisconensem,
1369 1679 1420 1734 pro
1431 1664 1589 1720 asserenda
1601 1664 1734 1736 ejusdem
1747 1682 1849 1722 mous-

111 1750 262 1808 ceusibus
277 1745 429 1803 monachis
443 1744 653 1810 inhabitanda,
671 1752 721 1802 aut
737 1752 813 1804 certe
822 1750 886 1821 J'am
902 1766 963 1806 ere·
1019 1746 1100 1802 sterit
1116 1745 1304 1805 immunitate
1319 1751 1355 1806 ab
1367 1751 1446 1806 omui
1455 1751 1661 1823 jurisdictione
1676 1754 1847 1827 episcopali.

112 1844 164 1897 ctu
181 1835 458 1912 praediisvariisque
470 1833 714 1905 possessionibus
725 1837 963 1909 augebantur,ut
1018 1838 1049 1891 lu
1065 1832 1189 1906 epistola
1199 1842 1298 1893 autern
1315 1839 1349 1894 ad
1363 1838 1511 1896 universes
1527 1840 1628 1897 batales
1639 1842 1749 1898 directa
1759 1848 1850 1900 testa-

112 1931 148 1986 in
164 1929 211 1985 eis
224 1925 332 1983 saltem
348 1927 525 1982 accresseret
541 1923 603 1980 Deo
618 1924 675 1980 sub
690 1929 748 1981 tum
762 1931 864 1981 sancta
875 1926 963 1982 disci·
1016 1930 1066 1980 tur
1080 1940 1123 1991 se,
1139 1933 1359 1983 urrtecessorum
1372 1944 1494 1983 suorum
1504 1927 1848 2001 uestigiisinharentem,

115 2017 202 2093 plina
210 2014 404 2073 servientium
417 2029 571 2068 numerus.
581 2011 698 2068 Cartare
706 2013 961 2084 ridebanturpnn·
1016 2027 1083 2066 cum
1099 2028 1243 2068 consensu
1260 2014 1424 2070 multorum
1441 2015 1648 2088 episcoporum
1665 2020 1735 2073 tunc
1750 2018 1850 2075 Roma
1911 2010 1915 2021 '

114 2108 257 2163 tiliceset
272 2119 368 2175 reges,
387 2101 445 2156 utri
460 2117 563 2156 corum
580 2117 651 2174 erga
672 2101 880 2157 Cluniucenses
896 2118 962 2157 mn·
1017 2099 1047 2154 in
1062 2102 1172 2172 syuodo
1188 2102 1217 2157 iu
1235 2103 1390 2174 prasentia
1404 2104 1507 2160 donini
1523 2104 1647 2160 Conradi
1663 2104 1849 2180 imperatoris

112 2193 342 2271 guiliccutiorcs
352 2194 462 2247 esseut.
475 2189 634 2246 Pontifices
646 2190 897 2246 intercedentibus
913 2208 965 2246 sa·
1018 2203 1110 2260 nuper
1123 2191 1252 2246 coronati
1268 2197 1525 2265 congregatarum,
1550 2192 1650 2250 omnia
1673 2194 1849 2252 cluniacen-

107 2284 173 2342 culi
188 2280 377 2356 principibus
392 2278 881 2352 privilegiaimpertiebantur,isti
894 2296 963 2335 vero
1018 2274 1525 2353 siumprivilegiantimmunitutcs
1547 2283 1750 2341 confirmasse.
1778 2288 1850 2341 [tata
1896 2318 1900 2331 ι

112 2368 378 2432 commendatione
402 2367 585 2440 pontificum,
602 2385 658 2424 sua
683 2369 857 2425 auctoritate
883 2368 965 2425 baua
1017 2370 1062 2422 est
1077 2367 1179 2439 quintu
1203 2369 1349 2426 Kalendas
1370 2369 1489 2442 Aprilis,
1511 2387 1587 2427 anuo
1619 2370 1742 2428 ioannis
1767 2389 1849 2446 papa

115 2460 303 2520 monasterio
311 2460 375 2531 J'am
391 2462 475 2530 parta
487 2458 657 2524 tuebantur,
670 2458 814 2530 novisque
826 2458 965 2514 donatio·
1018 2456 1114 2525 tertio,
1130 2455 1332 2527 indictiones,
1345 2475 1408 2531 quar
1420 2459 1538 2531 quidem
1551 2458 1761 2534 chronologica
1773 2466 1848 2518 notu

118 2552 210 2609 uibus
226 2554 327 2606 vetera
342 2545 571 2618 amplificabant.
1018 2563 1095 2602 anno
1114 2547 1181 2600 luet
1196 2548 1306 2619 optimc
1321 2553 1497 2621 congruunt.
1519 2549 1649 2621 Denique
1673 2548 1808 2606 Clemens
1824 2551 1849 2608 ll

154 2642 203 2696 at.
217 2638 326 2693 l'idcre
341 2639 385 2690 est
400 2634 429 2688 iu
455 2633 535 2689 bulla
549 2634 680 2708 Gregorii
697 2635 802 2707 quinti,
820 2651 916 2707 quam
934 2651 967 2692 se
1019 2636 1055 2691 ad
1072 2635 1235 2707 episcopos,
1249 2636 1396 2709 principes
1406 2641 1434 2692 et
1445 2636 1708 2709 nrsguatesttalliur
1719 2638 1848 2710 scripsit,

119 2732 294 2788 interventu
305 2723 420 2781 Ottouis
434 2722 618 2795 imperatoria
630 2724 810 2781 concessisse
820 2728 966 2792 testatur,
1021 2728 1053 2780 ut
1072 2722 1114 2793 eis
1141 2723 1250 2795 pariter
1273 2723 1472 2780 Cluuiaccusis
1496 2724 1665 2780 monasterii
1694 2724 1849 2784 tuitionem

121 2836 216 2895 quarn
244 2819 379 2873 accurate
394 2817 423 2868 et
441 2812 608 2869 minutatim
630 2813 730 2868 omnia
754 2813 967 2872 cluniacensis
1020 2813 1249 2870 commendaret.

124 2904 305 2966 monasterii
334 2903 411 2959 bona
435 2902 622 2969 recensuerit,
638 2917 675 2957 ue
698 2918 756 2973 qua
774 2905 874 2958 essent
899 2922 967 2977 qua·
1055 2903 1098 2959 ut.
1117 2901 1178 2965 Quo
1194 2907 1292 2958 autem
1309 2901 1372 2957 loco
1387 2902 1464 2974 apud
1482 2901 1580 2957 saculi
1602 2902 1750 2975 principes
1765 2903 1849 2961 habi·

125 2997 227 3073 ipsius
241 2993 465 3051 conltrmatione
479 2994 621 3047 carerent.
635 2990 775 3046 Editaest
789 2991 818 3046 iu
833 2990 967 3050 bullario
1020 2996 1069 3048 tus
1084 2991 1171 3046 t'ucrit
1194 2990 1288 3058 tldilo,
1310 2991 1436 3063 probant
1461 2989 1627 3063 complures
1655 2990 1849 3049 donationum

125 3082 329 3150 cluniacensi,
341 3098 407 3154 pag.
422 3080 463 3148 lt),
476 3095 566 3151 quarn
576 3078 642 3134 ideo
656 3078 714 3134 huc
730 3078 857 3151 prolerre
867 3080 966 3137 visum
1022 3081 1127 3136 charta
1144 3096 1218 3151 quas
1234 3096 1325 3152 supra
1341 3078 1536 3145 laudavimus,
1554 3079 1673 3135 etruria
1687 3077 1851 3151 diplomata

128 3166 964 3239 nnncst.0bservationediguasuutqureibidem,pag.tl,
981 3156 1004 3225 C
1023 3170 1052 3226 in
1067 3170 1132 3241 ejus
1153 3168 1276 3241 gratiam
1302 3168 1379 3224 data.
1399 3167 1478 3223 ldem
1504 3171 1651 3224 testantur
1673 3168 1848 3241 pontificum

127 3257 625 3330 silvesterll,Grcgoriisuccessor,
638 3255 800 3312 adbeatum
811 3254 965 3314 Odiloncm
1021 3257 1116 3325 bulla,
1132 3257 1285 3330 inquibus
1302 3255 1426 3312 ltouraui
1442 3256 1593 3329 pontificos
1609 3256 1848 3315 cluniacensium

130 3350 256 3410 scribit:
271 3348 448 3404 siluerim...
471 3344 583 3401 tldiloni
606 3344 704 3400 dilecto
729 3345 798 3415 fitia,
822 3349 848 3400 ct
872 3346 967 3403 abbati
1020 3363 1121 3404 curam
1138 3363 1169 3403 se
1185 3345 1351 3418 suscepisse
1366 3350 1521 3414 testantur,
1542 3346 1578 3401 ud
1604 3344 1633 3402 id
1659 3345 1848 3420 potissimum

130 3441 278 3515 praeclaro,
288 3441 370 3509 uiuite
381 3434 738 3505 uniuersaeconpreputicni
750 3436 806 3490 cibi
818 3437 966 3492 cunrmissae
1019 3435 1229 3509 imperatorum
1243 3440 1293 3491 aut
1310 3451 1412 3507 regum
1428 3435 1592 3491 interventu
1610 3435 1745 3507 permoti.
1761 3434 1846 3493 Certe

135 3531 247 3586 mcum
261 3526 381 3583 salutem
397 3524 609 3596 etapoatuticam
624 3522 847 3578 benedictionem.
867 3524 965 3581 l'eatris
1020 3527 1087 3581 Otto
1097 3525 1210 3594 tertius,
1222 3542 1280 3597 quo
1292 3525 1454 3597 imperante
1464 3522 1547 3579 Odilo
1559 3524 1587 3579 in
1600 3524 1769 3581 monasterii
1778 3524 1831 3580 Clu

136 3635 182 3675 nus
196 3616 380 3674 sanctissimis
394 3615 470 3670 urrani
484 3622 605 3684 tempore
620 3613 814 3669 committimus
832 3614 965 3669 orationi·
1021 3614 1166 3671 nicaensis
1185 3615 1314 3689 regimen
1331 3617 1503 3685 assumptus
1518 3617 1574 3680 est,
1591 3612 1774 3669 consumavit
1789 3613 1847 3687 ipsi

143 3707 196 3773 bus,
212 3715 238 3762 ct
252 3715 283 3762 ut
298 3706 420 3775 occipere
433 3703 589 3775 ‹tiprramini
601 3700 883 3773 filialibuseuoramus
895 3704 965 3773 peti·
1021 3704 1231 3760 monasterium
1248 3702 1340 3759 sancti
1357 3701 1449 3758 Maioli
1464 3702 1542 3774 apud
1558 3701 1689 3774 Papiam,
1706 3706 1739 3758 ut
1753 3719 1787 3758 ex
1801 3703 1847 3758 di·
1903 3752 1906 3757 .

144 3796 275 3851 limitas:
295 3795 363 3867 puin
391 3795 420 3848 in
440 3807 601 3864 quoeunque
623 3796 715 3847 ceaster
730 3792 847 3846 vuluerit
867 3798 963 3860 status,
1020 3789 1149 3863 plomate
1164 3808 1198 3847 ca
1209 3791 1244 3845 dc
1256 3807 1286 3846 re
1297 3790 1427 3847 contacto
1438 3791 1607 3862 putantquod
1624 3806 1658 3845 ex
1669 3789 1848 3848 Bibliotheca

147 3885 215 3939 nutto
228 3882 306 3940 medo
334 3890 419 3938 uestcr
445 3881 580 3952 desectum
608 3880 706 3936 se'ntict
733 3882 878 3952 profectus,
908 3885 963 3935 otc.
1019 3879 1202 3936 cluniacensi
1210 3881 1273 3951 jum
1283 3877 1578 3952 supralaudarimus.
1590 3879 1650 3935 ura
1661 3879 1773 3936 ceteris
1782 3896 1848 3937 vero
1891 3866 1896 3875 ¹

67 4014 69 4019 .
150 3970 369 4028 llabeurusduas
379 3969 525 4025 lieucdicti
535 3965 964 4040 VlllepistolasadrcrsusClu-
1019 3967 1171 4026 Odilcncm
1187 3967 1277 4025 coluit
1291 3966 1430 4024 adhelais
1443 3968 1585 4039 magneta,
1601 3966 1737 4024 Ottonisl
1754 3968 1846 4040 impe·

153 4059 283 4117 aiaceusis
300 4058 468 4115 monasterii
486 4057 631 4114 bonorum
647 4056 805 4114 invaseres.
823 4058 853 4114 ln
874 4057 963 4130 priori
1019 4059 1125 4114 ratoris
1144 4075 1226 4124 uxor,
1242 4056 1435 4129 cujusVitam
1448 4055 1510 4128 ipse
1525 4056 1571 4112 vir
1582 4060 1701 4111 sauctus
1716 4056 1848 4111 couscri-

155 4146 259 4218 cpistola
280 4147 454 4204 adhortatur
467 4144 642 4219 Aquitania,
659 4146 833 4220 Bnrguudiar
846 4163 880 4204 ac
896 4147 963 4204 Pro·
1019 4148 1086 4220 psit.
1105 4146 1228 4203 Unicum
1245 4146 1342 4202 locum
1354 4144 1482 4218 prolerre
1496 4145 1634 4213 suitleiet,
1646 4160 1681 4199 ex
1696 4161 1754 4216 quo
1765 4148 1847 4216 pate-

154 4234 236 4293 uncia
246 4237 407 4311 episcopos,
419 4235 528 4309 quibua
544 4235 608 4308 ipse
623 4235 764 4309 inscripta
779 4240 833 4305 cst,
850 4242 882 4292 ut
892 4236 962 4291 viri·
1019 4235 1062 4290 bit
1076 4239 1186 4308 quanta
1201 4239 1229 4290 et
1244 4251 1332 4307 quam
1350 4235 1466 4289 sincera
1487 4233 1576 4291 luerit
1590 4234 1680 4289 beate
1696 4232 1787 4303 hujus
1802 4233 1846 4289 le·

155 4318 208 4378 liter
220 4331 305 4400 agant
319 4327 348 4382 iu
364 4325 472 4382 tuendo
483 4322 667 4381 cluniacensi
684 4325 871 4392 monasterio,
884 4326 961 4397 quod
1018 4324 1104 4379 mium
1119 4340 1187 4397 erga
1201 4328 1334 4379 sanctum
1351 4323 1487 4379 abbatem
1502 4322 1659 4379 veneratio.
1674 4321 1719 4377 Sic
1734 4321 1845 4395 quippe

155 4411 314 4470 ⁸Willelmo
330 4412 514 4469 nobilissimo
525 4412 739 4485 aquitanorum
751 4412 882 4486 principe
892 4429 962 4469 cou-
1017 4413 1131 4469 eadere
1144 4409 1485 4486 loquituripseOdilo,de
1496 4427 1537 4479 se,
1546 4409 1707 4467 tacitolicet
1715 4410 1846 4477 nomine,

152 4498 292 4572 ducturi,
304 4508 333 4559 et
348 4502 384 4559 ab
400 4518 444 4569 co,
459 4500 608 4573 simulque
619 4501 808 4558 laudantibus
822 4507 850 4558 et
860 4519 962 4576 appro-
976 4525 1001 4593 D
1017 4502 1059 4559 sio
1073 4502 1215 4575 loquens:
1235 4506 1301 4559 Frat
1322 4501 1431 4574 quidem
1457 4502 1498 4556 ibi
1512 4502 1540 4557 iu
1567 4501 1717 4573 presentia
1746 4498 1844 4572 ipsius,

148 4576 275 4649 talaribus
290 4593 490 4649 Romanorum
501 4590 689 4663 imperatore,
701 4608 733 4647 ac
744 4592 922 4647 Francorum
934 4596 964 4648 ct
1017 4591 1105 4665 paulo
1121 4591 1231 4647 scilicet
1243 4594 1330 4647 autea
1344 4607 1433 4663 quarn
1449 4593 1527 4646 esset
1541 4606 1556 4646 e
1571 4590 1630 4645 vita
1645 4588 1771 4657 exitura,
1786 4603 1846 4643 mo·

86 4734 89 4739 .
143 4660 380 4760 ilrguuuionum
390 4679 711 4753 regibus,subspeciali
721 4681 857 4736 Romane
868 4679 963 4736 Eccle·
1014 4680 1129 4747 nacbus,
1145 4682 1203 4752 qui,
1220 4680 1283 4736 licet
1296 4688 1363 4736 esset
1379 4679 1510 4750 indipnus
1524 4679 1608 4735 abbas
1623 4679 1749 4744 vocitari,
1761 4677 1795 4733 ub
1809 4692 1845 4731 uu

138 4760 178 4846 ’ξῦ
196 4767 291 4826 tutela
307 4768 435 4843 positum
447 4769 552 4824 fuerat.
567 4768 607 4823 Ex
623 4769 724 4824 eudem
740 4769 863 4841 epistola
876 4768 960 4825 colli·
1017 4773 1109 4827 tunreu
1129 4768 1280 4841 putabatur
1304 4769 1423 4840 cluuiaru
1437 4784 1493 4824 ease
1509 4768 1640 4824 rrrmncnti
1649 4784 1660 4822 .·
1682 4781 1763 4839 quem
1783 4781 1846 4821 rum

133 4846 238 4914 fflfflus
251 4859 410 4915 Robertum
426 4857 605 4913 Francorum
622 4873 718 4930 regem
734 4858 880 4930 ejusmodi
897 4874 962 4914 mo·
1017 4859 1068 4915 itta
1082 4859 1236 4930 respiceret,
1248 4866 1274 4914 et
1288 4859 1346 4929 ipsc
1356 4873 1417 4913 earn
1426 4865 1493 4913 essct
1504 4858 1631 4924 intuitus,
1644 4856 1723 4927 caepit
1732 4862 1846 4926 umque

129 4934 296 5005 ”lehunum
307 4945 962 5020 cluniacensiumvexationesergreadmodum
978 5000 981 5005 .
1016 4949 1082 5019 llere
1096 4947 1217 5004 uberius.
1228 4949 1328 5002 Dicam
1336 4961 1397 5001 cum
1401 4946 1466 5018 ptus
1478 4946 1585 5018 secuse,
1595 4960 1679 5016 uuam
1693 4944 1718 4999 si
1727 4942 1845 5000 dicerem

127 5010 251 5104 ²⁰¹58se,
263 5035 409 5109 siquidem
421 5034 549 5108 pontifex
560 5038 684 5091 testatur
693 5035 827 5107 querelas
838 5051 872 5092 ca
885 5035 922 5092 dc
931 5052 962 5092 re
1016 5053 1077 5092 com
1090 5037 1191 5092 inultus
1206 5036 1331 5107 infirmos
1353 5051 1475 5091 sortasse.
1495 5034 1598 5090 l'eatem
1620 5034 1695 5089 cuim
1715 5034 1783 5088 sutis
1797 5033 1845 5087 in·

125 5098 153 5156 ¹⁶
166 5124 314 5181 saisisse
325 5123 438 5179 delatas
452 5124 483 5177 in
495 5125 645 5195 prasentia
669 5124 722 5179 beo
745 5125 834 5182 deuoti
855 5114 979 5182 domini'
1014 5127 1128 5189 cultum,
1145 5142 1201 5198 qua
1224 5133 1283 5181 erut
1298 5124 1422 5191 indutus,
1439 5123 1583 5180 humiliter
1604 5121 1793 5196 apprclmndit,
1818 5130 1845 5178 et

209 5216 244 5269 rti
257 5214 328 5284 repis
341 5215 519 5279 Francorum,
533 5213 746 5285 principumque
768 5214 828 5286 ejus
841 5217 868 5270 et
891 5216 960 5287 opti·
1014 5215 1194 5272 sanctissimis
1217 5214 1314 5280 acutis,
1331 5213 1552 5270 etscmnissimac
1571 5226 1632 5269 sum
1653 5212 1738 5283 famei
1767 5225 1843 5266 oscu-

126 5291 251 5369 mum,
265 5304 314 5377 uui
328 5318 391 5358 cam
404 5317 434 5358 ee
456 5301 637 5358 veneruntad
652 5302 752 5359 limina
765 5304 959 5375 apostotorum.
1016 5306 1097 5361 tando
1113 5306 1262 5378 impressit,
1277 5304 1356 5376 mque
1366 5302 1511 5360 humiliter
1523 5313 1548 5361 et
1562 5318 1625 5360 cum
1636 5301 1844 5360 sitentiodicit:
1880 5370 1884 5376 ,

131 5365 959 5464 bleranamdietipapeepistolainscriptaestStephano
1016 5418 1030 5444 a
1046 5394 1174 5451 Memento
1202 5394 1266 5462 mci,
1281 5392 1334 5464 fili,
1358 5394 1389 5448 in
1415 5393 1644 5466 contemplativis,
1667 5399 1692 5449 et
1717 5391 1845 5447 sciasne

137 5456 307 5537 ”vernensi
324 5478 472 5553 episcopo,
498 5479 544 5534 cui
561 5480 682 5536 mandat
698 5479 903 5537 utnounullos
926 5499 961 5538 ex
1014 5499 1070 5539 non
1098 5484 1218 5556 amptius
1246 5490 1271 5538 te
1288 5482 1411 5537 ausurum
1437 5483 1624 5556 corporalibus
1653 5481 1749 5538 ocutis.
1774 5478 1842 5533 Cum

140 5563 282 5633 Mutus
291 5567 476 5645 insuperiori
485 5567 960 5649 epistolsiuvasoritus,quospro-
1013 5574 1089 5633 raim
1103 5572 1232 5632 banania
1250 5572 1331 5633 rebus
1354 5586 1502 5645 mmscro,
1528 5571 1698 5633 credentias
1720 5570 1841 5650 [rutrum
