3900 6098
102 272 166 337 993
861 269 1084 333 saltatores

1793 310 1854 375 stt-t

105 402 943 478 divinamajestatcsublimitas.0uamsublimisinsuis,
959 401 1039 472 Alia
1063 407 1268 480 antiquorum
1296 420 1398 471 ratum
1428 421 1598 488 testimonia
1628 437 1663 492 de
1692 443 1855 502 &pompm

103 513 198 571 quam
210 495 333 551 humilis
345 495 373 551 in
386 497 542 563 nostrisin
554 515 683 572 praesepe
690 496 819 570 jacebat,
829 493 859 548 in
871 492 943 548 cudo
1000 490 1112 546 Christi
1135 498 1264 572 ejusque
1280 504 1381 560 divina
1406 514 1435 563 ct
1457 511 1712 599 incircumscripta
1727 548 1855 603 praesou-
1875 580 1881 591 ,

104 585 382 642 residebatlacens
398 585 427 641 iu
444 586 509 642 sinu
527 588 643 655 matris,
658 587 764 643 sedens
781 584 812 639 iu
828 584 947 638 dextera
999 579 1050 646 tia,
1063 581 1198 644 ductilis
1214 590 1265 647 illa
1276 592 1408 652 coelestis
1424 606 1595 677 magnivoce
1605 625 1760 692 concrepat
1773 623 1856 694 tulta,

102 675 287 732 Patriacum
300 680 378 731 osset
389 676 439 732 Dei
451 677 546 733 Patris
559 681 626 732 ante
635 681 771 749 tempora
779 672 897 740 unicus,
908 671 947 726 fa·
998 675 1077 767 lesus
1094 669 1242 772 Christus,
1254 681 1368 754 inquit,
1378 685 1441 745 beri
1455 702 1481 751 et
1492 697 1580 767 hodie,
1594 705 1651 775 ipse
1661 711 1687 762 et
1698 709 1727 764 in
1739 715 1856 772 saecnta,

104 762 361 838 ctusestl'irgiois
371 764 538 839 intempore
545 765 710 823 FiliusNon
721 761 948 834 amittensquod
1000 759 1035 815 at
1049 772 1081 856 ιιι
1099 758 1165 819 alio
1181 765 1244 823 loco
1260 770 1404 831 Dauidica
1418 796 1491 840 usas
1506 789 1685 854 testimonio.
1701 798 1737 853 Tu
1751 808 1856 873 autern,

103 859 180 920 erat,
192 855 289 909 factus
305 856 443 926 estquod
460 873 518 911 nou
532 859 604 911 erat.
617 856 723 910 Factus
739 858 785 909 est
802 851 948 926 particeps
1001 848 1114 922 inqua,
1131 852 1204 909 r'dera
1221 858 1282 928 ipse
1299 874 1338 924 cs,
1355 870 1381 918 et
1395 874 1466 927 aursi
1477 877 1584 933 taiaoa
1602 879 1736 953 da‘fier'errt.
1750 886 1783 942 at
1794 889 1858 963 ipse

104 941 298 999 mortalitatis
312 948 431 1009 nostrae,
452 950 483 1000 ut
503 963 557 1000 nos
571 945 636 1001 vitae
653 961 714 1000 suae
729 941 948 1017 participosfa·
1003 939 1143 999 Salvator
1154 944 1182 999 in
1196 945 1364 1020 Evangelio
1376 957 1413 1013 ad
1424 959 1860 1045 Judaeos.Antequamrltruhum

104 1036 195 1089 cerei.
212 1031 304 1087 Hodie
330 1031 485 1104 impletum
509 1038 554 1089 est
568 1033 741 1088 vaticinium
768 1030 843 1087 illud
867 1029 948 1086 Isaiae
1002 1032 1078 1104 ficret
1094 1048 1145 1106 eqo
1159 1050 1231 1089 sam.
1250 1036 1316 1091 Sed
1333 1043 1402 1113 quia
1416 1056 1483 1108 aute
1494 1055 1652 1131 Abraham,
1669 1069 1697 1119 et
1713 1069 1745 1120 nt
1760 1067 1859 1125 verius

104 1121 257 1196 prophete
273 1119 422 1176 dicentis:
440 1123 599 1194 Eqr·edietur
613 1125 691 1194 cirea
706 1121 739 1178 de
754 1121 849 1177 radice
862 1126 947 1189 lesse,
1003 1121 1113 1192 dicam,
1132 1127 1199 1178 ante
1226 1139 1359 1187 omnem
1390 1144 1552 1200 creaturam
1567 1164 1682 1224 sempe,
1705 1171 1771 1209 eum
1799 1156 1859 1213 Deo

103 1209 950 1285 stylosderadicecjusasceadet.ltenripseaperitusth'cce
1003 1211 1089 1267 Putre
1121 1228 1185 1268 esse
1216 1215 1406 1312 aeternaliter
1429 1227 1595 1298 habuit,de
1619 1239 1732 1296 semine
1758 1246 1861 1299 tamen

102 1303 183 1371 airqo
198 1299 335 1371 carreipiet
351 1303 378 1354 ct
393 1302 482 1372 portet
496 1301 597 1372 fitium.
611 1300 681 1356 Item
704 1299 784 1356 idem
802 1299 863 1373 ipse
880 1316 948 1373 pro·
1003 1300 1131 1357 Abrahae
1147 1317 1229 1357 nascr
1247 1303 1457 1380 temporaliter
1472 1317 1572 1376 voluit.
1586 1324 1708 1382 abrahe
1726 1345 1861 1402 namque

102 1390 196 1463 pheta
209 1408 215 1446 :
228 1389 368 1444 Paruulus
381 1392 464 1444 natus
475 1398 514 1445 est
528 1391 703 1461 sedialibus
717 1389 798 1446 deitas
811 1398 850 1446 cst
860 1390 947 1445 rrobis.
1005 1407 1023 1447 a
1039 1390 1099 1448 Deo
1114 1392 1198 1448 Patre
1214 1389 1334 1454 dictum
1351 1405 1394 1457 est
1407 1421 1414 1458 ς
1430 1407 1461 1460 ιη
1476 1410 1580 1466 semine
1593 1421 1638 1469 mo
1658 1417 1862 1478 mmmm,

103 1479 204 1535 Nimis
220 1477 307 1533 dulce
321 1478 400 1551 quod
419 1483 506 1534 uatus
521 1482 579 1546 est3
597 1478 721 1534 nimium
734 1478 855 1536 salubre
870 1479 948 1552 quod
1004 1496 1101 1537 omues
1115 1489 1206 1551 pentes
1222 1488 1319 1544 terra».

103 1569 195 1624 datus
211 1570 266 1623 est.
284 1570 358 1622 Cum
375 1567 460 1622 audis
477 1566 624 1623 Christum
641 1566 692 1623 tibi
711 1572 827 1638 natum,
842 1569 948 1642 gaude.
1044 1571 1257 1641 Hujuscemodi
1275 1577 1362 1634 etiam
1383 1581 1592 1653 promissionis
1617 1589 1745 1665 insigne
1774 1600 1866 1671 privi.

104 1657 181 1714 Cum
197 1657 285 1712 audis
301 1654 391 1712 etiam
415 1656 465 1711 tihi
488 1657 600 1724 datum,
618 1657 710 1715 multo
728 1658 825 1730 magis
840 1658 948 1713 lactare.
1004 1658 1119 1732 legium
1148 1661 1253 1718 beatus
1282 1665 1372 1722 Datid
1403 1669 1573 1741 patriarcha
1603 1684 1797 1760 promeruit,
1819 1696 1868 1755 0111
1919 1748 1928 1757 .

105 1748 164 1803 Sed
181 1746 259 1801 inter
270 1749 385 1817 patrem
400 1749 429 1800 et
445 1749 557 1812 natum,
572 1751 599 1802 et
615 1746 690 1802 iuter
705 1747 837 1803 datorem
855 1751 884 1802 et
898 1747 949 1802 da·
1006 1747 1087 1804 Deus
1104 1748 1197 1817 Pater,
1215 1750 1326 1808 ineerta
1341 1760 1369 1810 et
1385 1757 1501 1814 occulta
1517 1763 1665 1834 sapientia
1681 1785 1754 1843 suae
1770 1787 1865 1840 mant.

106 1835 360 1902 tum,seeundurn
374 1835 503 1890 [lisinam
517 1839 651 1891 naturam
665 1853 722 1891 non
737 1838 887 1908 contingat
898 1836 949 1891 tihi
1006 1838 1154 1905 festando,
1171 1840 1245 1896 dixit
1260 1858 1267 1897 :
1284 1845 1322 1899 De
1335 1846 1433 1915 fractu
1456 1853 1559 1906 creareris
1574 1856 1617 1908 tui
1637 1871 1749 1926 ponam
1776 1885 1862 1941 ,cuper

107 1925 201 1980 ullam
220 1924 273 1980 tibi
294 1925 414 1979 credere
440 1923 643 1979 differentium.
662 1924 755 1981 Unius
780 1926 858 1980 enim
885 1926 952 1979 sub-
1005 1925 1096 1982 sedem
1124 1945 1219 1985 asceam.
1240 1930 1300 1987 Hoc
1325 1934 1426 2005 ipsum
1452 1936 1596 1996 «ieremias
1627 1945 1779 2017 propheta
1807 1974 1856 2013 os.

109 2014 226 2070 stantis
243 2018 315 2068 sunt
332 2013 496 2068 secundum
512 2013 630 2068 deitatis
645 2013 804 2069 essentiam
825 2018 909 2085 pater
923 2018 953 2070 et
1007 2014 1102 2070 seruit
1118 2015 1167 2071 ubi
1192 2018 1282 2075 dicit:
1300 2021 1366 2078 Eece
1380 2025 1439 2080 cies
1454 2029 1577 2097 ruminat,
1593 2030 1663 2086 dicit
1689 2033 1849 2111 Dominus,

110 2109 211 2169 natus,
224 2102 311 2158 dator
326 2109 356 2158 ct
371 2103 469 2157 datus.
482 2103 595 2158 'fantus
614 2108 659 2157 est
677 2100 724 2157 ille
741 2102 792 2174 qui
807 2103 894 2158 datiis
908 2107 953 2159 est
1006 2111 1032 2159 et
1047 2105 1185 2162 suscitabo
1199 2109 1286 2164 David
1308 2127 1422 2180 qermcrt
1440 2115 1559 2186 justum.
1576 2119 1671 2191 Hujus
1695 2125 1777 2182 enirn
1794 2146 1849 2185 no.

109 2197 243 2266 quantus
259 2195 305 2247 est
320 2191 400 2247 itlea
417 2208 473 2263 quo
499 2191 585 2246 dutus
600 2195 654 2246 est.
671 2192 705 2246 llt
720 2190 817 2262 qualis
834 2196 879 2247 est
904 2190 952 2247 ille
1006 2190 1146 2249 bilissimi
1171 2198 1315 2269 germinis
1342 2202 1605 2275 magnificentiam,
1627 2212 1654 2264 et
1679 2211 1847 2274 dulcissimi

109 2283 160 2357 qui
178 2282 302 2356 genitus
318 2285 374 2345 est,
388 2280 457 2335 talis
473 2285 516 2336 est
532 2280 579 2335 ille
592 2297 609 2334 a
620 2297 678 2352 quo
689 2280 806 2352 genitus
823 2285 876 2335 cst.
890 2281 951 2336 Non
1008 2282 1123 2337 fructus
1148 2287 1362 2343 sublimitatem
1379 2295 1408 2345 ct
1429 2294 1644 2362 excellentiam,
1662 2298 1753 2357 isaias
1776 2320 1845 2375 pro-

110 2371 266 2446 praecessit
279 2374 412 2442 tempore
428 2370 556 2442 genitor;
569 2386 625 2424 non
638 2372 684 2424 est
695 2368 824 2441 genitore
836 2369 952 2442 gerritus
1007 2370 1097 2440 pheta
1112 2375 1315 2443 considerans,
1333 2377 1442 2450 Spiritu
1467 2390 1569 2440 sancto
1592 2391 1756 2457 praeventus
1771 2407 1844 2461 pran-

111 2461 250 2518 inferior.
260 2460 463 2532 Ejusdemquc
480 2458 738 2530 naturaepotentiae
750 2459 953 2530 etmajestatis
1008 2460 1174 2529 nuntiabat,
1192 2463 1293 2520 dicens
1311 2482 1317 2520 z
1334 2469 1369 2521 la
1390 2468 1435 2524 dic
1459 2472 1511 2547 illa
1538 2475 1593 2529 crit
1613 2491 1724 2545 permen
1748 2478 1845 2539 doetus

113 2550 250 2608 creditur
261 2554 289 2604 et
300 2548 478 2622 predicatur
490 2548 617 2620 Spiritus
634 2551 764 2613 sanctae,
777 2563 834 2618 quo
851 2564 952 2619 supcr-
1008 2550 1125 2605 Dorairri
1150 2553 1179 2607 in
1201 2555 1408 2624 rrraqrrificentia
1423 2566 1448 2614 et
1466 2564 1574 2632 tructas
1596 2572 1680 2620 terrie
1701 2567 1843 2627 sscbtimts.

111 2640 255 2695 veniente
266 2635 531 2708 suscepitVerbum
542 2637 589 2690 Dei
600 2636 791 2690 stipatissimus
802 2640 831 2690 ει
839 2653 954 2708 semper
1009 2635 1041 2690 Hi
1057 2653 1125 2694 vero
1141 2640 1209 2707 duo,
1220 2642 1270 2713 qui
1287 2660 1344 2714 prae
1369 2647 1480 2705 caeteris
1497 2653 1631 2723 patribus
1655 2653 1691 2708 de
1716 2654 1842 2716 adventu

113 2728 253 2801 Virginis
264 2731 380 2796 uterus,
388 2726 473 2796 cujus
482 2724 659 2797 singularem
674 2730 789 2796 parturn
800 2724 954 2780 universus
1008 2724 1168 2782 Salvatoris
1181 2731 1407 2800 promissionem
1418 2741 1604 2806 apertissime
1614 2748 1798 2814 acceperunt,
1810 2747 1841 2807 in

114 2816 208 2874 hodie
225 2815 328 2871 recolit
344 2814 483 2869 mundus.
496 2815 595 2869 'farrtoe
612 2814 690 2868 onim
709 2812 748 2869 rei
773 2818 891 2885 tamque
908 2814 954 2868 di·
1008 2813 1842 2893 descriptioneDominicaegenerationissecundumevan-

114 2904 269 2962 rinissimi
286 2902 417 2976 mysterii
438 2907 466 2958 ct
486 2902 642 2958 ineffabilis
658 2902 832 2958 sacramenti
848 2903 952 2975 gratia,
1008 2899 1143 2972 gelistam
1157 2905 1338 2975 Matthaeum‚
1351 2909 1480 2980 primum
1495 2919 1523 2971 et
1538 2915 1727 2990 principalem
1742 2919 1840 2982 locum

114 3013 176 3051 noa
194 2992 296 3049 solum
312 2993 341 3047 in
355 2990 440 3047 terris
451 2991 599 3047 exsultant
609 2992 684 3062 justi
694 3009 700 3058 ;
712 2991 761 3046 sod
776 2990 864 3045 etiam
875 3007 955 3046 sum-
1008 2987 1097 3060 digne
1108 3000 1343 3063 promeruerunt,
1355 2997 1442 3068 cujus
1453 3003 1604 3060 exordium
1619 3006 1674 3062 tale
1684 3013 1729 3063 est
1739 3026 1745 3064 :
1757 3012 1841 3069 Liber

114 3101 170 3140 mae
188 3080 356 3139 divinitatis
371 3081 398 3133 in
414 3079 550 3135 excelssis
564 3079 726 3151 tripudiant
742 3078 881 3134 ministri.
1008 3082 1194 3143 uenerationis
1208 3087 1276 3138 Je'su
1298 3085 1413 3153 Christi,
1430 3091 1487 3160 filii
1498 3093 1596 3164 David,
1612 3095 1667 3165 fitia·
1688 3096 1837 3158 Abraham.

150 3174 213 3229 Nos
230 3187 301 3243 ergo
316 3170 384 3224 lieet
408 3169 533 3241 propriis
549 3169 717 3224 excessibus
742 3168 864 3239 gravati,
881 3153 987 3239 pras-C
1007 3164 1057 3220 llis
1074 3169 1166 3224 sacris
1182 3170 1365 3244 evangeliste
1376 3176 1474 3234 verbis
1485 3182 1661 3238 conveniunt
1673 3188 1701 3239 et
1716 3187 1839 3260 prophe-

115 3276 302 3334 oecupemus
314 3258 418 3314 faciem
429 3257 457 3313 in
470 3258 651 3313 confessione
661 3257 786 3322 Domini,
798 3260 826 3312 et
836 3257 865 3310 in
877 3255 953 3328 psal·

118 3353 173 3408 mis
184 3349 357 3422 Jubilemus
372 3347 408 3403 ei.
425 3347 605 3403 assistamus
621 3346 646 3402 ei
668 3345 772 3401 humili
788 3345 949 3414 devotione,

117 3446 148 3496 at
160 3442 227 3513 ipsc
244 3437 331 3495 nobis
345 3437 422 3493 adsit
438 3436 486 3509 pia
507 3436 705 3502 miseratione,
717 3440 749 3490 ut
768 3435 890 3490 fidenter
905 3436 951 3490 di-

120 3545 233 3585 camus.
252 3528 342 3583 Adest
358 3526 458 3598 utique
475 3526 560 3583 nobis
575 3525 635 3599 qui,
654 3530 685 3580 ut
700 3526 811 3580 dictum
829 3529 883 3595 est,
900 3542 951 3580 nu·

121 3621 165 3674 tus
181 3621 211 3673 et
227 3617 317 3672 datus
340 3620 384 3670 cst
409 3615 502 3671 rrolris.
520 3615 619 3671 Aderit
634 3614 736 3688 procul
752 3614 842 3669 dubio
867 3614 952 3671 nobis

124 3705 274 3775 Dominus,
286 3704 424 3777 idemque
435 3708 514 3760 totus
526 3705 634 3777 ubique
647 3703 809 3759 secundum
822 3702 951 3758 divinum

127 3800 258 3852 naturam
294 3794 430 3850 carnibus
464 3794 589 3850 habetur
621 3793 649 3848 in
682 3793 764 3849 locis.
790 3792 843 3856 Oui
873 3793 950 3849 enim

130 3885 284 3938 secundum
306 3882 589 3956 incircumscriptam
614 3881 811 3938 substantiam
836 3899 953 3954 semper

132 3971 210 4029 habet
234 3990 381 4039 essenon
411 3977 505 4044 potest
538 3973 621 4028 nobis
652 3970 863 4027 famulantibus
893 3989 949 4027 non

136 4060 236 4131 adesse,
252 4063 330 4118 sicut
354 4062 418 4135 ipse
442 4061 594 4134 discipulis
620 4061 682 4118 suis
706 4061 800 4116 dixit:
819 4062 951 4134 Eceeeqo

136 4149 259 4207 arabissam
272 4169 344 4212 surra
361 4152 487 4207 omnebus
503 4151 598 4206 dicbus
614 4167 697 4224 usique
721 4150 757 4205 ad
779 4165 950 4206 consacrame-

138 4236 225 4293 tionem
239 4242 344 4298 saecuti.
362 4240 390 4295 Si
408 4240 546 4296 omnibus
563 4240 677 4307 diebus,
693 4237 829 4295 fidelibus
844 4239 906 4294 suis
919 4255 951 4295 se

1005 3257 1104 3311 tarum
1121 3258 1239 3315 oracula
1261 3266 1289 3316 et
1309 3264 1471 3335 apostolica
1486 3271 1582 3326 verba.
1599 3271 1679 3336 Quod
1696 3274 1838 3335 Mediator

1007 3342 1057 3397 Dei
1074 3349 1103 3400 et
1118 3346 1273 3404 homiuum
1286 3367 1320 3406 ex
1335 3355 1448 3411 semino
1462 3359 1584 3416 Abrahae
1600 3365 1761 3422 secundum
1776 3384 1838 3425 car·

1006 3448 1074 3487 nem
1091 3441 1177 3492 natus
1189 3438 1236 3506 sit,
1250 3438 1341 3496 lsaias
1352 3444 1495 3516 propheta
1507 3449 1745 3511 manifestissime
1756 3473 1835 3512 com·

1007 3523 1146 3581 mendara
1162 3529 1286 3596 studuit,
1299 3547 1331 3585 ex
1348 3548 1475 3603 persona
1494 3537 1546 3594 Dei
1562 3539 1655 3598 Patris
1670 3541 1770 3600 dicens
1783 3562 1790 3600 ι
1804 3549 1836 3603 as

1005 3611 1054 3677 sie,
1067 3612 1160 3682 lsrael,
1172 3632 1247 3672 serae
1262 3635 1348 3688 meas,
1359 3620 1442 3679 Jacob
1457 3641 1537 3697 quem
1550 3628 1629 3701 eleqi,
1644 3647 1734 3688 semea
1749 3634 1835 3691 Abra·
1868 3645 1875 3653 '

1006 3698 1070 3755 bum
1084 3705 1170 3760 arabi
1192 3708 1257 3777 mei,
1274 3709 1302 3762 ia
1328 3725 1380 3780 qao
1404 3715 1572 3786 apprehendi
1592 3725 1626 3774 te.
1643 3719 1677 3775 Et
1701 3723 1836 3796 egregios

1007 3790 1224 3860 praedicatoria
1249 3796 1378 3868 Epistola
1393 3802 1429 3855 ad
1450 3802 1584 3862 Hebraeos
1599 3806 1639 3864 ita
1662 3810 1773 3879 scribit,
1791 3814 1836 3869 di-

1006 3885 1237 3954 ccusztvuquam
1246 3886 1356 3956 enectos
1366 3892 1553 3961 apprehendit,
1562 3896 1608 3950 sed
1617 3913 1708 3952 semen
1718 3899 1836 3960 Abrafrae

1005 3969 1193 4040 apprehendit.
1206 3972 1241 4028 Et
1252 3973 1330 4043 quod
1344 3975 1379 4029 de
1390 3978 1597 4037 semineDavid
1611 3988 1698 4041 nutus
1709 3986 1757 4056 sit,
1771 3989 1778 4042 i
1781 4006 1834 4060 pse

1006 4056 1106 4113 doctor
1120 4058 1254 4132 egregius
1270 4061 1305 4116 ud
1327 4062 1474 4121 Rornanos
1490 4068 1621 4125 scribens
1646 4070 1687 4127 ita
1711 4091 1833 4133 exorsus

1006 4147 1059 4213 est,
1085 4144 1242 4216 inquiens:
1261 4149 1374 4216 Paulus,
1391 4168 1484 4208 seruas
1507 4159 1572 4211 Jesa
1597 4157 1708 4228 Christi,
1724 4173 1834 4220 vocatus

1005 4233 1150 4304 apestolus,
1165 4244 1323 4308 seqreqetus
1351 4241 1381 4294 in
1408 4242 1586 4312 Erranqeliam
1601 4249 1658 4312 Dei,
1675 4250 1746 4320 qaod
1770 4260 1835 4309 ante

138 4327 257 4391 promisit
280 4329 463 4396 adfuturum,
481 4333 589 4401 quanto
605 4328 699 4402 magis
715 4328 761 4384 dte
777 4328 823 4383 sui
844 4329 950 4385 natalis
1002 4324 1166 4392 praraiserat
1178 4340 1228 4395 per
1239 4327 1385 4397 propbetas
1394 4346 1456 4387 suos
1471 4334 1500 4387 in
1510 4334 1662 4406 Scripturas
1683 4340 1833 4398 sanetisde
1907 4324 1911 4333 ’

137 4410 270 4475 nobiserit
279 4419 461 4492 presentior,
472 4419 495 4474 si
508 4417 600 4475 nostri
613 4416 813 4474 famulaminis
824 4419 951 4475 servitus

1005 4411 1076 4467 Filio
1089 4427 1148 4475 sae,
1160 4414 1209 4484 qui
1225 4416 1314 4485 factras
1328 4425 1368 4473 ast
1380 4421 1406 4475 ei
1418 4435 1454 4474 cre
1467 4424 1572 4478 serniae
1585 4426 1670 4481 Dauid
1684 4429 1834 4487 secundam

132 4495 246 4563 siluerit
262 4507 441 4581 promptior!
459 4505 511 4573 Qui
528 4523 579 4579 per
593 4505 779 4562 Salomonem
796 4504 926 4578 loquitur
942 4523 948 4561 :
965 4515 1124 4592 Deseruere.
1138 4502 1171 4557 lit
1185 4504 1221 4557 ad
1235 4503 1422 4563 Timotheum
1438 4509 1570 4568 scribens
1585 4513 1626 4569 ait
1640 4532 1646 4570 :
1659 4519 1767 4575 Memor
1779 4527 1833 4577 este

128 4579 173 4652 leo
186 4606 224 4648 ex
237 4569 283 4655 ure
299 4597 560 4669 Attissr'miprodiai,
569 4597 753 4668 primoqenita
768 4603 831 4650 uate
843 4611 950 4651 omnem
1003 4591 1152 4646 Dominum
1165 4593 1256 4647 tesam
1271 4599 1479 4655 resurrexisses
1494 4604 1609 4659 mortuis
1623 4620 1658 4660 ac
1669 4609 1772 4665 semine
1781 4610 1833 4665 Da-

121 4681 294 4754 creaturam
309 4688 346 4742 at
371 4687 477 4741 iterum
496 4703 501 4741 :
518 4687 649 4741 Dominus
661 4683 782 4758 possedit
803 4701 847 4740 me
871 4686 952 4741 initio

116 4756 228 4828 *hrum
243 4793 369 4843 sauram,
379 4780 527 4848 antequam
543 4774 692 4847 quidquam
706 4776 806 4844 sarem!
821 4774 953 4845 aprinci-

107 4843 159 4912 Μ
182 4871 256 4922 date
277 4866 393 4931 saecatu,
406 4865 536 4921 ordinata
559 4881 629 4919 sura,
647 4864 680 4918 lft
695 4862 745 4935 qui
771 4879 822 4935 per
847 4861 952 4917 lsaiam

107 4924 184 4991 dicit
205 4962 214 5000 ι
236 4954 338 5010 Culum
357 4961 388 5015 et
415 4960 518 5008 terrum
542 4967 591 5022 coo
612 4951 723 5022 impleo,
737 4947 865 5004 mirabili
893 4965 953 5004 sarar

104 5009 325 5109 dispositionis
338 5042 476 5114 mysterio
486 5045 571 5096 natus
582 5038 668 5096 hodie
680 5038 799 5111 ponitur
809 5037 838 5092 in
850 5054 953 5110 prase-

1006 4678 1061 4744 vi‹t‚
1076 4679 1223 4735 secandam
1238 4684 1422 4753 Erranqetium
1436 4704 1536 4764 meam.
1548 4691 1686 4764 Quisquis
1697 4694 1832 4768 ignoran-

1006 4767 1052 4823 tias
1068 4769 1196 4825 tenebris
1214 4770 1355 4829 liberatas
1378 4779 1407 4830 ot
1429 4777 1496 4832 fidei
1520 4779 1630 4837 lumine
1653 4781 1832 4856 illustratus,

1006 4855 1036 4913 in
1056 4857 1209 4930 Evangelio
1232 4859 1337 4917 Filium
1360 4862 1411 4918 Doi
1435 4864 1527 4921 filiam
1552 4867 1641 4924 David
1664 4870 1830 4943 appellavit,

1008 4962 1066 5000 non
1078 4944 1173 5002 solum
1184 4947 1344 5020 spirituale,
1357 4952 1407 5007 sed
1420 4953 1507 5008 etium
1518 4957 1667 5029 corporale
1678 4958 1777 5016 lumen
1789 4979 1832 5019 re·

1007 5035 1102 5107 cipere
1114 5036 1229 5091 meruit.
1240 5037 1307 5094 Vult
1316 5055 1346 5095 se
1356 5040 1498 5098 Dominus
1506 5043 1639 5101 Christus
1651 5046 1701 5102 tali
1713 5051 1831 5127 uomina

101 5114 163 5175 ΡΨ»
180 5117 283 5189 Quem
296 5130 433 5188 Salomon
444 5128 571 5186 ostendit
581 5134 648 5185 ante
659 5127 766 5184 saecula
775 5125 950 5183 eternaliter
1002 5123 1109 5192 vocari,
1121 5124 1191 5197 quia
1206 5125 1261 5181 scit
1277 5144 1333 5183 nou
1345 5146 1409 5186 esse
1424 5128 1504 5187 aliud
1522 5150 1627 5191 nomeu
1645 5135 1674 5191 in
1689 5153 1748 5209 quo
1763 5157 1829 5213 pos-

103 5199 275 5278 exstitisse.
289 5219 379 5278 Isaias
394 5219 524 5275 affirmat
539 5215 620 5273 nullo
636 5217 698 5273 loeo
709 5216 819 5272 deesse.
832 5214 882 5271 Ille
898 5215 948 5288 qui
1002 5213 1042 5268 sit
1057 5213 1186 5269 mundus
1208 5214 1323 5272 salvari.
1340 5217 1397 5273 Nos
1415 5234 1493 5292 ergo,
1507 5219 1690 5280 dilectissimi
1713 5226 1828 5299 fratres,

105 5292 235 5366 tempe,
250 5314 295 5366 est
310 5314 338 5365 et
354 5308 463 5381 ubique
480 5323 537 5362 nou
555 5309 649 5379 potest
663 5305 747 5361 nobis
762 5306 872 5360 deesse.
888 5307 947 5359 Au·
1003 5305 1035 5357 ut
1049 5302 1085 5357 ab
1102 5301 1164 5374 ipso
1180 5303 1231 5374 qui
1246 5308 1292 5360 est
1312 5303 1444 5362 Salvator
1468 5325 1633 5368 urereamur
1647 5313 1767 5386 salvari,
1782 5319 1828 5374 di-

108 5363 222 5449 d²¹¹ler
236 5398 293 5454 dixi
312 5415 318 5454 :
335 5415 393 5454 non
408 5399 513 5470 potest.
532 5395 666 5452 Potenter
680 5394 734 5451 hoc
758 5410 816 5449 non
841 5396 947 5465 potest.
1002 5406 1104 5446 eamus
1115 5391 1487 5471 omnes‚dicamussinguti
1499 5417 1505 5455 :
1519 5400 1698 5474 Domine,llli
1725 5404 1826 5476 David,
1886 5437 1889 5444 ,

132 5457 198 5530 ssis
213 5484 388 5564 impotentia
398 5490 443 5543 est
453 5483 673 5558 omnipotentia.
688 5483 746 5539 Ista
759 5481 949 5556 impossibili·
1002 5479 1139 5537 miserere
1155 5480 1254 5538 uestri.
1272 5482 1375 5540 Amen.

115 5545 158 5631 ili
179 5577 225 5635 est
239 5593 357 5636 summa
371 5572 666 5652 postulassem
682 5571 742 5631 sint
756 5588 823 5631 vera
837 5576 865 5630 et
880 5571 948 5630 flde-
