3884 6084
112 276 190 342 iseo
220 229 225 237 ’
593 281 766 344 erasnm
787 239 801 344 i
823 279 1124 345 caunaaemsrs
1148 252 1338 345 ueiscori.
1747 262 1853 346 iaie'

14 476 20 488 ,
109 418 223 471 struere
246 413 376 481 tentatis,
393 432 451 470 non
473 431 549 483 vere,
565 419 598 472 ut
622 415 764 483 asseritis,
785 414 933 489 Evangelii
948 419 976 484 Α,
989 415 1062 472 tima
1084 415 1278 488 praejudicant
1293 415 1448 485 connubia,
1465 414 1490 472 si
1505 418 1605 473 tamen
1631 412 1732 471 sciunt
1746 413 1824 471 omni

111 504 259 559 auditores
275 503 356 559 estis.
373 504 446 560 Nam
469 504 534 577 ipsa
548 505 662 560 Veritas
687 505 757 560 dicit
772 504 842 578 quia
858 523 890 560 :«
908 503 939 560 Si
991 509 1122 577 tempore
1138 505 1193 561 sibi
1210 506 1315 561 debere
1330 523 1394 562 esse
1418 506 1584 577 subjectam
1600 501 1736 577 conjugii
1748 502 1829 559 volu·

112 591 178 664 quis
193 591 222 647 in
238 591 379 664 Spiritum
391 597 526 649 sanctum
538 593 753 666 blasphemiam
765 592 880 662 dixerit,
891 609 940 649 ne·
992 582 1112 666 ptatem‚
1127 598 1156 650 et
1171 593 1196 650 si
1213 594 1385 650 discernunt
1399 599 1478 651 certa
1488 594 1668 651 concubitus
1685 598 1826 665 tempora,

113 696 169 752 que
186 680 215 735 in
231 680 286 736 hoe
308 681 414 737 saeculo
439 683 653 754 remitteturei,
671 699 764 755 neque
786 683 816 737 in
841 682 939 738 futuro
993 684 1111 764 quqndo
1128 684 1303 749 coeundum,
1316 687 1344 739 et
1355 685 1472 756 quando
1483 684 1520 739 ab
1532 683 1679 739 uxoribus
1695 681 1736 738 sit
1745 682 1828 738 absti-

114 768 368 841 (Mutth.x11).»1n
385 786 443 842 qua
458 771 611 839 sententia,
629 772 658 827 in
673 771 793 844 Dialogo
809 788 862 826 suo
874 771 941 826 bea·
994 772 1133 828 neudum.
1146 772 1208 828 Non
1220 772 1298 828 enim
1316 772 1385 828 talia
1400 772 1545 828 connubia
1559 769 1749 843 beneplacita
1763 775 1830 827 sunt

114 862 163 913 tus
178 857 219 911 ait
229 857 396 930 Gregorius,
408 859 494 915 datur
509 860 630 934 intelligi
643 861 785 933 quasdam
797 859 897 932 culpas
910 859 940 914 iu
995 865 1062 927 Deo,
1071 861 1178 933 quibus
1194 860 1329 918 homines
1342 861 1378 917 ad
1393 860 1540 917 luxuriam
1552 864 1582 916 et
1592 857 1729 931 delicias,
1741 859 1830 915 instar

115 945 170 1002 hoc
181 944 297 1015 seculo,
310 948 454 1019 quasdam
465 966 530 1005 vero
545 950 573 1004 in
589 950 687 1005 futuro
702 964 789 1020 posse
805 947 939 1004 relaxari.
994 948 1179 1018 animalium,
1196 954 1400 1023 provocantur,
1417 948 1466 1023 qui
1490 949 1584 1005 Deum
1611 966 1628 1003 a
1654 965 1713 1004 sua
1736 953 1830 1007 mento

115 1035 196 1102 Quod
213 1034 291 1090 enim
306 1035 341 1092 de
357 1054 415 1092 uno
431 1041 563 1111 negatur,
580 1054 760 1108 consequens
775 1035 941 1092 intellectus
994 1036 1161 1107 excludunt,
1178 1042 1206 1095 et
1229 1057 1289 1095 sue
1314 1039 1429 1096 libidini
1457 1043 1573 1106 vacant,
1586 1037 1669 1093 sicut
1694 1053 1788 1109 equus
1802 1041 1830 1094 et

114 1127 196 1196 patet
217 1124 294 1195 quod
316 1124 352 1179 de
367 1125 544 1197 quibusdam
564 1125 749 1193 conceditur;
765 1124 817 1180 sed
835 1123 890 1180 hoc
905 1125 941 1180 de
995 1125 1104 1184 mulus.
1114 1127 1168 1192 Qui
1179 1132 1277 1184 autem
1288 1128 1328 1184 ita
1339 1127 1476 1201 conjugio
1487 1128 1634 1196 utitur,ut
1645 1143 1717 1182 cum
1728 1125 1829 1184 timore

114 1212 212 1284 parvis
227 1213 418 1286 minimisque
443 1214 569 1287 peccatis
590 1215 778 1282 credendum,
794 1217 849 1280 est,
865 1214 942 1269 sicut
996 1215 1087 1271 Datin
1103 1233 1232 1273 amorem
1255 1216 1382 1273 filiorum
1407 1217 1505 1289 potius
1529 1215 1679 1282 intendat,
1693 1231 1782 1287 quarn
1797 1220 1830 1272 ut

115 1304 160 1357 est
169 1300 326 1359 continuus
337 1302 448 1360 otiosus
460 1320 566 1371 sermo,
577 1303 787 1359 immoderatus
797 1303 886 1370 risus,
895 1301 940 1358 vel
994 1304 1153 1376 petulantis
1167 1307 1263 1361 carnis
1279 1306 1475 1378 appetentiam
1494 1304 1619 1377 expleat,
1639 1303 1721 1360 hunc
1744 1303 1830 1378 culpa

115 1390 154 1445 ali
158 1431 266 1447 .....
283 1408 358 1448 curoe
376 1391 541 1460 familiaris,
560 1397 588 1448 et
611 1396 724 1458 caetera,
745 1391 808 1448 sine
833 1390 941 1464 quibus
995 1393 1123 1467 conjugii
1140 1395 1175 1449 de
1191 1399 1268 1451 sorte
1282 1393 1414 1451 fidelium
1431 1412 1487 1451 non
1502 1394 1642 1467 privabit.

115 1479 176 1535 vita
191 1479 322 1535 hnmana
338 1496 395 1535 non
414 1480 520 1553 agitur,
536 1499 600 1554 quae
616 1480 703 1538 etiam
729 1485 795 1553 post
817 1484 940 1536 mortem
1032 1480 1184 1538 Falluntur
1198 1482 1288 1556 igitur
1298 1483 1349 1555 qui
1361 1484 1531 1556 conjugatos
1541 1500 1558 1537 a
1569 1498 1664 1556 regno
1677 1481 1731 1538 Dei
1740 1486 1831 1540 exter·

115 1570 248 1638 gravant,
258 1567 282 1624 si
298 1568 392 1627 adhue
403 1570 433 1625 in
448 1569 503 1625 hac
514 1571 574 1626 vita
584 1569 688 1644 positis
701 1568 822 1625 minime
833 1568 941 1626 fuerint
995 1569 1151 1627 mirandos
1175 1571 1334 1640 affirmant,
1354 1572 1511 1644 presertim
1532 1587 1602 1627 cum
1624 1572 1658 1627 in
1675 1571 1830 1645 Evangelio

116 1654 227 1725 laxata3
244 1673 308 1729 que
325 1674 375 1730 per
394 1658 492 1731 ignem
508 1659 709 1731 purgatorium
731 1661 797 1731 post
816 1661 941 1714 mortem
995 1657 1166 1730 hujusmodi
1192 1658 1394 1716 testimouium
1418 1659 1590 1727 habeamus,
1609 1663 1642 1715 et
1671 1660 1829 1734 apostolica

115 1743 179 1816 ipse
189 1743 277 1816 paulo
289 1750 354 1818 post
374 1747 445 1802 dicit
459 1748 588 1820 purgari,
599 1747 623 1803 si
635 1746 665 1802 in
681 1747 735 1804 hac
754 1747 813 1803 vita
827 1746 940 1819 positus
994 1746 1112 1803 traditio
1124 1747 1213 1804 talem
1230 1747 1366 1804 humana
1377 1748 1599 1804 consuetudinis
1613 1747 1714 1822 legem
1731 1748 1829 1806 multis

116 1831 172 1888 hoo
186 1833 272 1888 bonis
288 1836 412 1904 actibus,
427 1842 460 1891 ut
474 1835 532 1891 illic
548 1837 688 1904 obtineat,
704 1835 811 1908 aliquis
826 1852 941 1908 prome·
996 1835 1025 1890 in
1041 1835 1113 1892 loeis
1129 1836 1293 1893 confirmet.
1309 1837 1350 1893 De
1365 1855 1423 1910 qua
1437 1854 1468 1892 re
1483 1837 1537 1893 hoc
1552 1853 1650 1893 nuum
1667 1854 1703 1894 ex
1716 1855 1767 1895 ore
1780 1838 1829 1895 Ve

117 1926 223 1978 reatur.
236 1922 318 1979 Unde
329 1925 397 1995 jure
413 1942 429 1980 a
444 1925 554 1982 sanetis
568 1925 737 1982 doctoribus
752 1924 941 1998 purgatorius
996 1924 1091 1980 ritatis
1106 1925 1308 1981 testimonium
1322 1925 1508 1998 proferimus.

115 2008 193 2082 ignis
215 2028 280 2067 esse
301 2012 507 2086 dieitur,quod
532 2031 584 2088 per
607 2031 674 2069 eum
698 2016 817 2086 peccata
842 2012 942 2085 aliqua
1030 2013 1279 2081 Nam,Pharisais
1288 2014 1469 2071 tentantibus
1480 2014 1503 2072 si
1514 2013 1748 2071 licerethomini
1760 2032 1826 2072 uxo·

115 2103 289 2171 purgantur,
299 2106 385 2174 prout
400 2102 540 2170 viventes,
552 2108 603 2159 aut
614 2103 816 2177 eleemosynis,
829 2107 879 2158 aut
894 2120 940 2159 sa·
995 2117 1057 2157 rem
1073 2119 1157 2158 suam
1173 2104 1321 2158 dimittere
1336 2120 1511 2176 quacunque
1533 2119 1568 2158 cx
1592 2120 1699 2173 causa,
1717 2102 1768 2160 ille
1787 2121 1827 2161 re·

115 2186 244 2262 orificiis,
255 2193 307 2246 aut
317 2194 403 2260 certe,
416 2190 491 2247 sicut
501 2196 567 2248 ante
578 2192 716 2259 diximus,
727 2192 835 2248 vicaria
848 2191 940 2263 poeni·
995 2191 1143 2263 spondens
1154 2191 1194 2246 ait
1204 2208 1230 2246 :o
1239 2193 1300 2248 Non
1313 2190 1426 2265 legistis
1434 2192 1501 2264 quia
1509 2192 1559 2262 qui
1571 2191 1827 2259 lecit‚masculum

115 2276 211 2332 tentiae
228 2277 374 2335 solutione
397 2279 525 2336 obtinere
547 2286 682 2354 possunt.
694 2280 776 2336 Unde
791 2284 819 2335 et
832 2280 940 2336 Paulus
994 2282 1023 2335 et
1038 2280 1177 2335 feminam
1192 2279 1319 2336 abinitio
1331 2280 1465 2349 leciteos,
1476 2284 1505 2336 at
1514 2280 1587 2335 dixit
1600 2297 1608 2336 z
1622 2280 1750 2354 Propter
1772 2280 1822 2340 hoa

114 2363 155 2419 ait
170 2366 277 2438 quiet«
289 2367 339 2422 Vir
360 2368 540 2425 fortissimus
561 2369 663 2436 Judas,
676 2368 830 2425 collatione
853 2369 939 2441 lacta,
994 2368 1123 2425 dimittet
1149 2368 1236 2425 bomo
1261 2373 1375 2441 patrem
1400 2373 1429 2425 et
1453 2372 1587 2437 matrem,
1612 2372 1644 2424 et
1668 2369 1826 2426 adherebit

114 2453 197 2510 misit
210 2454 423 2528 lerosolymam
440 2457 595 2514 duodecim
613 2457 705 2514 millia
724 2457 879 2514 drachmas
894 2475 940 2513 sr-
994 2457 1076 2513 uxori
1092 2474 1162 2525 suae,
1176 2461 1204 2513 et
1217 2461 1303 2513 eruut
1328 2458 1385 2513 duo
1401 2456 1431 2512 in
1447 2473 1534 2513 carue
1550 2473 1623 2512 una.
1641 2457 1748 2531 ltaque
1767 2459 1824 2531 jam

114 2542 205 2612 genti,
213 2543 315 2600 offerre
322 2562 370 2602 eas
379 2562 431 2617 pre
442 2546 569 2618 peccatis
578 2550 770 2614 mortuorum,
774 2547 855 2618 juste
863 2551 891 2602 et
900 2562 941 2601 re·
995 2563 1052 2601 non
1066 2551 1136 2602 sunt
1156 2547 1225 2612 duo,
1242 2547 1294 2603 sed
1310 2563 1368 2602 una
1387 2563 1464 2602 earo.
1480 2546 1562 2613 Quod
1578 2562 1652 2620 ergo
1666 2546 1748 2603 Deus
1762 2564 1824 2605 eeu·

115 2629 218 2705 ligiose
229 2633 360 2706 cogitans
377 2635 412 2690 de
427 2635 653 2704 resurrectioue;
665 2636 721 2692 nisi
737 2636 814 2691 onim
829 2634 940 2708 eosqui
990 2635 1099 2706 junxit,
1111 2634 1199 2690 homo
1221 2650 1278 2689 non
1302 2635 1624 2707 separet(Mcttlr.x1x).
1641 2657 1656 2685 »
1667 2635 1823 2709 Requiren-

116 2720 281 2778 eeeiderant
294 2729 510 2782 resurrecturos
521 2725 845 2798 speraret,supertluum
860 2724 939 2781 vido·
994 2724 1073 2780 tibus
1088 2726 1189 2780 autem
1214 2721 1283 2792 illis,
1296 2728 1328 2778 ut
1343 2721 1414 2795 quid
1438 2723 1552 2796 Moyses
1576 2724 1755 2781 mandasset
1768 2724 1822 2781 dari

116 2814 196 2864 retur
210 2815 239 2867 et
253 2828 361 2869 vanum
377 2830 459 2869 oraro
480 2830 533 2887 pro
549 2814 682 2870 mortuis.
694 2837 709 2863 »
721 2813 829 2869 Deinde
845 2813 937 2869 dicit:
994 2811 1126 2868 libellum
1139 2811 1254 2883 repudii
1264 2844 1269 2854 κ
1279 2816 1308 2867 et
1330 2811 1488 2879 dimittere,
1505 2812 1546 2867 ait
1569 2810 1630 2868 illis
1643 2831 1670 2869 1«
1685 2813 1820 2878 Quoniam

115 2920 129 2947 «
143 2901 249 2956 Sancta
263 2906 370 2976 ergoet
384 2902 513 2960 salubris
524 2909 568 2959 est
578 2903 713 2977 cogitatio
726 2919 778 2975 pro
794 2901 939 2959 defunctis
994 2902 1108 2975 Moyses
1119 2902 1155 2957 ad
1171 2900 1311 2956 duritiam
1322 2900 1516 2956 cordisvestri
1534 2901 1673 2972 permisit
1689 2903 1773 2959 vobis
1784 2902 1821 2957 di-

115 3004 242 3059 exorare,
258 2995 291 3048 ut
305 3009 323 3048 a
336 2996 453 3064 peccato
468 2991 617 3049 solvantur
631 2993 670 3062 (ll
682 2993 765 3050 doct.
782 2994 844 3062 xu).
857 3014 871 3042 »
994 2991 1110 3047 mittere
1133 3007 1238 3046 uxores
1260 2992 1387 3058 vestram
1403 2990 1440 3045 ab
1455 2989 1538 3045 initio
1562 2994 1663 3047 autem
1690 3008 1749 3047 non
1775 2991 1821 3046 ruit

148 3080 269 3138 Constet
283 3081 382 3153 igitur,
394 3086 426 3138 ut
441 3081 578 3150 diximus,
591 3080 695 3137 talium
709 3097 830 3154 eperum
845 3079 938 3153 pretio
992 3080 1044 3134 sic.
1055 3079 1122 3134 Dico
1138 3085 1237 3135 autem
1252 3078 1334 3134 vobis
1344 3077 1592 3151 quiaquieunque
1608 3094 1744 3146 uxorem,
1766 3076 1819 3136 nisi

112 3168 265 3227 defunctos
280 3185 366 3243 posse
382 3187 399 3226 a
413 3171 540 3243 peccatis
563 3168 683 3237 absolvi,
697 3168 807 3242 alioqui
830 3153 974 3225 PaulusC
993 3169 1029 3224 ob
1046 3166 1275 3235 fornicationem,
1288 3165 1442 3235 dimiserit,
1459 3169 1487 3222 et
1501 3166 1592 3222 aliam
1607 3167 1737 3235 duxerit,
1757 3184 1818 3223 moe·

112 3258 366 3330 apostolus,cujus
381 3275 432 3316 vos
447 3259 596 3315 auditores
618 3275 682 3315 esse
697 3258 872 3326 mentimini,
885 3275 938 3313 nc·
993 3256 1097 3311 chatur
1116 3256 1219 3326 (tote).
1234 3255 1361 3311 »Petrus
1381 3259 1480 3310 autem
1496 3254 1525 3308 in
1541 3253 1676 3327 Epistola
1692 3272 1747 3312 sua
1761 3256 1816 3311 ait:

111 3363 261 3420 quaquam
277 3346 440 3403 audiendus
451 3347 598 3420 esset,qui
609 3347 680 3403 dicit
693 3345 937 3420 lignum‚lanum,
993 3369 1007 3396 «
1025 3343 1162 3401 Mulieres
1179 3343 1303 3400 subdite
1320 3343 1380 3399 sint
1390 3343 1461 3398 viris
1477 3341 1548 3411 suis,
1564 3347 1598 3398 ut
1614 3347 1644 3399 et
1660 3344 1686 3400 si
1703 3345 1754 3418 qui
1768 3360 1816 3400 nou

111 3435 264 3507 stipulam,
279 3435 307 3489 id
328 3440 383 3500 est,
398 3439 517 3505 peccata
537 3436 661 3491 minima
684 3440 771 3506 atque
790 3432 940 3492 levissima
994 3435 1117 3491 credunt
1135 3435 1231 3501 verbo,
1248 3450 1300 3506 per
1319 3431 1476 3489 mulierum
1491 3431 1748 3490 conversationem
1764 3432 1818 3488 sine

112 3521 179 3595 igne
187 3522 356 3594 purgatorio
364 3522 449 3578 facile
457 3521 591 3578 consumi
600 3540 607 3589 ;
616 3521 724 3595 quibus
733 3521 872 3578 nimirum
881 3540 938 3579 non
993 3523 1081 3580 verbo
1096 3521 1245 3578 lucrifiant
1262 3522 1297 3595 (ll
1308 3527 1381 3579 Petr.
1393 3520 1447 3593 ιιι).
1459 3544 1470 3570 ι
1483 3522 1518 3577 llt
1542 3520 1644 3593 paulo,
1656 3526 1728 3594 post
1739 3540 1766 3577 τι
1779 3520 1818 3577 Sic

113 3607 292 3682 purgatorin,
301 3609 351 3665 sed
362 3613 470 3665 eterna
480 3609 625 3681 supplicia
636 3608 822 3678 inferrentur,
833 3609 890 3665 nisi
900 3614 941 3666 ta·
995 3612 1072 3669 enim
1091 3610 1247 3684 aliquando
1272 3615 1300 3666 et
1322 3613 1429 3667 sancte
1453 3609 1602 3678 mulieres,
1621 3615 1776 3682 sperantes
1793 3609 1817 3664 in

114 3696 193 3754 libus
204 3697 309 3755 hostiis
320 3698 551 3770 promeruissent
563 3697 630 3770 igne
645 3698 814 3772 purgatorio
825 3698 939 3754 resolvi.
994 3702 1063 3772 Deo,
1088 3700 1232 3771 ornabant
1258 3715 1300 3767 se,
1315 3699 1453 3771 subjecte
1482 3698 1610 3772 propriis
1640 3698 1725 3768 viris,
1754 3700 1819 3755 sieut

399 3787 432 3844 X.
448 3789 486 3844 Da
502 3788 655 3843 coenobiis.
994 3791 1066 3846 Sara
1095 3787 1248 3845 obediebat
1275 3787 1412 3856 abrahe,
1439 3786 1595 3843 dominum
1624 3803 1697 3844 eum
1723 3803 1819 3844 vocaus

152 3881 190 3932 Do
200 3875 355 3933 connubiis
375 3893 452 3944 vero,
465 3893 529 3948 qua
547 3894 599 3932 vos
617 3879 718 3932 eontra
732 3876 898 3949 evangelica
912 3880 941 3933 et
995 3878 1118 3952 (leidae
1130 3879 1164 3933 Et
1178 3876 1284 3932 iterum
1302 3893 1326 3932 z«
1337 3875 1399 3931 Viri
1415 3874 1549 3932 similiter
1562 3875 1770 3933 cohabitantes
1780 3892 1817 3933 se·

115 3964 276 4038 apostoliea
290 3966 405 4022 decreta
416 3965 559 4040 sacrilega
573 3970 672 4021 mente
687 3965 883 4022 abominanda
894 3966 942 4038 ju-
994 3968 1125 4024 cundum
1141 3964 1305 4032 scientiam,
1317 3964 1402 4037 quasi
1418 3963 1573 4020 infirmiori
1588 3965 1714 4022 vasculo
1730 3964 1819 4022 mulie

115 4053 229 4123 dicatis,
241 4054 373 4112 dicentes
388 4055 560 4128 conjugatos
574 4055 603 4111 in
621 4059 729 4111 sortem
745 4054 875 4111 fidolium
890 4071 940 4112 ne·
994 4056 1039 4111 bri
1052 4054 1252 4127 impertientes
1266 4052 1407 4108 honorem
1423 4053 1530 4121 (tote).
1541 4073 1555 4102 »
1574 4051 1661 4110 Unde
1681 4060 1711 4111 et
1727 4054 1818 4112 beatus

115 4159 264 4216 quaquam
279 4143 504 4215 computandos,
520 4143 613 4200 multa
633 4148 801 4200 sanctorum
820 4145 940 4199 Petrum
996 4142 1103 4199 Paulus
1119 4143 1154 4199 ad
1168 4140 1333 4197 Corinthios
1349 4144 1390 4197 ait
1404 4159 1440 4196 s«
1452 4141 1565 4197 Bonum
1581 4145 1628 4197 est
1640 4141 1755 4200 homini
1768 4157 1818 4197 non

114 4236 271 4289 occurrunt
285 4230 495 4304 exemplaque
510 4232 546 4289 ad
570 4231 750 4288 infidelitatis
770 4232 860 4304 hujus
878 4231 940 4288 bln·
993 4239 1113 4305 tangere
1140 4230 1310 4298 mulierem;
1336 4232 1455 4302 propter
1476 4229 1706 4287 fornicationem
1731 4235 1818 4286 autem

114 4321 279 4394 aphamiam
294 4321 503 4376 confutandam
519 4321 592 4377 satis
606 4321 763 4376 sufficiant.
778 4320 818 4377 De
834 4320 941 4393 quibus
995 4320 1200 4392 unusquisque
1216 4334 1299 4375 suam
1321 4334 1439 4374 uxorem
1456 4317 1575 4388 habeat,
1588 4322 1618 4374 et
1643 4332 1819 4392 unaqueque

114 4425 168 4465 uos
184 4426 377 4482 responsuros
393 4409 520 4483 quodam
535 4409 721 4466 discretionis
742 4407 940 4482 gubernaculo
994 4411 1089 4466 virum
1106 4425 1194 4464 sunm
1208 4407 1325 4463 habeat.
1340 4406 1426 4464 Uxori
1441 4406 1485 4461 vir
1500 4406 1635 4462 debitum
1659 4407 1772 4473 reddat,
1784 4407 1818 4461 si·

115 4496 207 4553 nestri
217 4497 362 4553 sermonis
373 4498 502 4554 carinam
515 4497 649 4572 subigere
660 4501 783 4570 oportet,
796 4514 842 4566 ne,
856 4497 940 4570 quasi
956 4520 980 4586 D
996 4497 1104 4554 militer
1127 4502 1155 4554 et
1176 4514 1249 4552 uxor
1267 4495 1328 4552 viro
1349 4496 1373 4568 (l
1386 4499 1447 4553 Gor.
1462 4495 1523 4567 vu).
1537 4516 1552 4544 »
1568 4495 1606 4550 m
1626 4495 1719 4567 paulo
1741 4499 1817 4569 post:

114 4586 273 4643 interduos
281 4585 418 4659 scopulos
426 4587 610 4661 naufragium
622 4587 941 4658 incurrentes,oecasio.
995 4607 1009 4637 (ι
1026 4584 1076 4640 llis
1091 4588 1189 4640 autem
1204 4581 1256 4655 qui
1271 4581 1301 4638 in
1317 4581 1504 4638 matrimonio
1515 4581 1615 4653 juncti
1630 4587 1715 4651 snut,
1727 4582 1818 4656 preci·

114 4693 181 4733 nem
196 4676 301 4733 domus
316 4674 345 4729 in
364 4673 668 4742 alterutrum‚scilicet
678 4682 728 4732 aut
744 4693 846 4732 omnes
861 4675 939 4732 indi·
994 4674 1041 4747 pio
1052 4690 1109 4729 non
1121 4688 1184 4745 ego,
1197 4672 1247 4727 sed
1260 4671 1416 4740 Dominus,
1428 4687 1546 4727 uxorem
1558 4688 1577 4726 a
1588 4670 1652 4727 viro
1663 4689 1724 4729 non
1734 4672 1817 4727 disce·

112 4770 232 4826 scratea
245 4763 390 4837 conjugiis
406 4764 585 4831 exterrendo,
597 4768 648 4820 aut
661 4781 763 4822 omnes
782 4765 939 4823 indiscrete
993 4764 1075 4830 dere;
1101 4762 1179 4834 quod
1207 4760 1232 4817 si
1259 4759 1438 4828 discesserit,
1461 4774 1582 4815 manere
1613 4759 1761 4832 inuptam,
1775 4759 1818 4813 aut

112 4857 148 4911 ad
164 4854 311 4912 connubia
326 4854 548 4911 commonendo.
560 4855 646 4910 Porro
663 4855 738 4910 sicut
756 4855 832 4911 inter
846 4873 937 4911 secu·
992 4854 1052 4908 viro
1068 4867 1121 4908 suo
1135 4849 1329 4916 reconciliari;
1343 4853 1372 4905 et
1390 4848 1436 4903 vir
1453 4863 1575 4904 uxerem
1600 4864 1662 4905 non
1686 4849 1815 4905 dimitat

112 4943 187 5001 lares
197 4949 225 5002 et
235 4932 936 5016 ecclesiastieosvirosquaedamordinisdiscretio
992 4940 1105 5012 Siquis
1133 4939 1222 4994 frater
1246 4954 1364 4993 uxorem
1391 4936 1499 4992 habeat
1527 4935 1693 5008 infidelem,
1711 4941 1740 4992 et
1763 4935 1814 4990 hae

113 5038 166 5101 est,
178 5033 219 5090 ita
233 5039 262 5091 et
276 5033 455 5090 conversatio
477 5049 578 5089 eorum
602 5032 729 5104 quadam
753 5030 936 5088 discretionis
991 5028 1136 5086 consentit
1153 5027 1284 5083 habitare
1300 5042 1368 5081 cum
1384 5024 1446 5096 illo,
1459 5041 1518 5081 non
1533 5023 1669 5081 dimittat
1683 5025 1778 5090 illam;
1791 5026 1815 5078 st

112 5121 223 5177 ratione
240 5123 382 5178 servanda
401 5124 454 5177 est.
467 5121 539 5177 Nam
555 5121 600 5174 vir
614 5119 838 5188 ecclesiasticus,
856 5126 936 5193 post·
991 5119 1016 5174 si
1032 5135 1095 5190 que
1110 5115 1216 5172 mulier
1236 5115 1323 5171 babet
1336 5113 1433 5169 virum
1458 5111 1620 5183 infidelem,
1634 5118 1665 5170 et
1680 5111 1813 5170 consentit

112 5226 201 5281 quam
217 5208 316 5265 relicta
328 5210 427 5266 saeculi
444 5209 550 5265 militia
564 5209 593 5263 in
609 5213 718 5265 sortem
734 5209 936 5265 Dominicom-
990 5206 1122 5262 habitare
1148 5220 1215 5259 eum
1245 5204 1305 5271 illa,
1332 5221 1389 5259 non
1414 5202 1544 5259 dimittat
1574 5202 1690 5269 virum;
1716 5198 1811 5258 saneti·

111 5302 241 5370 putatur,
254 5298 518 5368 nonpotest‚salvo
530 5297 720 5371 professionis
732 5314 790 5352 sue
807 5297 933 5370 cingulo,
990 5297 1094 5351 licatus
1122 5298 1167 5349 est
1198 5294 1242 5348 vir
1277 5292 1403 5349 infidelis
1437 5309 1488 5365 per
1522 5291 1681 5348 mulierem
1709 5289 1810 5347 fidelem

111 5384 258 5459 conjugali
276 5389 337 5441 toro
353 5403 383 5442 se
399 5387 504 5441 iterum
521 5387 698 5460 mancipare.
709 5388 746 5441 At
761 5386 831 5441 viris
846 5404 935 5443 saecu-
989 5384 1091 5458 (trid).
1105 5404 1118 5435 e
1131 5384 1166 5439 Et
1187 5399 1291 5438 rursus
1315 5399 1382 5438 cum
1399 5382 1434 5437 de
1455 5380 1623 5454 virginibus
1646 5384 1809 5454 preceptum

110 5478 232 5543 laribus,
245 5474 294 5548 qui
311 5473 383 5530 nulli
403 5475 591 5532 ecclesiastici
614 5475 766 5550 regiminis
775 5476 849 5549 jugo
865 5481 935 5532 sunt
989 5472 1105 5530 Domini
1121 5489 1151 5529 se
1165 5488 1223 5527 non
1240 5471 1347 5527 habere
1361 5470 1651 5540 diceret,conversus
1665 5470 1703 5526 ad
1723 5467 1810 5539 conju·

109 5566 235 5637 obnoxii,
248 5581 300 5622 nce
310 5563 484 5638 evangelica,
497 5581 548 5620 nec
564 5566 723 5638 apostolica
733 5566 848 5622 decreta
863 5564 933 5639 legi·
988 5567 1071 5637 gatos
1087 5561 1128 5618 ait
1144 5579 1151 5617 ε
1166 5559 1331 5618 «Existimo
1347 5559 1401 5617 boc
1420 5559 1531 5618 bonum
1554 5576 1621 5618 essa
1642 5563 1758 5634 prepter
1769 5556 1810 5612 in·
