3900 6098
66 323 145 385 1001
802 314 1030 379 SERMONbs.
1719 330 1798 393 mm

64 456 146 532 ginis
158 458 242 529 partu
257 451 396 508 divinitas
411 469 474 524 quae
490 457 553 507 erat
569 454 599 507 in
614 449 742 516 homine,
755 448 897 522 usquead
913 447 941 517 Α
956 448 1099 508 homines
1110 450 1261 508 Christum
1278 471 1331 526 per
1341 455 1491 530 Virginem
1503 463 1617 518 venisse
1629 462 1746 517 fatetur,
1758 462 1800 519 Εχ

64 556 187 619 tempus
200 540 376 618 prallnitum
388 559 405 597 a
417 546 483 605 Deo,
496 540 614 597 diaholo
625 544 655 597 et
670 539 773 596 mundi
792 537 902 610 prinei·
959 538 1049 594 dietis
1067 540 1160 612 igitur
1181 541 1342 612 oratorum,
1355 545 1565 605 catholicorum
1582 552 1734 607 doctorum
1749 567 1798 606 co.

66 638 157 713 pibus
178 631 329 690 celaretur.
341 630 373 686 Si
386 632 461 686 enirn
476 633 675 700 removissent,
692 644 834 700 antiquom
849 627 903 682 lto-
958 628 1148 699 gnoscimus,
1156 630 1313 703 utriusque
1322 633 1502 693 Testamenti
1511 636 1694 710 patres‚licet
1701 642 1802 696 esseut

64 728 179 789 minum
192 722 288 794 pieriae
312 721 532 790 crucifixissem
548 719 626 791 quod
649 715 903 790 pernecessarium
958 713 1036 769 locis
1056 719 1087 770 et
1101 717 1286 788 temporibus
1301 719 1398 791 divisi,
1415 725 1594 780 unanimiter
1617 730 1715 781 tamen
1732 741 1799 780 sen-

64 820 140 873 erat.
151 813 181 870 Si
197 810 331 867 Christus
342 826 399 864 uon
411 809 643 880 crucifigeretur,
654 806 742 861 homo
758 822 815 860 nou
828 802 902 859 libe·
959 803 1038 859 sisse
1055 805 1091 859 de
1107 804 1201 877 gloria
1215 807 1360 866 adventus
1379 812 1533 870 Dominici.
1550 815 1584 870 Et
1607 816 1640 868 ut
1665 813 1720 869 hoe
1736 813 1802 870 sine

64 909 193 962 raretur.
207 901 271 972 lpse
282 897 361 952 enim
370 897 420 952 llei
435 896 526 953 Filius
537 895 724 969 paulominus
737 893 904 949 minoratus
960 892 1056 948 dubio
1073 910 1299 966 cognoscamus,
1312 898 1417 958 beatus
1432 919 1508 975 papa
1526 902 1739 974 Gregorius,ad
1755 903 1800 960 in·

65 996 103 1052 ab
115 990 239 1064 augelis,
251 1004 305 1061 pro
317 987 402 1042 nobis
412 986 501 1042 etiam
517 1002 627 1057 egenus
641 985 834 1052 laetusest,ut
848 997 904 1037 nes
960 984 1026 1036 star
1043 981 1170 1037 eoelestis
1187 982 1388 1059 sideris,quod
1405 996 1517 1062 septem
1534 989 1628 1047 stellis
1638 1006 1697 1046 non
1711 991 1801 1049 simul

64 1101 124 1141 sua
139 1081 312 1155 paupertate
321 1075 473 1132 ditaretO
488 1077 572 1131 beata
584 1078 751 1147 paupertas,
768 1089 832 1144 quae
848 1087 905 1129 nos
959 1071 1126 1135 stantibus,
1138 1071 1189 1125 sad
1206 1071 1296 1129 simul
1321 1078 1511 1147 micantibus,
1524 1096 1597 1151 quas
1621 1079 1723 1136 diviua
1745 1098 1801 1154 pa.

64 1173 175 1230 divites
191 1165 331 1224 reddidit!
349 1181 366 1220 o
382 1163 451 1219 lelix
467 1163 574 1236 inopia,
587 1180 651 1235 que
667 1179 721 1217 uos
742 1157 904 1231 locupletes
959 1158 1037 1231 gina
1051 1158 1183 1215 Pleiades
1208 1163 1352 1233 nominat,
1364 1166 1478 1224 divinos
1496 1172 1630 1225 auctores
1655 1171 1693 1226 ad
1718 1189 1802 1228 enar

63 1259 179 1321 etlecitt
197 1258 314 1323 Quanta
329 1257 357 1308 et
372 1253 470 1325 qualis
485 1258 529 1308 est
544 1253 601 1308 ista
614 1255 772 1325 paupertas
788 1265 851 1320 que
865 1249 904 1305 ab
960 1248 1059 1302 rande
1072 1253 1178 1304 nostra
1191 1248 1297 1306 salutis
1309 1255 1460 1327 mysteria,
1473 1257 1527 1311 etsi
1538 1256 1762 1316 discretoslocis
1773 1265 1803 1318 οι

63 1347 183 1424 angelis
198 1343 366 1408 nuntiatur,
379 1360 397 1398 a
412 1342 580 1414 pastoribus
599 1345 763 1407 veneratur,
779 1355 796 1395 a
810 1337 904 1411 Magis
959 1336 1160 1409 temporibus,
1172 1337 1200 1391 in
1217 1356 1274 1396 una
1289 1346 1389 1400 tamen
1408 1344 1463 1400 fide
1476 1349 1504 1400 et
1517 1345 1638 1403 veritate
1647 1348 1802 1407 refulsisse

64 1434 286 1497 officiosissime
313 1431 461 1489 salutatur
484 1437 513 1488 et
534 1432 683 1496 adoratur,
697 1435 725 1485 et
749 1429 795 1485 cui
816 1444 905 1485 omne
959 1425 1132 1482 denuntiat.
1277 1482 1281 1487 ,

63 1545 144 1604 genu
158 1520 300 1581 uertitur!
313 1520 420 1584 Quales
431 1524 460 1575 et
470 1524 595 1592 quantas
606 1519 722 1574 divitias
733 1518 761 1573 in
775 1516 824 1573 illo
836 1532 905 1590 pue·
1001 1515 1060 1570 llos
1077 1531 1135 1569 non
1151 1514 1246 1572 solum
1263 1520 1376 1588 stellas,
1389 1523 1440 1579 sed
1457 1522 1546 1580 etiam
1559 1525 1657 1597 coslus,
1672 1529 1803 1588 Davidiei

62 1635 97 1673 ,0
113 1614 290 1689 gfflndffivus
317 1609 366 1665 iila
391 1609 507 1664 simeon
519 1610 621 1679 justus
637 1612 665 1664 et
681 1609 835 1663 timoratus
858 1607 904 1662 in·
959 1602 1111 1661 sermonis
1123 1609 1205 1660 vocat
1216 1609 1514 1677 auctoritasdieens:
1527 1615 1593 1671 tati
1603 1621 1805 1693 murrontqto·

62 1705 144 1777 tuito
155 1701 263 1759 mentis
273 1698 498 1771 agnovit,quem
512 1702 667 1770 postquam
677 1697 774 1753 videre
786 1696 904 1761 meruit,
959 1696 1038 1750 riom
1051 1694 1110 1748 eet.
1124 1692 1156 1748 Hi
1171 1695 1281 1750 etenim
1298 1699 1378 1765 emti,
1390 1699 1434 1754 ha
1450 1702 1551 1774 stellae,
1565 1711 1728 1782 ceteraque
1743 1709 1803 1785 spi-

64 1788 141 1848 nihil
157 1792 263 1862 praeter
279 1786 379 1858 ipsum
400 1785 567 1858 concupivit
580 1785 688 1855 ridere,
701 1801 754 1839 noe
768 1783 856 1839 etiam
874 1783 904 1839 iu
961 1781 1083 1839 ritualia
1097 1787 1125 1837 et
1141 1783 1329 1841 rationabilia
1345 1791 1428 1843 astra
1442 1794 1528 1849 verbo
1549 1793 1687 1866 lucentia,
1704 1817 1804 1858 amoro

62 1880 122 1935 hac
137 1879 197 1933 Vp,
213 1873 391 1931 desideravit
406 1873 516 1929 rivere!
535 1874 597 1928 Nisi
612 1875 801 1946 cognosceret
816 1889 907 1930 senex
960 1872 1107 1937 ardentia,
1126 1889 1181 1926 non
1198 1890 1214 1928 a
1229 1889 1273 1939 se,
1290 1875 1342 1929 sed
1373 1875 1411 1931 ab
1427 1885 1544 1939 auctore
1567 1902 1620 1942 suo
1635 1886 1805 1948 habueruut

64 1967 116 2025 ille
126 1967 244 2023 simeon
259 1965 288 2018 in
302 1961 417 2018 Christo
433 1967 460 2017 et
477 1978 527 2035 per
538 1962 688 2017 Christum
702 1975 788 2033 posse
803 1978 905 2019 conse·
962 1966 996 2017 ut
1012 1977 1146 2017 sermone
1162 1961 1304 2033 lucerent,
1317 1962 1479 2026 dilectione
1494 1973 1640 2045 arderent,
1653 1980 1682 2033 et
1694 1994 1802 2051 eaque

65 2057 117 2131 qui
135 2059 307 2129 perpetuam
324 2050 425 2114 vitam,
436 2068 493 2107 nou
516 2055 575 2108 tam
601 2050 728 2106 libenter
739 2067 771 2105 eo
788 2051 906 2123 cognito
962 2051 999 2106 de
1010 2050 1074 2121 ipso
1085 2052 1370 2124 senseruntb'piritu
1385 2062 1487 2115 sancto
1498 2062 1630 2132 docente,
1638 2074 1802 2127 narrarent.

64 2149 217 2220 appeteret
228 2139 420 2213 temporalem
431 2144 565 2195 mortem.
576 2144 904 2211 ttrspomumocceperot,
963 2141 1094 2205 Quorum
1105 2139 1153 2195 alii
1167 2140 1315 2206 dillusius,
1330 2139 1384 2196 ulii
1397 2151 1648 2225 compendiosius,
1657 2154 1706 2213 alii
1720 2174 1804 2230 aper·

69 2243 104 2292 ut
122 2235 216 2290 Luras
233 2228 419 2302 Evangelista
442 2233 576 2297 testatur,
589 2248 605 2284 o
620 2229 729 2300 Spiritu
741 2237 834 2283 scitoto
850 2244 905 2283 non
965 2228 1035 2296 tius,
1044 2227 1091 2284 alii
1100 2230 1256 2287 obscurius
1267 2230 1303 2286 de
1314 2230 1427 2288 divinis
1438 2236 1497 2293 sibi
1509 2242 1645 2299 revelatis
1656 2247 1805 2319 mysteriis

65 2328 195 2382 tuburum
218 2337 247 2376 ao
261 2325 388 2384 mortem,
414 2319 469 2372 nisi
489 2318 592 2373 videret
616 2319 757 2373 (ttuistum
780 2318 904 2372 Doniiui.
963 2317 1054 2373 locuti
1065 2325 1144 2375 sunt.
1157 2321 1197 2375 llx
1208 2320 1316 2392 quibus
1334 2320 1414 2376 sieut
1429 2323 1509 2382 inter
1526 2335 1636 2388 veteres
1652 2340 1750 2406 patres
1766 2335 1804 2393 ad

70 2415 233 2487 Postquam
249 2408 399 2465 Christum
417 2407 530 2462 Domini
551 2407 714 2463 secundum
732 2406 905 2479 promissio·
965 2408 1297 2480 praenuntiandadivinu
1308 2409 1586 2492 benetieia,insigne
1596 2423 1746 2494 quoddam
1756 2441 1807 2481 oo·

68 2519 138 2561 nem
155 2500 285 2574 Spigpus
300 2496 393 2553 ,ancti
411 2495 528 2551 Simeon
540 2495 587 2550 ille
600 2494 810 2562 senexvidit,et
826 2494 906 2550 salu·
964 2497 1350 2572 bilissimuspruphetarum
1361 2498 1549 2577 privilegium
1560 2509 1689 2567 obtinuit
1699 2513 1803 2582 isaias,

69 2600 131 2650 tare
146 2590 246 2646 lumen
260 2583 905 2658 mundovenissecognorit‚benedixitDeum
965 2587 1006 2642 ita
1020 2589 1057 2643 ad
1073 2589 1239 2645 enarranda
1255 2587 1396 2642 incarnati
1409 2589 1500 2650 Verbi
1511 2601 1540 2652 et
1549 2597 1673 2670 virginei
1687 2605 1801 2674 partus,

67 2687 96 2740 et
120 2679 220 2737 dixit:
237 2682 315 2735 Nunc
340 2675 470 2744 dimittis,
489 2675 615 2739 Domine,
632 2689 739 2728 arreum
765 2681 843 2728 tuum
873 2675 907 2728 in
964 2691 1072 2733 areana
1089 2677 1237 2749 mysteria,
1253 2675 1446 2748 principalem
1470 2681 1568 2739 locum
1583 2686 1715 2744 obtinere
1731 2706 1798 2762 pro·

66 2785 147 2845 pace,
164 2769 231 2842 quia
244 2766 372 2822 oiilerunt
386 2764 460 2819 ocuti
474 2765 529 2817 inei
540 2764 661 2818 sutittorc
674 2769 762 2817 tuoto.
964 2767 1073 2821 meruit
1085 2768 1188 2823 Lucas.
1202 2764 1253 2820 llic
1264 2764 1306 2818 vir
1317 2763 1523 2827 divinissimus
1533 2776 1571 2840 et,
1580 2779 1613 2830 ut
1622 2791 1720 2832 omnis
1732 2778 1798 2849 ejus

104 2864 168 2916 Nos
183 2873 262 2930 ergo,
279 2853 464 2911 dilectissimi
487 2853 601 2919 iratres,
618 2850 709 2921 hujus
725 2850 906 2907 sanctissimi
963 2855 1123 2927 descriptio
1137 2852 1281 2926 patefecit,
1293 2851 1372 2908 omni
1388 2857 1537 2929 sapientia
1551 2867 1580 2917 et
1595 2863 1718 2922 scientia
1729 2883 1796 2923 eru·

70 2948 154 3008 senis
181 2945 325 3002 Simeonis
353 2941 519 3015 exemplum
550 2944 720 3013 sequentes,
749 2940 906 2997 hominum
963 2942 1212 3012 ditissimus,non
1229 2939 1373 3013 inprimis
1390 2944 1798 3026 adeudequibusmagisdi·

69 3038 225 3097 Christum
241 3036 270 3090 in
285 3033 430 3089 mundum
446 3031 560 3086 venisse
575 3029 739 3096 malumus,
753 3028 831 3084 ulnis
847 3030 908 3085 sin·
924 3090 932 3104 ‚
963 3036 1066 3089 cturus
1081 3037 1152 3099 erat,
1164 3036 1192 3088 et
1205 3031 1240 3086 ad
1256 3046 1318 3103 quac
1335 3029 1341 3084 i
1346 3030 1431 3103 psius
1447 3037 1508 3091 tota
1518 3038 1657 3096 tendebat
1671 3040 1795 3112 devotio,

71 3126 235 3185 serissima
251 3121 416 3179 dilectionis
431 3120 572 3175 adventus
588 3119 652 3189 ejus
677 3117 847 3172 memoriam
871 3119 905 3174 fi·
963 3120 1096 3176 ordinem
1109 3119 1595 3194 narrationisinciperevoluit,sed
1606 3126 1796 3188 circumstan-

71 3215 183 3273 deliter
197 3210 418 3284 amplectentes,
435 3209 459 3264 ei
474 3213 574 3281 utpote
590 3206 721 3263 membra
733 3206 819 3278 capiti
837 3223 905 3264 cou—
921 3190 943 3257 C
963 3209 1006 3264 tia
1022 3210 1174 3275 miracula,
1187 3206 1404 3282 generationem
1418 3210 1553 3269 videlieet
1565 3214 1709 3273 Domiuiei
1726 3235 1798 3291 pree·

67 3307 250 3378 jungamur,
263 3301 302 3356 i„
317 3305 351 3356 up
366 3316 424 3354 no„
439 3299 475 3354 ab
491 3313 524 3353 ρο
537 3313 716 3369 separemur,
729 3312 822 3367 usquo
838 3295 910 3354 dum
965 3299 1096 3365 cursoris
1112 3305 1139 3355 et
1155 3304 1264 3365 ortum,
1275 3296 1364 3352 vitam
1378 3299 1443 3370 ejus
1459 3301 1633 3370 mirabilem,
1646 3321 1798 3363 conversa·

72 3409 146 3451 eum
162 3388 313 3460 intemplo
330 3386 428 3461 gloriae
440 3404 499 3442 sna
510 3387 608 3441 videre
624 3401 800 3440 literramur.
812 3385 909 3442 Vitam
965 3387 1076 3442 tionem
1093 3394 1236 3454 sanctam,
1249 3391 1277 3442 et
1291 3385 1455 3444 inauditam
1472 3391 1618 3448 asoeculis
1634 3392 1664 3448 in
1679 3394 1757 3450 victu
1770 3400 1799 3452 et

73 3495 197 3555 quoque
212 3477 298 3533 istam
322 3476 456 3533 fallacem
482 3479 511 3530 et
534 3475 675 3530 caducum
702 3472 855 3546 fugientes,
873 3475 910 3531 ad
965 3475 1072 3532 vestitu
1088 3477 1309 3542 abstinentiam,
1321 3480 1349 3531 et
1361 3477 1388 3532 in
1401 3479 1481 3534 omni
1494 3496 1600 3553 genere
1613 3499 1799 3554 perseveran-

74 3570 159 3627 illam
177 3585 241 3640 quac
255 3584 322 3622 vera
337 3570 366 3621 et
383 3581 559 3638 permanens
582 3569 635 3628 est,
652 3568 711 3617 toto
737 3564 844 3618 mentis
859 3564 911 3620 de·
966 3569 1024 3619 tem
1042 3565 1239 3621 constantiam
1256 3570 1283 3619 et
1296 3570 1479 3622 constantem
1496 3572 1752 3641 perseverantiam,
1769 3577 1798 3629 et

76 3659 188 3716 siderio
213 3653 552 3722 tendamus,auxiliante
577 3653 701 3708 Doniiuo
727 3657 825 3707 nostro
841 3652 921 3709 tear
966 3653 1003 3707 ad
1020 3652 1260 3724 reprehendenda
1281 3654 1351 3709 vitia
1375 3657 1614 3715 robustissimam
1637 3659 1796 3718 liberalita-

76 3746 206 3814 Christe,
218 3745 268 3817 qui
288 3749 344 3810 est,
361 3748 393 3799 ut
417 3743 479 3815 ipse
504 3741 585 3807 dicit,
596 3741 652 3808 vin,
665 3741 771 3797 veritas
786 3746 813 3796 et
829 3742 888 3798 vita
904 3758 909 3798 :

76 3837 135 3902 ria,
149 3832 284 3890 videlicet
298 3837 374 3888 recte
394 3831 611 3905 gradientium;
629 3831 745 3895 veritas,
760 3830 912 3887 veritatem

79 3923 258 3991 amantium3
270 3922 338 3988 vila,
350 3922 424 3976 hene
439 3921 608 3976 viventium.
621 3920 674 3984 Oui
686 3919 794 3974 visitet
809 3929 913 3992 regnat

79 4031 148 4072 cum
166 4013 251 4069 Patre
266 4016 293 4067 et
307 4009 418 4083 Spiritu
435 4015 535 4064 sancto
558 4025 609 4081 per
624 4008 723 4064 omnia
738 4006 844 4064 sarcula
859 4027 911 4065 sae·

81 4104 227 4162 culorum.
244 4102 346 4156 Amen.

403 4188 523 4245 SERMO
543 4187 590 4242 lV.

282 4298 317 4336 ua
333 4295 543 4335 iseansarmne
559 4295 709 4333 oourmca.

114 4370 274 4431 Dominicoe
297 4367 506 4425 incarnationis
530 4372 558 4424 et
574 4372 679 4424 nostrie
705 4367 912 4439 reparationis,

80 4463 158 4537 quod
175 4461 249 4517 tides
265 4457 395 4514 fidelium
410 4457 552 4513 hodierna
562 4457 608 4512 die
623 4455 737 4522 recolit,
750 4473 914 4513 sacramen·

968 3746 1036 3796 tem.
1054 3742 1212 3799 Parentum
1242 3743 1330 3799 etiam
1350 3744 1415 3814 ejus
1438 3747 1652 3805 nobilissimam
1677 3754 1706 3806 et
1733 3751 1796 3807 sine

967 3830 1047 3885 omni
1072 3830 1191 3902 querela
1215 3831 1364 3903 justitiam
1393 3832 1430 3887 ad
1457 3833 1602 3909 liquidum
1632 3838 1797 3896 describere

967 3917 1067 3974 voluit.
1079 3919 1239 3990 Postquam
1256 3936 1322 3975 vero
1352 3921 1387 3976 de
1407 3923 1455 3979 his
1479 3924 1660 3981 sufficienter
1687 3926 1797 3985 dixisse
1884 3966 1891 3976 ·

966 4022 999 4063 se
1014 4006 1147 4072 credidit,
1164 4007 1200 4061 ad
1216 4007 1389 4066 disserenda
1403 4028 1438 4067 ea
1452 4027 1515 4083 quai
1532 4012 1560 4066 in
1576 4018 1642 4068 voto
1657 4013 1795 4082 habebat,

967 4100 1116 4168 praeeunte
1140 4093 1251 4150 lumine
1273 4096 1400 4154 caelestis
1419 4099 1530 4172 gratiae,
1548 4117 1578 4156 se
1594 4104 1688 4156 totum
1704 4101 1795 4170 dedit,

968 4184 1105 4256 inquiens
1120 4199 1126 4238 :
1144 4185 1243 4240 Missua
1257 4194 1295 4240 est
1310 4188 1424 4257 onqetua
1440 4189 1549 4245 Gabriel
1563 4206 1580 4245 e
1592 4189 1645 4246 Deo
1659 4191 1688 4244 iu
1702 4191 1797 4248 ciuita-

968 4281 1023 4329 tem
1038 4272 1173 4339 Gotila’oe,
1188 4274 1236 4328 coi
1257 4289 1354 4331 nomen
1376 4277 1522 4344 Nazareth,
1538 4278 1573 4333 ott
1588 4279 1723 4348 virginem
1736 4277 1797 4336 des·

966 4370 1111 4434 pensatam
1126 4363 1194 4428 uiro,
1205 4363 1252 4417 cui
1265 4379 1364 4420 omnen
1377 4371 1437 4421 erat
1450 4365 1546 4440 loseph
1560 4366 1593 4423 dc
1606 4366 1683 4423 deinc
1698 4366 1798 4438 dauid,

967 4460 995 4508 et
1010 4467 1107 4507 tionem
1123 4453 1251 4520 oiipiuis,
1269 4451 1367 4509 llario.

79 4556 155 4618 tum,
167 4549 235 4605 lieet
249 4547 414 4622 granditate
428 4546 473 4600 sui
485 4550 513 4600 et
527 4544 695 4601 excellentia
707 4543 871 4602 humanum
884 4548 915 4603 et
931 4559 954 4624 p
1005 4540 1189 4608 Audivimus,
1198 4540 1313 4608 iratres,
1322 4541 1458 4615 angelum
1470 4545 1554 4602 olleo
1565 4545 1649 4603 Putre
1659 4547 1694 4603 ad
1706 4546 1800 4621 Virgi-

80 4637 247 4713 angelicum
263 4636 383 4691 excedat
398 4631 589 4696 intellectum,
604 4639 700 4688 tamen
719 4633 862 4705 quidquid
874 4635 911 4690 de

80 4731 184 4786 eodem
214 4725 310 4800 potuit
325 4722 368 4780 vel
389 4723 489 4779 debuit
505 4721 751 4795 comprehendere
780 4727 809 4778 et
837 4724 911 4780 seire

80 4816 240 4873 electorum
257 4812 383 4876 devotio,
400 4814 493 4865 totum
513 4827 563 4881 per
582 4809 718 4881 antiques
732 4813 840 4881 patres,
856 4809 912 4866 Ve-

80 4905 150 4963 teris
162 4901 297 4959 videlicet
307 4899 486 4957 Testamenti
498 4899 679 4971 patriarchas
688 4904 716 4954 et
724 4903 804 4954 vates
816 4898 913 4972 dispe-

81 4996 140 5053 auit
155 4991 304 5059 nuntiare,
316 4993 345 5046 et
359 5006 411 5063 per
423 4987 572 5060 apostolos
588 4993 617 5043 et
631 4987 837 5061 evangelistas,
849 4988 912 5045 ido-

80 5101 151 5142 neos
176 5098 258 5138 nevae
285 5079 360 5152 legis
381 5077 542 5144 ministros,
557 5076 678 5150 dignata
707 5081 752 5132 est
777 5094 912 5137 enarrare

80 5173 185 5241 divine
196 5166 378 5244 dignationis
390 5165 540 5237 hlajestas.
553 5167 667 5231 Quanta
679 5165 757 5222 euim
773 5170 801 5222 et
816 5166 914 5238 qualia

79 5253 911 5336 praefulseruntinserieveterisInstrumentitestimonia,

80 5349 148 5411 huie
172 5364 258 5406 sacro
284 5343 422 5418 mysterio
439 5342 510 5399 adeo
527 5342 652 5398 laventis
676 5346 704 5398 et
728 5344 912 5416 apertissime

81 5435 282 5514 congruentia,
296 5450 352 5490 nou
367 5435 462 5506 potest
476 5430 641 5503 adplenum
658 5432 794 5506 colligere
806 5438 912 5490 nostre

82 5526 233 5601 parvitatis
244 5521 418 5598 ignorantia.
429 5519 575 5592 Quidquid
587 5537 654 5575 vero
665 5520 832 5595 Evangelia,
846 5539 914 5596 apo-

84 5615 229 5679 stolorum
248 5609 384 5685 Epistola
410 5614 439 5667 et
461 5611 551 5667 Actus
568 5607 749 5685 loquuntur,
766 5615 860 5675 tetum
876 5611 913 5673 ad

246 5739 379 5806 Portet.
403 5735 524 5804 cxblt.

969 4645 1037 4685 nem
1049 4630 1516 4707 missum,audivimusVirginem
1527 4651 1600 4692 novo
1613 4634 1799 4693 salutationis

968 4719 1076 4775 famine
1088 4718 1293 4786 salutatam,et
1309 4720 1337 4776 in
1353 4721 1418 4794 ipsa
1431 4723 1619 4791 salutatione,
1628 4729 1660 4779 ut
1669 4724 1799 4796 Evange-

967 4807 1798 4880 liumloquitualuisseturbatamdludim'musGabrielem

967 4897 1175 4970 archangelum
1186 4899 1283 4954 verbis
1294 4898 1508 4967 consolatoriis,
1519 4917 1554 4956 ue
1565 4900 1681 4956 timeret
1691 4898 1800 4956 allocu-

967 4991 1042 5051 tum,
1056 4987 1179 5058 eoquod
1196 4986 1356 5044 invenisset
1376 4987 1502 5061 gratiam
1524 4989 1602 5061 apud
1627 4988 1798 5060 Dominum,

968 5075 1073 5132 deindo
1086 5079 1292 5147 generaturam
1314 5080 1343 5132 et
1364 5076 1527 5149 parituram
1542 5076 1669 5134 asseruit
1690 5075 1797 5147 filium,

967 5180 1056 5237 quem
1067 5164 1204 5237 pracepit
1213 5169 1244 5220 ut
1252 5164 1574 5225 vocar-attestatione
1584 5182 1648 5223 esse
1657 5181 1799 5241 maguum

967 5257 995 5308 et
1005 5251 1099 5308 tilium
1110 5251 1265 5320 Altissimi,
1275 5254 1376 5310 sedem
1387 5254 1525 5320 Deridet
1535 5256 1656 5312 domum
1669 5255 1801 5324 lacebat

967 5358 1093 5414 regnum
1109 5341 1325 5414 sempiternum
1338 5343 1400 5399 siue
1410 5343 1469 5400 fine
1483 5345 1644 5401 seeundum
1661 5344 1799 5402 humani·

968 5434 1059 5486 tatem
1073 5430 1250 5504 adepturum
1266 5432 1408 5504 predixit.
1417 5434 1499 5499 Quod
1511 5451 1627 5509 semper
1636 5433 1808 5507 seeundum⁸

969 5520 1152 5577 divinitatem
1167 5536 1234 5576 eum
1249 5521 1306 5577 Deo
1318 5521 1401 5579 Patre
1411 5528 1440 5580 et
1448 5523 1559 5598 Spiritu
1571 5527 1671 5581 saneto
1681 5527 1801 5580 eterna·

968 5609 1046 5680 liter,
1064 5613 1223 5688 antequam
1239 5611 1368 5670 muudus
1383 5612 1476 5687 lieret,
1490 5613 1520 5672 in
1536 5619 1644 5670 aterna
1658 5625 1742 5687 susp

1527 5737 1641 5849 ,³³
