3900 6098
72 313 150 377 4009
722 303 779 366 DE
804 299 966 367 conlcto
988 299 1136 367 MISSAE.
1731 329 1813 393 {070

68 447 184 520 peratis
203 445 296 517 populi
316 445 369 512 sui,
386 446 419 498 ut
440 441 516 498 sicut
538 439 568 495 in
590 435 748 509 Evangelio
774 450 907 507 corpore
922 438 950 506 A
964 435 1009 491 vel
1020 440 1521 510 perquntuorhebdomadas.Nam
1533 452 1813 517 tinitahebdomada

71 535 228 601 infirmum,
243 533 284 588 ita
302 533 349 588 hic
364 534 447 587 annet
461 529 603 586 Dominus
620 523 766 599 populum
797 525 829 578 in
847 524 912 579 ani·
967 531 1140 599 quieverat,
1153 529 1182 585 in
1196 530 1324 587 introitu
1341 534 1440 593 missas
1453 543 1555 596 cantor
1567 559 1669 615 pacem
1684 547 1812 604 aDomi.

69 640 119 679 ma
145 622 324 695 languidum.
347 621 430 677 Unde
458 619 600 691 scriptum
624 619 669 672 est
686 629 692 668 :
709 613 743 668 lit
772 612 911 683 ptocotzu
965 619 1105 686 uorogat
1122 618 1323 692 utprophetae
1342 623 1408 694 ejus
1435 626 1534 684 fideles
1558 629 1754 691 inveniantur.
1772 632 1836 693 ut·

69 714 156 783 suctos
169 718 208 767 est
221 712 351 767 Dominus
370 710 402 766 do
421 709 603 780 mutipnitote,
619 719 701 777 quom
714 700 799 756 dixit
815 701 912 768 [orm
964 705 1158 774 responsoria
1178 709 1326 782 propheta
1347 711 1457 771 David:
1473 718 1595 774 Loetates
1609 737 1671 777 sem
1686 722 1806 797 (iuquit)

68 801 166 874 populo
190 815 239 855 sao
252 800 346 867 (Eroti.
361 801 461 866 ιιιιιιιι).
478 799 514 853 Et
527 798 557 851 ia
570 810 654 851 versu
670 809 676 848 :
698 790 785 846 Dicit
810 788 909 847 Domi·
964 792 1051 847 itt-liis
1065 809 1134 864 quae
1147 796 1223 854 dicto
1243 807 1310 854 sunt
1330 802 1403 859 mitt
1415 823 1427 859 .·
1441 807 1472 860 in
1486 805 1597 862 domem
1621 812 1735 866 Domini
1749 812 1805 866 idi·

70 905 121 944 aas
135 888 169 943 od
184 887 289 959 Moysen
300 905 309 943 :
320 888 452 943 Invenisti
473 887 591 956 qratiam
614 885 642 938 io
664 884 819 950 compecto
834 894 908 950 tneo,
962 896 1022 935 mes
1038 882 1129 953 (Psoi.
1146 887 1223 958 cxxv)
1238 903 1245 943 ε
1262 892 1292 943 et
1315 888 1344 944 in
1360 908 1446 948 versu
1463 911 1470 949 :
1486 896 1548 950 Fiat
1564 912 1625 966 pax
1646 899 1677 953 in
1700 900 1804 957 virtuts

70 986 96 1035 et
114 979 168 1033 scio
192 984 215 1032 te
235 991 295 1047 prm
317 977 443 1032 ornatore
459 975 556 1045 (duod.
572 968 746 1043 xxx111).Sic
774 969 908 1041 uterque
962 973 1009 1025 tac
1025 969 1133 1042 (titt).
1152 975 1183 1031 ln
1199 976 1358 1049 Evangelio
1373 979 1444 1037 iacit
1458 981 1602 1039 Dominus
1618 987 1801 1044 mentionem

10 1070 12 1077 ’
70 1064 196 1141 populus
209 1064 280 1120 Novi
295 1082 328 1121 ac
340 1065 454 1126 lletcris
467 1061 646 1120 Testamenti
662 1061 787 1116 curatus
804 1055 906 1115 divina
960 1059 1111 1132 prophotae
1128 1063 1249 1138 Moysis,
1263 1066 1362 1124 dicens
1377 1086 1384 1123 :
1399 1073 1492 1143 Super
1506 1071 1677 1130 cathedram
1688 1074 1799 1148 Moysis

69 1158 279 1212 commemorat
292 1154 443 1222 beneficia,
459 1153 501 1208 ita
515 1168 623 1209 canens
643 1165 710 1206 cnm
726 1143 902 1218 Propheta:
959 1150 1101 1207 sederunt
1115 1154 1222 1210 Scriba
1240 1160 1270 1212 et
1289 1156 1647 1234 Pharisaettttattt.xn11).
1664 1165 1797 1236 Sequens

68 1248 106 1302 De
118 1248 211 1318 [neta
231 1259 342 1315 operam
367 1251 488 1310 tucrum,
501 1243 622 1309 Domine,
637 1238 790 1296 satiabitur
815 1240 901 1306 terro,
957 1237 1107 1297 offerenda
1123 1244 1163 1300 ita
1175 1244 1279 1317 incipit
1295 1263 1302 1301 :
1316 1247 1507 1319 sanctificavit
1521 1249 1624 1322 Moyses
1638 1252 1728 1309 otiare
1741 1254 1796 1310 Dc·

67 1342 99 1390 at
111 1334 209 1391 etiarm
221 1348 321 1405 partem
335 1331 367 1388 de
379 1339 462 1400 terro,
479 1340 505 1387 et
523 1333 617 1387 cinam
633 1329 754 1400 latificet
779 1341 827 1382 cor
850 1327 900 1383 iic·
955 1327 1090 1394 mineat
1114 1330 1230 1402 primus
1256 1348 1359 1388 versus
1377 1350 1383 1388 :
1401 1336 1518 1391 Locutus
1540 1343 1581 1391 est
1602 1338 1737 1395 Dominus
1759 1340 1796 1397 od

67 1424 152 1480 minis
167 1422 253 1494 (Psoi.
270 1423 339 1491 cm).
351 1423 452 1487 Terra,
466 1437 530 1492 qua
545 1420 575 1475 in
593 1420 687 1494 primo
703 1415 824 1473 homine
839 1433 900 1473 ma·
955 1417 1089 1488 Moyses,-
1104 1422 1254 1477 secundus
1270 1438 1373 1479 versus
1386 1439 1393 1478 :
1406 1423 1503 1481 Orovit
1516 1423 1620 1497 Moyses
1633 1424 1796 1486 Dominum]

67 1513 176 1568 ledicta
190 1511 291 1584 spinas
305 1514 334 1566 et
350 1507 475 1566 tribulos
494 1510 678 1583 germinavit,
695 1522 774 1564 nunc
789 1505 899 1562 calesti
954 1503 1610 1571 lltiucommunionehortaturnosPsalmista
1620 1516 1796 1593 cumlllopse

64 1602 160 1658 imbre
176 1600 295 1674 perfusa
316 1616 348 1654 ac
364 1600 508 1656 bonorum
524 1615 644 1672 operum
665 1599 762 1653 fructu
779 1595 896 1678 satiata,
953 1591 1054 1651 tollere
1069 1595 1192 1667 hostias,
1205 1604 1235 1656 st
1249 1598 1372 1657 introire
1388 1601 1418 1656 in
1431 1601 1508 1658 atriu
1525 1601 1656 1676 Domini,
1673 1607 1796 1666 adorare
1874 1664 1877 1674 ,

62 1690 148 1748 illurn
164 1706 271 1763 panem
287 1689 421 1761 producit
432 1687 482 1760 qui
498 1689 534 1743 de
549 1687 622 1743 coelo
635 1685 798 1752 descendit,
811 1686 897 1755 cujus
952 1684 1111 1741 Dominum
1124 1687 1153 1742 in
1164 1688 1232 1744 aula
1243 1694 1345 1745 sancta
1355 1691 1420 1761 ejus
1430 1691 1522 1759 (Psoi.
1532 1693 1726 1768 xcv).lltquia
1735 1697 1794 1755 Deo

61 1786 152 1855 gustu
162 1780 312 1836 reficimur
322 1783 350 1835 ct
359 1777 417 1833 vini
430 1777 536 1850 poculo
547 1776 575 1832 in
588 1776 727 1850 mysterio
739 1774 894 1847 sanguinis
953 1787 1005 1827 nec
1014 1773 1043 1828 in
1054 1776 1208 1844 sacrificio,
1217 1794 1271 1834 nec
1280 1778 1309 1834 in
1318 1778 1466 1835 oblatione
1475 1779 1644 1839 hostiarum
1653 1784 1718 1841 sine
1727 1787 1793 1858 ojus

61 1869 171 1928 Christi
187 1873 334 1941 potamur,
346 1871 379 1922 ut
394 1866 492 1922 oleum
507 1867 611 1922 divina
627 1863 835 1922 misericordia
850 1863 892 1919 ia·
949 1860 1094 1932 adjutorio
1111 1864 1224 1935 placere
1235 1883 1467 1938 possumus,nec
1483 1869 1515 1925 in
1528 1870 1604 1927 atria
1614 1872 1681 1943 ejus
1691 1874 1792 1932 introi·

61 1959 138 2016 ciem
155 1956 302 2013 interioris
315 1955 442 2011 hominis
457 1953 600 2011 exhilaret
615 1957 644 2011 et
658 1953 743 2027 panis
758 1952 892 2023 ejusdem
949 1965 989 2017 re,
1004 1966 1056 2007 nec
1068 1952 1098 2008 in
1110 1953 1178 2009 aula
1189 1955 1254 2025 ejus
1267 1956 1389 2013 adorare
1398 1958 1594 2025 eum‚merito
1605 1963 1742 2019 sacerdos
1753 1980 1789 2021 ex

61 2064 113 2104 cor
127 2046 258 2103 hominis
272 2047 432 2102 confirmet.
445 2044 489 2100 llli
506 2042 661 2118 Evangelio
673 2043 722 2099 ubi
734 2042 892 2098 Dominum
948 2042 1041 2095 suaet
1052 2045 1231 2099 nostravoce
1244 2044 1790 2121 Deum,dcprecatur,dicens:Diripot
1859 2110 1865 2120 ,

62 2134 253 2210 legisperitus
267 2134 302 2190 de
321 2134 458 2189 mandato
478 2133 649 2205 interrogat,
666 2135 695 2188 et
708 2131 757 2187 ille
773 2146 893 2203 respon·
947 2127 1144 2197 corddnostrtt,
1157 2135 1519 2208 Domine,quasumas,taae
1528 2138 1788 2211 moerntontsope-

63 2226 139 2283 dens
164 2224 259 2279 dixit:
278 2224 380 2292 Ditiqes
402 2224 555 2279 Darninum
573 2222 658 2277 Deum
685 2226 762 2276 tuum
784 2237 818 2275 ex
841 2227 894 2275 toto
948 2219 1030 2285 ratio,
1047 2221 1115 2290 quio
1129 2220 1181 2276 titi
1194 2223 1311 2294 tinette]
1322 2225 1432 2296 placere
1446 2241 1502 2282 non
1519 2228 1719 2298 postumaelu
1735 2243 1783 2284 sa-

62 2313 216 2379 cordetuo,
231 2316 257 2368 et
271 2329 306 2367 es
315 2319 368 2368 totu
383 2314 478 2368 unirer
493 2315 551 2377 trio,
562 2314 589 2365 ct
602 2326 638 2366 ex
651 2311 777 2366 amnites
787 2309 894 2364 viribus
949 2308 1050 2377 quenti
1061 2307 1214 2364 Dominiea
1225 2309 1253 2366 in
1265 2310 1387 2369 introitu
1398 2313 1568 2371 consolatur
1580 2332 1635 2372 nos
1645 2315 1718 2386 ipse,
1732 2315 1781 2371 di-

63 2405 132 2469 rats,
149 2411 176 2459 et
187 2417 224 2459 es
237 2403 312 2458 amai
332 2408 420 2457 mente
435 2408 494 2466 tao,
510 2406 536 2455 ct
545 2402 705 2472 proximam
719 2404 799 2453 tuum
822 2399 895 2453 sicat
948 2395 1221 2469 censzsotaspopatt
1229 2401 1783 2470 cpcsurn,etcstera.Undeetinllvan-

63 2501 92 2548 te
105 2495 198 2565 ipsam
214 2491 321 2564 (ttulit.
336 2491 422 2562 xxvi),
438 2495 468 2546 et
488 2488 694 2545 Samaritanus
712 2490 795 2544 curat
809 2485 893 2542 illum
948 2482 1782 2564 gellonensolumsanatparalyticumquemeiollerebant

62 2579 264 2646 vulneratum,
276 2583 304 2635 et
317 2578 478 2636 stabulario
488 2579 539 2634 dat
547 2581 575 2634 et
586 2575 730 2650 promittit
740 2575 893 2649 premium
944 2572 1092 2642 jacentem
1101 2573 1130 2629 in
1140 2574 1329 2641 lecto,vcrum
1340 2580 1429 2635 etiam
1437 2580 1782 2652 dimittitpeccata,sicut

62 2672 141 2740 (tac.
153 2673 194 2740 x),
207 2669 342 2741 congruit
355 2668 415 2725 hac
426 2667 521 2724 oratio
531 2667 566 2723 nd
578 2666 736 2722 Dominum
749 2684 755 2721 :
769 2666 895 2735 ttmntpo·
948 2660 1043 2717 cidem
1054 2662 1141 2718 dicit:
1151 2665 1271 2737 confide,
1282 2668 1347 2738 fiili,
1360 2669 1540 2724 remittuntur
1550 2670 1719 2741 titipcccato
1729 2678 1781 2726 tuo

63 2764 122 2816 tens
137 2761 301 2830 serrapiterne
316 2760 392 2823 Deus,
409 2757 445 2813 dc
459 2757 539 2814 nobis
553 2755 627 2827 fidei,
638 2757 696 2828 spei
710 2762 735 2810 et
749 2754 894 2810 alteritatis
949 2750 1057 2822 (dotti.
1067 2752 1116 2822 vx).
1125 2740 1206 2808 Unde
1218 2758 1246 2809 ct
1257 2756 1360 2812 merito
1372 2772 1425 2812 nos
1435 2757 1594 2813 Dominum
1605 2756 1635 2812 in
1647 2756 1780 2816 oratione

63 2856 254 2922 caementum,
269 2856 294 2903 et
305 2851 339 2903 at
352 2862 509 2903 moramur
524 2847 633 2917 assequi
652 2844 723 2917 quod
743 2845 893 2916 promittis,
949 2840 1045 2897 missa
1062 2856 1209 2913 rogamus,
1223 2847 1255 2898 ut
1269 2845 1455 2918 omnipotens
1468 2848 1497 2901 et
1511 2845 1679 2903 misericors
1698 2845 1780 2906 Deus
1806 2889 1813 2905 ,

63 2939 109 3011 [σε
122 2953 175 2993 nos
194 2952 287 2992 amare
313 2935 381 3009 qaod
404 2936 545 3008 precipis.
563 2933 627 2989 llac
643 2938 672 2990 et
698 2933 756 2990 alia
771 2949 835 3005 quaa
850 2929 894 2986 vel
949 2929 1085 2984 universa
1100 2928 1183 2985 nohis
1194 2931 1380 2989 adversantia
1395 2933 1568 3007 propitiatus
1587 2933 1732 3003 excludat,
1744 2942 1779 2993 ut

66 3026 275 3099 pretermissa,
286 3024 330 3081 vel
343 3026 420 3080 diota
435 3029 514 3091 sunt,
525 3023 570 3080 vel
583 3041 646 3096 qua
660 3023 756 3079 adhuc
771 3024 893 3087 restant,
948 3017 1025 3074 sieut
1035 3017 1212 3091 paralyticus
1220 3036 1254 3075 ex
1265 3021 1511 3078 miserationeDei
1520 3021 1611 3079 libero
1619 3039 1723 3096 gressu
1734 3024 1779 3079 in·

66 3117 87 3172 si
103 3114 240 3188 diligenti
256 3131 326 3170 cura
341 3115 540 3183 observentur,
555 3112 690 3168 concordi
705 3113 764 3168 tine
777 3113 892 3167 conclu·
947 3107 1127 3174 cedebat,ita
1136 3112 1165 3163 et
1176 3125 1229 3164 nos
1240 3114 1337 3167 mente
1346 3115 1374 3165 et
1385 3126 1505 3182 corpore
1514 3110 1641 3184 expediti
1652 3127 1716 3184 qua
1724 3113 1777 3169 Dei

67 3204 188 3269 duntur,
201 3202 226 3259 si
238 3207 336 3258 emen
348 3201 420 3258 illud
431 3201 570 3270 cilicium,
582 3202 724 3256 desaltato
738 3201 801 3264 Deo,
812 3196 893 3254 nullo
908 3180 932 3252 G
949 3199 1020 3253 sunt
1033 3195 1133 3250 liberis
1149 3197 1296 3255 mentibus
1308 3216 1514 3272 exsequamur.
1526 3200 1560 3256 llt
1571 3199 1643 3273 quia
1654 3203 1777 3273 Aposto-

68 3294 183 3350 canitur
198 3293 246 3349 die
257 3291 409 3348 Dominico
435 3292 509 3346 Nam
531 3307 597 3345 cum
613 3295 722 3346 catera
737 3287 893 3344 Dominiea
949 3283 996 3340 lus
1007 3285 1150 3362 quosdam
1162 3285 1197 3341 de
1208 3286 1316 3343 Scribis
1326 3288 1437 3345 sciebat
1452 3289 1528 3344 intra
1538 3304 1570 3345 se
1580 3288 1691 3347 dixisse
1703 3306 1709 3346 :
1723 3289 1776 3347 Hic

67 3397 129 3456 quse
144 3385 214 3455 post
223 3380 338 3453 jejunia
352 3384 464 3447 vacant,
474 3379 613 3436 lectiones
627 3385 656 3436 ct
670 3376 826 3451 Evangelia
841 3375 894 3431 ha·
948 3373 1144 3446 blasphemat,
1161 3373 1191 3429 in
1207 3374 1333 3447 epistola
1351 3394 1407 3434 sua
1431 3379 1638 3450 premonebat,
1650 3377 1751 3435 dicens
1767 3395 1774 3435 :

66 3469 153 3529 team
173 3469 344 3537 constituta,
359 3473 387 3525 et
402 3469 462 3525 hae
478 3468 640 3535 Dominica‚
654 3484 717 3539 quae
733 3467 780 3521 hic
801 3468 892 3528 vacet,
950 3462 1155 3535 Propterquod
1170 3461 1325 3536 loquimini
1334 3467 1485 3523 veritatem
1496 3468 1776 3541 unusquisquecum

64 3557 102 3616 ita
117 3576 179 3615 non
195 3557 311 3624 habeat,
323 3558 391 3629 jure
409 3557 482 3612 illud
503 3557 633 3613 officium
650 3553 893 3628 pretermittitur,
949 3550 1081 3624 proximo
1092 3556 1188 3619 suo,et
1198 3551 1288 3611 nolite
1298 3554 1395 3612 locum
1404 3555 1473 3612 dare
1484 3555 1600 3614 diabolo
1607 3558 1715 3629 (Epiros.
1725 3560 1777 3627 ιν),

64 3652 96 3705 ut
117 3648 149 3704 in
176 3646 290 3703 caeteris
319 3647 473 3703 concordia
501 3650 673 3702 reservetur.
691 3643 720 3699 Si
736 3642 804 3715 quis
827 3658 894 3698 vero
948 3640 1058 3696 Deinde
1068 3641 1194 3697 occurrit
1208 3641 1430 3708 illaDominioa,
1439 3645 1489 3700 ubi
1500 3643 1573 3702 illud
1585 3645 1777 3720 Evangelium

60 3736 167 3811 abjicit
183 3751 237 3792 cur
251 3734 381 3791 officium
397 3739 508 3808 quartae
526 3733 603 3790 teriae
626 3751 683 3789 non
699 3732 747 3787 hic
760 3729 895 3787 similiter
949 3728 1067 3802 legitur,
1078 3730 1108 3785 in
1119 3746 1177 3803 quo
1188 3732 1309 3802 quidam
1320 3733 1356 3789 ad
1373 3734 1491 3806 nuptias
1502 3733 1554 3790 filii
1568 3735 1646 3809 regis
1661 3733 1777 3792 invitati

60 3827 211 3892 mutetur,
224 3822 300 3879 sicut
310 3822 340 3878 in
353 3822 485 3879 Adventu
497 3822 613 3877 Domini
624 3825 652 3878 et
662 3820 690 3875 in
705 3819 896 3891 Quadragesi·
949 3817 1140 3891 neglexerunt
1153 3821 1261 3888 venire,
1273 3823 1350 3880 sicut
1364 3822 1507 3896 scriptum
1522 3827 1568 3882 cst
1579 3842 1586 3881 τ
1598 3826 1633 3881 Et
1642 3824 1778 3882 abierunt

58 3927 122 3983 ma,
131 3912 349 3984 respondemus
359 3911 427 3983 quia
439 3928 506 3967 cum
518 3914 644 3983 quatuor
658 3908 848 3965 hebdomada
864 3907 894 3962 in
950 3907 1025 3964 alius
1037 3908 1067 3964 in
1078 3908 1176 3965 villam
1191 3926 1287 3979 suam,
1301 3911 1377 3968 alius
1388 3912 1422 3967 ad
1437 3913 1664 3985 negotiationem
1675 3931 1776 3984 suam;

58 3999 222 4059 Dominiea
232 4001 364 4057 Adventu
380 4005 446 4057 ante
460 3999 562 4057 Natale
580 3999 695 4056 Domini
711 3997 770 4054 sint
782 4013 895 4068 prauo·
949 3995 1053 4068 reliqui
1070 4013 1137 4053 vero
1160 4001 1318 4055 tenuerunt
1340 4015 1439 4057 servos
1457 4000 1532 4071 ejus,
1545 4005 1574 4057 et
1598 4002 1778 4059 contumelia

58 4093 143 4159 tatae,
155 4094 187 4146 et
199 4089 230 4145 in
246 4089 477 4162 Quadragesima
491 4087 687 4162 persingulas
702 4086 764 4143 dies
779 4085 896 4158 singula
949 4084 1068 4141 allectos
1096 4085 1276 4143 occiderunt.
1298 4090 1379 4155 Quod
1407 4105 1460 4145 nos
1489 4105 1651 4162 precavere
1675 4089 1777 4146 volens

57 4181 126 4238 sint
135 4178 236 4236 cilicia
246 4179 415 4246 constituta,
424 4183 457 4235 ut
467 4179 497 4234 in
508 4179 640 4233 Adventu
653 4174 768 4232 Domini
780 4177 894 4247 quarta,
949 4172 1153 4245 Apostolus,in
1163 4175 1293 4247 Epistola
1302 4176 1778 4245 suaadmonetdicens:Notitein·

57 4273 90 4327 et
103 4269 138 4324 in
149 4267 384 4341 Quadragesima
396 4267 525 4322 secunda
540 4265 692 4322 Dominiea
706 4266 819 4331 vacent,
835 4278 896 4318 me·
948 4261 1053 4317 ebriari
1065 4264 1182 4330 sinete
1196 4278 1247 4336 quo
1261 4273 1300 4322 est
1311 4267 1437 4332 tamiris,
1448 4266 1494 4323 sed
1505 4267 1661 4340 implemini
1670 4267 1779 4339 Spiritu

58 4359 121 4415 rito
137 4357 177 4413 ab
192 4354 397 4412 ecclesiasticis
411 4354 481 4411 viris
503 4358 548 4411 est
563 4354 755 4410 constitutum
771 4349 897 4423 qualiter
948 4359 1041 4406 sancto
1052 4352 1158 4424 (Epiros.
1168 4357 1207 4420 v).
1219 4353 1273 4409 Ubi
1286 4355 1374 4412 etiam
1388 4354 1464 4411 iuter
1473 4355 1703 4422 discumbentes,
1716 4370 1777 4424 rex,

58 4446 106 4503 illi
123 4446 186 4502 duo
200 4445 262 4501 dies
277 4444 487 4518 supplerentur
501 4461 553 4516 per
564 4443 661 4499 oldaia
671 4444 843 4513 quartarum
859 4440 897 4495 le·
948 4439 1052 4496 videns
1066 4439 1215 4497 hominem
1231 4459 1289 4498 non
1300 4444 1440 4501 vestitum
1450 4448 1531 4500 veste
1542 4441 1677 4517 nuptiali,
1687 4442 1781 4515 jussit

58 4535 191 4595 siarum.
207 4534 244 4589 nt
262 4549 329 4590 vero
354 4533 438 4589 linita
460 4533 644 4588 Pentecosten
659 4529 853 4595 hebdomada,
868 4531 897 4584 et
910 4552 936 4621 D
951 4544 1018 4584 eum
1031 4527 1130 4602 ligatis
1141 4530 1279 4588 manibus
1292 4531 1454 4607 etpedibus
1469 4532 1587 4590 mittere
1601 4533 1631 4589 in
1642 4532 1780 4590 tenebras

58 4622 202 4695 sequenti
226 4621 378 4677 Dominiea
406 4636 469 4692 qua
489 4623 654 4687 vacat,non
674 4618 738 4689 jam
767 4614 896 4671 cilicium
951 4617 1778 4690 exteriores,ubieritlletusetstridordentiumfflcttlt.

20 4746 33 4765 .
58 4715 179 4784 quarta
191 4709 268 4766 teria
281 4709 432 4783 repetitur,
440 4708 490 4764 sed
502 4707 629 4780 Spiritus
640 4705 755 4762 Domini
767 4704 896 4773 oanitur;
950 4707 1113 4778 xxvi).Quod
1124 4708 1241 4764 intuens
1250 4709 1376 4782 populus
1385 4709 1529 4782 poeuitens
1538 4729 1545 4767 :
1554 4710 1777 4783 superfirmatae,

58 4797 105 4857 iu
114 4802 145 4855 ct
156 4798 241 4853 finito
252 4797 370 4870 septimi
388 4796 498 4853 mensis
508 4795 619 4867 jejunio
635 4813 693 4851 non
706 4794 896 4866 repetendum
951 4794 1058 4869 inquit,
1069 4797 1217 4869 Babylonis
1231 4797 1351 4853 sedimus
1365 4806 1391 4854 et
1404 4799 1527 4868 meimet
1541 4800 1608 4855 dum
1622 4797 1779 4855 recordare-

61 4893 137 4960 puto
153 4892 266 4958 quartae
290 4887 367 4943 seria
384 4886 525 4954 officium,
541 4886 593 4941 sed
609 4884 714 4957 magis,
730 4883 753 4940 si
780 4898 898 4937 neccsse
951 4902 1015 4940 titur
1025 4887 1076 4951 tei,
1088 4886 1206 4942 Sionllt
1216 4890 1318 4942 cantor
1328 4886 1428 4943 volens
1441 4888 1560 4944 Justum
1570 4886 1705 4943 Judicem
1716 4884 1778 4958 pla·

63 4974 155 5033 inerit
166 4975 287 5048 aliquod
298 4975 428 5033 officium
439 4974 654 5031 observandum
665 4977 694 5029 et
706 4987 763 5027 non
772 4971 898 5028 occurrit
952 4978 1057 5030 careat
1069 4974 1241 5030 benevolum
1254 4976 1384 5042 reddere,
1395 4974 1566 5048 hujusmodi
1575 4974 1673 5032 verbis
1687 4973 1779 5030 conil-

63 5062 168 5138 aliqua
184 5063 327 5121 festivitas
344 5068 524 5135 sauctorum,
540 5063 648 5120 rectius
667 5059 773 5135 prioris
787 5058 898 5116 hebdo-
951 5062 1258 5135 tendoincipitcanere
1268 5082 1274 5120 :
1285 5064 1778 5136 Omniaquaesecistincbis‚Domine,

65 5154 162 5211 meda
178 5153 319 5222 officium,
333 5152 410 5210 sicut
424 5150 499 5209 solat
512 5153 575 5209 sveri
590 5151 621 5207 in
635 5150 796 5208 Galliarum
811 5147 901 5205 eccle·
953 5153 984 5207 io
998 5168 1060 5208 vcro
1067 5152 1174 5224 justicio
1187 5155 1362 5232 fecistique
1372 5155 1546 5224 peccavimus
1562 5156 1615 5211 titi
1623 5155 1707 5224 (Das.
1723 5153 1779 5226 ιιι),

65 5242 130 5309 siis,
146 5242 302 5316 repetitur,
324 5259 413 5315 quam
441 5242 597 5298 concordia
620 5238 843 5312 Evangeliorum
872 5241 901 5293 et
954 5245 980 5296 et
992 5242 1410 5314 cateralnresponsoriojam
1421 5243 1556 5316 aspirans
1567 5245 1603 5301 ad
1614 5242 1780 5300 convivium

65 5331 235 5390 ciliciorum
255 5330 425 5404 dissipetur.
440 5329 498 5387 Nee
519 5331 592 5387 satis
613 5329 713 5386 mirari
730 5344 804 5403 queo
829 5326 899 5399 quid
954 5330 1002 5386 Dei
1019 5330 1060 5387 ita
1075 5331 1171 5387 canit:
1185 5332 1264 5387 Orati
1279 5333 1402 5388 ornatam
1413 5333 1443 5387 io
1454 5336 1608 5406 torperent,
1620 5333 1744 5399 Domine,
1755 5340 1781 5389 et

65 5437 163 5480 cause
177 5421 303 5478 obsistat
317 5437 370 5477 cur
383 5437 441 5477 non
457 5419 544 5477 liceat
556 5436 650 5476 unum
665 5417 806 5484 cilicium,
818 5416 843 5472 si
858 5415 900 5472 ita
953 5427 984 5476 ta
993 5419 1042 5476 dos
1057 5420 1116 5476 iltis
1135 5436 1223 5476 esrom
1238 5422 1269 5476 io
1283 5428 1401 5493 tempore
1415 5430 1565 5495 opportuno
1576 5423 1663 5496 (Prot.
1675 5421 1779 5495 cxciv).

64 5509 207 5577 evenerit,
219 5509 332 5568 cantari
347 5526 399 5584 per
408 5507 493 5578 duas,
505 5509 584 5566 sicut
597 5515 627 5565 et
638 5524 727 5566 unam
744 5505 899 5564 historiam
954 5507 1073 5581 Propter
1087 5507 1148 5565 hac
1158 5509 1257 5565 omnia
1270 5511 1355 5583 rogat
1365 5511 1501 5570 sacerdos
1511 5511 1781 5586 piumjudicem,ut

64 5615 134 5665 cum
150 5600 217 5663 suis
233 5599 438 5676 responsoriis,
454 5597 500 5656 vel
519 5615 570 5674 per
584 5598 669 5671 duas,
685 5596 730 5657 vel
754 5613 806 5674 per
828 5599 899 5674 tres,
954 5596 1089 5659 fidelibus
1100 5597 1163 5657 suis
1173 5596 1540 5676 largiaturiudulgeutiam
1550 5601 1722 5676 placatusct
1730 5613 1784 5681 paq
