3884 6084
129 241 188 303 *lli
668 240 835 304 vasonis
857 241 1086 305 Leontnnsts
1110 243 1298 305 nntscnrr.
1774 246 1830 308 trs

130 373 208 448 quod
225 371 357 446 parvitati
374 376 478 428 nostre
494 389 545 446 per
560 372 715 430 diaconum
738 377 814 448 ejus,
829 377 879 448 qui
897 377 949 432 boe
968 382 991 446 ,t
1009 376 1149 431 rnntnbile
1166 375 1273 430 intimat
1292 376 1409 443 lbnrina,
1418 380 1450 430 nt
1461 375 1524 447 ipsa
1535 378 1580 429 est
1595 375 1678 431 mille
1690 375 1828 435 fraudium

129 463 207 519 idem
219 463 255 518 ab
268 479 317 520 ore
332 461 426 537 ipsius
441 460 591 532 didicerat,
608 463 729 538 contigit
744 465 953 523 innotuisseln
1007 466 1233 523 commentatrix
1245 465 1603 538 i·crsutissi1na),utquasi
1616 465 1758 521 maritum
1770 467 1829 523 see

130 569 189 627 quo
209 552 340 609 arbitrati
365 556 435 609 sunt
458 551 579 625 quidem
601 553 807 627 imperatorem
833 555 873 612 illi
895 574 953 613 non
1008 554 1136 628 perjurio
1150 554 1283 623 solveret,
1300 555 1428 627 seipsum
1444 555 1578 627 ejusdem
1593 555 1692 612 mariti
1712 555 1759 611 sui
1775 574 1829 629 pro·

130 639 954 719 minimumsuccensuisse,eoquoddiscutiendasepisco-
1008 644 1118 700 ditione
1142 643 1282 717 polluere,
1302 643 1411 717 Deique
1439 644 1601 700 sacerdotis
1626 645 1828 702 conscientiam

130 749 234 806 porum
250 730 554 806 superscelesiasticis
564 732 718 789 ordinibus
729 751 833 792 causas
848 753 955 809 neque·
1008 733 1098 804 hujus
1112 732 1230 789 sceleris
1245 733 1401 789 consensui
1416 732 1567 806 implicare
1588 739 1635 790 est
1649 733 1827 803 machinata;

130 836 218 894 quam
230 819 482 895 illi,utpotelaico‚
493 821 544 877 scd
556 838 673 878 summo
685 823 813 895 pontifici
826 824 955 898 assigna·
1009 822 1153 879 mandans
1167 821 1209 877 illi
1225 823 1430 895 pereuntium
1446 827 1479 878 ut
1501 838 1568 878 eum
1584 823 1710 878 armatis
1728 825 1828 890 reniet,

126 909 211 981 uerit.
1009 911 1104 967 locum
1122 915 1150 967 et
1164 916 1292 983 tempus,
1307 911 1357 966 ubi
1369 916 1399 968 et
1410 912 1528 983 quande
1543 911 1687 966 moritum
1702 912 1829 984 capiatut

199 1016 267 1074 Cer.
283 1016 343 1073 xx.
359 1017 434 1090 Quid
447 1018 477 1073 ιἰι
491 1034 574 1074 creme
588 1020 707 1093 episcopi
722 1021 885 1077 Ravennam
1010 1001 1295 1073 imperatorumue,
1308 999 1644 1057 denuntiatllleuutem
1660 999 1828 1073 ultraquam

444 1091 560 1146 senserit
576 1091 642 1163 (26).
1009 1089 1086 1145 credi
1103 1093 1198 1162 potest
1216 1089 1307 1161 hujus
1322 1090 1479 1146 novitatem
1497 1089 1635 1146 iocinoris
1650 1088 1829 1146 abhorrens:

165 1177 288 1245 Quidam
297 1177 465 1252 spectabilis
475 1194 580 1252 genere
591 1179 773 1237 coloniensis
783 1181 953 1251 canonieus,
1008 1177 1066 1233 Nee
1078 1178 1164 1246 lama,
1172 1177 1277 1250 inquit,
1289 1195 1341 1234 nec
1351 1177 1475 1234 lectione
1486 1182 1670 1252 compertum
1683 1178 1830 1247 habemus,

129 1267 267 1340 Wigcrus
291 1266 420 1336 nomlne,
446 1266 728 1341 archiepiscopatum
755 1271 953 1327 Ravennatem
1009 1283 1128 1322 uxorem
1144 1266 1561 1339 eliquondqautexveritate,
1587 1271 1639 1322 out
1665 1284 1701 1322 ex
1717 1266 1832 1323 simule

129 1356 165 1412 ab
195 1355 259 1429 ipso
287 1356 463 1429 imperatore
490 1356 624 1413 Heinrico
655 1364 829 1433 acceperut:
859 1361 952 1433 isque,
1010 1354 1831 1429 tionemaritumimprrnetradidisse:quodenimtem

129 1448 288 1517 antequam
298 1445 454 1519 episeopus
468 1445 662 1517 ordinaretur,
674 1448 792 1506 biennio
804 1450 956 1523 presbyter
1010 1447 1107 1517 aperte
1124 1443 1292 1500 abhorreret
1304 1445 1340 1499 ab
1356 1444 1486 1500 hermano
1500 1444 1682 1514 conditione,
1698 1445 1833 1518 pernicio

129 1536 257 1603 tuntum,
275 1551 341 1590 cum
357 1533 513 1592 dalmatico
526 1538 555 1592 et
570 1536 711 1594 sandaliis
731 1538 890 1595 missorum
908 1556 953 1596 so·
1009 1550 1075 1589 sum
1091 1537 1135 1589 ost
1147 1533 1354 1606 quoquomodo
1369 1533 1488 1607 fingere.
1503 1537 1547 1589 tta
1559 1533 1704 1589 nimirum
1717 1534 1761 1589 vir
1775 1535 1831 1603 bei,

130 1622 240 1680 lemnia
252 1623 547 1681 celebraveratbnde
558 1642 610 1698 pro
625 1625 726 1682 multis
741 1627 907 1685 inconsulte
918 1629 954 1685 ab
1009 1623 1105 1696 opooic
1120 1622 1237 1678 virtutis
1252 1621 1402 1694 palliatam
1419 1620 1529 1695 lynceis
1545 1623 1710 1697 prudentie
1729 1623 1831 1696 perspi·

131 1712 196 1787 ipse
210 1712 318 1770 ibidem
335 1713 436 1787 gestis,
451 1718 479 1769 et
493 1730 546 1786 pro
561 1714 614 1770 hae
628 1715 754 1773 maxime
770 1717 853 1790 quasi
868 1722 956 1774 reme.
1010 1710 1714 1785 eicnsoeulisuequitiam,viruslethiterumquod
1723 1711 1829 1784 perusi·

130 1802 215 1858 ritate
231 1805 386 1859 accusatus
402 1803 437 1859 ad
452 1802 594 1877 palatium
617 1809 762 1872 evocatur,
778 1806 814 1862 ab
830 1807 954 1880 impera·
1010 1805 1102 1856 tatum
1116 1801 1228 1860 lroudis
1239 1818 1297 1857 sum
1308 1800 1459 1857 vasculum
1473 1800 1568 1857 hostis
1583 1801 1710 1857 humani
1724 1801 1827 1874 generis

19 1928 24 1936 ·
129 1895 191 1949 tore
204 1892 436 1965 quodejusmodi
451 1895 710 1967 praesumptionem
726 1895 879 1951 admiserit
889 1912 953 1970 gra·
1010 1890 1165 1964 propinare
1180 1891 1312 1963 parabat,
1329 1890 1438 1946 mollito
1459 1889 1569 1946 attatim
1596 1889 1749 1964 sapientie
1771 1907 1825 1947 eon·

130 1981 203 2038 viter
217 1980 416 2038 insimulatur.
427 1981 559 2055 Cumque
570 1983 599 2039 id
611 2000 727 2057 semiper
742 1985 806 2058 ejus
820 1984 954 2042 Ecclesim
1009 1978 1141 2034 dimento
1156 1995 1205 2034 oro
1225 1982 1392 2035 constanter
1407 1979 1527 2052 respuit·
1543 1978 1694 2035 Nimirum
1708 1978 1821 2054 pugilem

130 2071 308 2144 presbyteris
327 2087 362 2128 ex
385 2075 553 2128 sanctorum
578 2071 696 2129 Petrum
724 2073 896 2130 anctoritate
916 2074 955 2130 li·
1009 2085 1096 2125 snum
1108 2067 1250 2125 Dominus
1261 2068 1360 2124 hostes
1370 2071 1531 2137 mutarent
1541 2069 1696 2141 perdures
1706 2070 1819 2126 certami

130 2157 226 2216 ruisse
241 2160 450 2234 respondisset,
467 2160 616 2234 superbis
636 2162 783 2234 judicium
803 2164 954 2238 episcopo·
1010 2174 1081 2213 nnrn
1098 2156 1211 2218 labores
1225 2157 1309 2213 sicile
1324 2157 1496 2230 pugnatoris
1512 2158 1603 2214 robur
1620 2158 1816 2231 spectatoribus

131 2263 197 2303 rum
213 2244 648 2322 exquiritur:respondentibus
662 2252 838 2324 quibusdam
856 2254 891 2308 ad
908 2270 956 2309 vo·
1009 2263 1152 2319 exponere
1178 2246 1281 2315 voluit,
1297 2247 1368 2303 dnm
1393 2246 1589 2303 multiformes
1614 2247 1729 2321 nntiqni
1755 2246 1813 2303 illino

131 2332 953 2412 luntatemimperatoris‚quibusdamverohesitantibue,
1009 2335 1151 2407 serpentis
1164 2336 1340 2391 leeiestanto
1355 2335 1459 2391 dorius
1474 2335 1609 2393 calcaneo
1624 2337 1692 2409 ejus
1704 2335 1810 2393 insidiari

130 2423 246 2482 venitur
260 2425 296 2480 ad
311 2425 469 2483 Wazonem
480 2426 721 2500 episcopum.lllo
733 2429 859 2485 multum
873 2447 955 2487 oxon·
1009 2423 1153 2497 permisit,
1170 2428 1279 2496 quanto
1303 2425 1364 2498 ipsc
1388 2425 1577 2497 impotentior
1591 2425 1734 2484 hactenus
1746 2430 1809 2498 eaput

132 2517 226 2584 sante,
243 2513 374 2571 Italicum
395 2514 564 2588 episcopum
587 2531 774 2590 nequaquem
791 2535 850 2574 ese
865 2519 954 2576 Cisal.
1009 2511 1807 2588 damnabilehrq‘nsbellatorisexdivinoauxiliopeditm

132 2603 201 2677 pino
223 2604 327 2661 debere
347 2603 485 2676 judicari,
502 2605 660 2678 imperator
684 2606 789 2663 iterum
806 2612 839 2664 nt
853 2609 954 2666 admo·
1010 2603 1190 2658 subdiderat·

131 2692 212 2749 nitus
238 2709 289 2767 per
316 2693 512 2751 obedientiam
549 2711 638 2767 super
669 2695 723 2750 hoc
751 2696 825 2752 laeto
849 2699 954 2771 judicii
1008 2715 1075 2768 (pp,
1092 2710 1173 2767 llet.
1192 2711 1492 2780 Quopwpicpapmp
1508 2728 1559 2785 pp,
1579 2713 1689 2770 grum
1712 2713 1803 2786 imm.

131 2781 306 2839 sententiam
320 2781 416 2839 edicat
430 2783 615 2840 vehementer
629 2784 750 2841 insistit.
767 2790 808 2843 lta
823 2792 953 2858 conotus,
1321 2784 1374 2839 tori
1388 2784 1520 2840 resistere.

131 2870 249 2926 tandem
270 2869 341 2942 quid
366 2886 455 2944 super
482 2869 529 2926 his
545 2872 665 2928 sentiret
680 2874 804 2946 uperult.
820 2876 952 2947 Summo,
1044 2869 1109 2926 Alio
1125 2871 1226 2927 itidem
1243 2875 1372 2945 tempore
1380 2888 1447 2948 cum
1460 2872 1537 2928 turns
1548 2876 1628 2930 esset
1638 2867 1802 2929 offensumilli

129 2957 276 3032 inquiens,
290 2957 420 3032 pontiflci
435 2959 643 3031 obedientiam,
659 2962 741 3019 vobis
756 2968 854 3020 autem
865 2966 952 3023 debe·
1008 2977 1072 3017 esse
1088 2960 1427 3035 imperatoremperlute
1439 2966 1509 3018 sont
1524 2960 1626 3019 iiiior&
1642 2962 1679 3018 ad
1689 2961 1801 3017 domnum

128 3063 195 3105 mus
207 3047 391 3118 fidelitatem
404 3047 485 3105 vobis
499 3049 534 3106 de
548 3049 747 3121 secularibus,
757 3052 799 3108 illi
809 3055 951 3111 rationem
1007 3049 1165 3106 Woronom
1179 3050 1359 3124 episcopum,
1377 3053 1454 3108 unde
1479 3054 1530 3108 out
1544 3069 1560 3106 n
1576 3068 1637 3125 qne
1652 3049 1801 3107 tmnsmtse

127 3136 248 3193 reddere
263 3137 405 3195 debemus
420 3137 456 3193 de
470 3137 517 3194 his
533 3155 597 3212 qum
619 3140 655 3195 ad
672 3140 803 3198 divinum
819 3143 949 3200 officium
965 3127 987 3196 G
1005 3143 1163 3211 paramest
1173 3140 1259 3195 nobis
1274 3140 1434 3214 cognitum,
1446 3140 1554 3213 quibus
1570 3140 1686 3197 inerant
1697 3133 1799 3197 verbam

126 3224 413 3295 attinerevidentnr;
430 3225 554 3300 ideoque
565 3218 630 3284 mee
640 3231 794 3297 sententia,
806 3233 949 3306 quidquid
1004 3227 1220 3284 sollicitandum
1235 3228 1448 3300 persuasibilia,
1466 3233 1498 3285 ut
1511 3228 1569 3285 tria
1583 3229 1678 3286 millia
1690 3230 1800 3302 pugnate

125 3313 181 3370 iste
201 3317 305 3371 eontra
331 3312 561 3372 ecclesiasticum
587 3317 719 3375 ordinem
744 3320 949 3391 neminemid
1005 3333 1069 3372 rum
1086 3317 1141 3390 (27)
1158 3318 1187 3372 in
1206 3316 1421 3375 munitionibus
1450 3318 1568 3375 urbium
1599 3322 1628 3375 et
1656 3319 1798 3393 oppidorum

127 3401 273 3458 discutere
300 3403 458 3476 pronuntio
485 3405 634 3477 apostolici
669 3410 871 3465 tantummodo
904 3411 949 3466 in·
1004 3404 1798 3480 suorumrecipiet,quibelligerandoillatussibiabin

126 3494 236 3546 teresse
253 3507 259 3546 :
276 3489 301 3547 si
316 3491 388 3563 quid
403 3497 502 3549 autem
529 3493 558 3548 in
583 3494 772 3553 secularibus
793 3515 856 3570 qum
873 3517 951 3556 avo-
1004 3500 1134 3568 peratore
1162 3494 1312 3552 molestias
1340 3495 1424 3552 facile
1445 3496 1638 3553 vindicarent.
1656 3496 1704 3554 tlle
1717 3499 1795 3557 auten,

126 3578 173 3634 bis
199 3577 242 3633 illi
267 3579 376 3636 credita
407 3584 476 3636 sunt
502 3581 682 3656 negligenter
708 3585 768 3641 sive
793 3586 950 3643 infideliter
1005 3584 1795 3657 utijucurrlenonnunquamseriisrcbussolebatlrmn

127 3666 229 3740 gessit,
245 3666 345 3741 procul
360 3668 450 3725 dubio
464 3670 500 3725 ad
515 3676 611 3726 vestra
627 3672 715 3728 refert
738 3673 860 3747 exigere.
878 3676 950 3733 Con·
1003 3673 1211 3742 diludia,inter
1219 3672 1444 3746 colloquendum
1461 3691 1528 3731 eum
1545 3675 1794 3748 quibnsdnmner

125 3756 321 3814 sentientibus
336 3757 405 3814 huic
420 3759 570 3815 sententie
590 3761 700 3817 ceteris
715 3762 870 3836 episeopis,
886 3765 950 3822 nul·
1004 3763 1090 3818 seriis
1101 3762 1163 3818 suis
1173 3763 1263 3835 hujus
1274 3763 1314 3818 rei
1327 3756 1793 3836 mentionemhebuit,sibiquesalit

124 3846 183 3905 lius
202 3846 315 3921 judicie
339 3864 372 3904 eo
394 3848 441 3904 die
465 3849 665 3922 episcopatum
690 3851 874 3923 perdidisset,
891 3855 948 3911 nisi
1003 3846 1792 3927 congruelaeultutembelligernndisuppeterejueundirr

123 3936 186 4010 ipse
201 3935 278 3995 ultro
294 3936 464 4011 imperatori
487 3938 620 3995 redderet
645 3930 784 3997 baculum
811 3960 879 3999 cum
896 3961 947 4000 en·
1001 3941 1076 3996 sime
1090 3941 1282 4015 aggarriendo
1292 3940 1502 4014 ingeminabat.
1511 3943 1645 4016 Cumque
1656 3941 1696 3999 illi
1704 3934 1792 4015 quilibet

122 4025 203 4083 aulo.
1000 4045 1035 4084 ex
1049 4028 1096 4085 his
1111 4029 1288 4101 quibuscum
1304 4030 1445 4087 secretius
1460 4030 1644 4088 confabulari
1667 4028 1791 4087 solenne

118 4133 186 4190 (pp,
211 4133 284 4190 χχΙ,
308 4133 434 4204 puppim
461 4151 476 4190 a
501 4135 637 4191 comitissa
665 4138 765 4193 mom,
790 4138 947 4196 Castrorum
1001 4116 1790 4192 ausufamiliaritatissuggessisseteonosejusadidrtr·

419 4210 537 4262 miletus
551 4208 647 4279 fuerit.
1000 4206 1176 4281 tiseprimis
1192 4206 1393 4263 adolescentie
1410 4209 1496 4265 nonis
1511 4209 1576 4266 sinc
1591 4209 1707 4283 querela
1719 4201 1791 4282 pertin

154 4293 217 4351 Duo
228 4298 369 4367 praeterea
384 4311 440 4350 non
452 4294 505 4351 ebs
520 4311 550 4350 re
563 4296 688 4352 arbitror
702 4314 767 4353 esse
781 4300 943 4369 referende,
999 4300 1062 4352 etos
1078 4312 1228 4368 nunquam
1245 4297 1280 4351 ed
1293 4295 1347 4353 boe
1362 4296 1475 4353 devolvi
1489 4301 1634 4371 oportere,
1651 4303 1683 4354 ut
1692 4288 1791 4371 jamnel

47 4457 49 4461 y
120 4381 150 4439 in
161 4384 271 4456 quibus
279 4382 463 4441 dissimiliter
468 4384 586 4456 justitie
601 4384 654 4441 viri
666 4386 714 4442 nei
732 4389 885 4447 manifeste
900 4395 945 4447 est
999 4386 1096 4458 ipsnm
1112 4386 1176 4440 vitro
1187 4385 1344 4441 terminum
1357 4384 1467 4443 talibus
1477 4386 1611 4444 animum
1624 4380 1792 4462 npptienede

118 4471 252 4544 probata.
268 4471 342 4529 Nam
358 4473 388 4529 in
404 4472 494 4529 altero
508 4473 638 4546 quidem,
656 4475 740 4548 quasi
754 4495 805 4550 pro
821 4479 944 4553 impera·
958 4497 982 4564 D
998 4475 1064 4531 beat
1078 4474 1208 4531 consiliis
1225 4492 1232 4530 ι
1252 4475 1369 4531 «memo
1393 4475 1477 4542 mihi,
1493 4475 1602 4549 inquit,
1626 4476 1706 4533 eliud
1728 4481 1792 4546 qnnn
1823 4510 1827 4517 ·

119 4563 181 4617 tore
196 4560 320 4617 fideliter
334 4566 464 4630 acturus,
479 4569 580 4620 contra
603 4564 696 4620 Deum
719 4570 748 4621 et
773 4567 943 4640 religionem
999 4565 1076 4638 quod
1090 4565 1197 4620 sentes
1210 4563 1307 4620 animo
1320 4581 1384 4621 esso
1400 4566 1644 4635 crednt;domino
1657 4552 1793 4640 imperatori

118 4649 316 4708 Christianam
332 4654 364 4706 ut
389 4651 545 4709 infideliter
573 4658 671 4726 egeret
689 4658 942 4729 esttentatus31n
997 4653 1158 4711 seeundum
1175 4653 1250 4708 scire
1264 4658 1293 4710 rt
1308 4670 1395 4726 posse
1416 4670 1514 4710 meum
1541 4671 1630 4712 nemo
1645 4647 1793 4712 menerba

116 4740 207 4798 altero
223 4744 332 4811 autem,
344 4740 413 4798 licet
423 4740 608 4813 aliquantum
624 4742 713 4799 laesus
726 4745 763 4800 ab
778 4744 841 4818 ipso
853 4747 942 4822 impe·
996 4761 1070 4812 esse,
1088 4744 1353 4817 quomodocunque
1364 4743 1401 4800 eb
1416 4761 1450 4801 eo
1465 4748 1586 4813 tracter,
1603 4738 1793 4811 diruentem·

115 4835 222 4897 ratore,
234 4829 364 4904 seipsum
377 4833 475 4886 temen
487 4846 539 4903 pro
554 4830 651 4904 ipsius
665 4832 804 4890 fidelitate
817 4834 942 4892 libenter
995 4833 1084 4890 etium
1100 4832 1125 4887 si
1149 4849 1182 4887 eo
1205 4849 1300 4906 usque
1324 4832 1414 4889 animi
1439 4837 1537 4891 motus
1562 4824 1794 4909 processissentri

114 4919 282 4993 impendere
297 4925 403 4994 praesto
419 4936 483 4977 esse
495 4924 540 4976 est
554 4920 705 4993 probatus.
721 4925 850 4990 Quodam
868 4930 941 4983 tem·
995 4923 1128 4978 dextrum
1145 4923 1209 4995 ejus
1226 4922 1314 4994 jussu
1340 4921 1459 4979 oculum
1481 4922 1665 4992 amisissem,
1680 4909 1793 4998 quidqnit

113 5008 402 5079 perellerimannus,
421 5009 530 5065 montis
560 5009 609 5083 qui
640 5011 749 5067 dicitur
770 5013 938 5071 Castrorum
993 5013 1113 5069 sinistre
1129 5012 1279 5084 providere
1294 5028 1409 5085 possem
1429 5012 1464 5069 ad
1479 5013 1545 5086 rjus
1560 5016 1663 5070 tamen
1682 5013 1796 5071 honored

113 5093 195 5152 locus
218 5113 315 5154 comes
339 5102 368 5155 et
392 5097 532 5165 marchio,
550 5102 667 5171 pactum
698 5117 765 5156 cum
795 5101 938 5161 Balduino
992 5101 1797 5168 etlrdelitatemrellcctcrenondesisterem.n0ueon¹

112 5181 284 5241 Flendrensi
291 5186 484 5259 jurejurando
494 5188 669 5256 ssruraverat,
680 5206 746 5246 eum
762 5208 833 5248 uxor
845 5191 937 5263 illius,
992 5190 1110 5256 itusint‚
1119 5188 1202 5246 sileat
1217 5206 1284 5245 cum
1295 5189 1406 5247 ludmis
1416 5189 1533 5247 Christo
1544 5191 1753 5267 derogantibus
1760 5187 1801 5243 im·

112 5271 207 5345 magis
237 5289 272 5330 ex
298 5274 451 5334 muliebris
487 5275 680 5334 instabilitate
714 5279 815 5347 enimi,
848 5298 936 5354 quam
991 5281 1082 5354 proba
1101 5279 1223 5335 Wazoni
1245 5279 1462 5337 detrahentium
1486 5279 1598 5355 lingna,
1616 5283 1804 5353 mirenturque

106 5360 257 5432 justarum
269 5362 398 5437 partium
409 5366 496 5421 ducta
509 5367 603 5422 lavore
620 5367 742 5440 (varium
758 5369 836 5425 enim
850 5376 894 5429 est
908 5376 937 5428 et
991 5387 1058 5427 eum
1075 5369 1160 5426 bonis
1175 5368 1324 5425 neminem
1341 5371 1435 5427 nostri
1450 5370 1594 5443 temporis
1605 5365 1807 5449 episcopumia
1842 5422 1846 5429 .

108 5544 133 5601 D
134 5468 418 5620 pff)lppdp1,lggbe21
444 5476 513 5530 tom.
536 5474 571 5542 ll,
597 5490 663 5548 pag.
689 5475 753 5546 359,
770 5479 798 5533 et
816 5477 935 5537 Petrum
1026 5480 1083 5550 (27)
1098 5475 1174 5577 dditi
1187 5479 1359 5535 armatorum
1373 5485 1480 5536 cetum.
