3884 6084
96 319 98 322 ,
122 258 204 359 4095Ι
659 257 856 326 BERNONIS
880 254 1045 324 aestuis
1067 255 1287 325 auoluusts.
1752 256 1841 323 {CCC

121 394 635 470 llehraoloachimnominatusesl‚
654 413 712 453 non
734 394 765 452 in
784 394 1075 463 ChaldaeamAluio.
1105 393 1300 451 Confitemini.
1333 395 1441 451 Tractus
1468 411 1475 451 ε
1499 394 1641 453 Laudato.
1666 394 1772 466 Euuup.
1800 394 1844 457 si.

120 485 252 553 ductum,
269 485 319 540 sod
329 485 498 540 defunctum
523 485 553 540 in
567 490 644 541 terra
659 489 754 548 suaet
768 483 864 540 filiurn
878 484 946 540 loa·
1002 482 1125 556 diligitis
1141 501 1197 540 me.
1209 483 1259 557 Off.
1268 483 1374 540 Emitte
1385 482 1529 556 Spiritum
1540 489 1636 541 tuum.
1649 484 1831 541 Cornrnaaio:

120 573 199 628 ohim
215 572 250 629 de
271 572 438 645 captivitate
463 574 632 630 redeuntem
661 572 778 630 salatiel
807 573 947 646 genuisse
1001 571 1109 629 Ultimo
1125 572 1291 629 festivitatis
1305 572 1361 628 die.

120 664 257 718 allirmet.
275 661 369 735 Igitur
383 661 438 718 hoe
450 663 747 736 supradictusdoctor
760 661 852 718 voluit
862 661 946 718 iutel-
1315 688 1430 744 CAPUT
1447 689 1511 745 vn·

118 748 169 824 ligi
179 754 218 807 ¹ut
232 750 371 806 tredecim
386 754 414 806 et
429 751 648 822 quatuordeeim
665 750 854 807 hebdomadae
876 768 946 823 pra·
999 775 1071 832 Num
1079 777 1187 849 jejunio
1203 778 1233 833 ,q
1256 777 1335 833 aql-ud
1357 776 1506 833 sabbatum
1519 778 1617 845 dim,
1631 778 1677 834 m
1697 779 1727 833 i„
1743 780 1832 850 ,qm

118 838 279 912 figurarent
305 839 336 894 in
351 840 489 912 mysterio
505 841 583 913 quod
608 838 764 896 Jeohonies
779 839 869 896 semel
895 842 947 895 aut
1034 848 1230 904 leudomarum
1254 856 1376 904 samiam
1397 849 1566 905 pentecostes
1592 849 1743 918 incidente,
1768 867 1837 920 pm..

117 927 163 984 bis
178 933 336 1000 poneretur
351 928 380 984 in
397 928 538 1002 catalogo.
1034 919 1110 975 delio
1124 937 1161 975 on
1175 920 1296 976 Alleluia
1310 920 1519 975 eiatcuuenda?

442 1034 557 1091 CApUq
570 1034 618 1090 vq,
1035 1015 1065 1072 G.
1082 1017 1112 1072 Si
1128 1016 1227 1090 ipsum
1243 1017 1387 1089 jejunium
1412 1016 1500 1073 luerit
1522 1017 1552 1072 in
1568 1016 1649 1074 aliud
1666 1017 1836 1077 Sabbatum.

133 1123 314 1195 Quaudouom
329 1123 456 1180 tredecim
472 1125 513 1180 vet
528 1124 732 1197 quatuordecim
748 1123 927 1182 hebdomadae
999 1104 1134 1174 dilatum,
1150 1109 1183 1160 ul
1198 1105 1285 1178 PssUl⁰
1300 1109 1366 1162 ⁸¹¹oe
1386 1104 1485 1163 dlxlflll
1502 1106 1663 1179 agendum,
1679 1106 1725 1163 vel
1750 1108 1775 1164 δί
1799 1107 1835 1167 1¹-

424 1196 561 1262 muniant,
578 1200 632 1251 eto.
997 1193 1064 1267 ipsa
1078 1195 1263 1252 hebdomada
1278 1199 1379 1250 sancta
1390 1194 1827 1263 Pentecosleseveuerit,utrum

152 1283 181 1341 G.
193 1282 311 1340 Utinam
340 1285 426 1340 modo
455 1301 513 1340 non
540 1283 669 1356 graveris
698 1283 793 1341 dicere
824 1284 942 1356 qnando
997 1282 1129 1356 gradalia
1144 1301 1181 1339 au
1193 1281 1310 1340 alleluia
1326 1288 1396 1340 suut
1411 1283 1560 1341 canenda?

114 1371 253 1429 tredecim
268 1373 312 1428 vel
327 1374 444 1446 quando
456 1373 677 1445 quatuordeeim
688 1372 880 1430 hebdomade
896 1389 942 1429 so·
1032 1373 1064 1429 B.
1082 1371 1188 1445 Utique
1216 1373 1378 1429 secundum
1404 1372 1651 1430 consuetudinem
1677 1373 1826 1447 antiquum

114 1459 195 1517 leant
208 1461 341 1518 eueniret
997 1460 1138 1534 gradalia,
1156 1461 1233 1516 sicut
1247 1479 1304 1518 uon
1321 1460 1416 1519 solum
1433 1461 1462 1517 in
1479 1461 1588 1518 nostris
1604 1461 1690 1518 libris
1705 1461 1827 1519 habetur

149 1553 182 1605 B.
197 1548 388 1622 Nequaquam
407 1551 447 1605 tui
472 1548 581 1606 amoris
605 1568 694 1607 cause
714 1552 856 1624 gravabor
872 1550 942 1605 inti·
997 1550 1206 1618 insertum‚sed
1222 1551 1393 1618 etiem,utin
1406 1552 1534 1623 quodam
1547 1551 1654 1607 ordine
1665 1551 1832 1623 secundum¹

114 1652 194 1694 mare
209 1639 287 1710 quod
302 1655 404 1694 verum
420 1639 523 1695 exinde
539 1640 621 1713 potui
646 1656 830 1713 cognoscere.
846 1640 943 1695 linim-
997 1640 1026 1694 S.
1044 1638 1150 1695 Gelasii
1167 1657 1247 1712 pape
1273 1639 1477 1696 auctoritatem
1495 1639 1588 1712 reperi
1603 1639 1825 1712 pretitulatum,

112 1743 179 1783 vero
194 1726 333 1786 omnibus
348 1728 432 1784 anuis
448 1728 587 1784 tredecim
599 1728 736 1785 eveniunt
747 1727 873 1802 exceptis
884 1726 941 1794 his,
997 1728 1046 1800 qui
1063 1744 1127 1783 mos
1143 1745 1237 1800 usqne
1262 1727 1359 1794 hodie,
1375 1732 1408 1783 ut
1427 1732 1610 1800 compertum
1626 1727 1783 1795 hebetare,
1797 1727 1826 1786 iu

112 1814 167 1870 hoc
183 1819 227 1871 est
244 1833 250 1870 :
268 1816 384 1888 quando
401 1816 523 1873 Martius
548 1817 619 1872 leuia
634 1832 676 1887 ιιι,
693 1816 737 1873 vel
753 1816 942 1886 1v,Nativitas
997 1821 1099 1872 sancta
1113 1816 1244 1872 Romano
1259 1822 1391 1872 servatur
1413 1815 1552 1872 Ecclesia.
1573 1810 1699 1873 Videtur
1712 1832 1824 1890 quoque

111 1920 178 1960 vero
196 1900 311 1960 Domini
329 1904 420 1960 nostri
436 1905 507 1961 lesu
523 1904 631 1962 Christi
657 1905 809 1961 Dominioe
827 1910 879 1962 aut
894 1922 942 1961 se·
996 1903 1024 1960 id
1041 1905 1110 1960 huie
1125 1904 1284 1961 narrationi
1301 1921 1456 1962 assensum
1477 1905 1617 1978 prebere,
1634 1906 1715 1978 quod
1731 1905 1762 1963 iu
1777 1923 1829 1963 eu·-

111 1993 209 2049 cunde
223 1991 295 2049 leria
311 1993 478 2049 acciderint.
489 1992 529 2050 De
546 1995 600 2050 hoc
609 1995 815 2067 jejunio,quod
831 1994 860 2049 in
877 1994 942 2068 ipse
996 1993 1134 2049 theuticis
1159 1992 1380 2066 Antiphonariis
1396 1994 1454 2049 dno
1478 1998 1593 2050 tautum
1607 1993 1733 2052 alleluia
1747 1995 1821 2052 inve-

110 2080 209 2155 vigilia
222 2081 356 2138 solebant
366 2081 546 2154 antiquiores
561 2083 719 2148 celebrare,
737 2101 828 2156 supra
842 2082 940 2139 nomi·
996 2083 1118 2138 niuntur
1133 2083 1289 2154 descripta,
1306 2081 1360 2138 hoo
1386 2087 1431 2138 est
1449 2101 1455 2139 :
1471 2084 1571 2139 Emitte
1590 2084 1752 2156 Seii-itam
1766 2087 1821 2156 syt-

112 2174 199 2226 natus
214 2170 288 2225 dixit
301 2170 552 2244 amalariusquod
565 2174 745 2229 consecratio
758 2172 941 2228 habetddem
994 2173 1066 2227 ritus
1081 2173 1205 2226 omnini.
1221 2171 1330 2227 Cetera
1349 2187 1416 2227 vero
1432 2188 1449 2227 a
1474 2171 1627 2228 modernis
1653 2177 1726 2228 sunt
1749 2190 1821 2229 com·

111 2257 141 2314 in
156 2257 221 2331 ipse
236 2258 390 2316 Nativitale
406 2259 523 2328 Christi,
541 2261 620 2316 sicut
635 2261 830 2332 quorumdam
853 2259 941 2316 ltalo·
995 2259 1100 2332 posita.

111 2364 188 2415 rum,
205 2348 303 2404 neseio
320 2349 513 2415 eumenium,
530 2349 626 2406 adhuc
651 2365 715 2405 mos
735 2352 779 2405 est
795 2365 890 2421 agere,
909 2354 942 2405 ut
1030 2350 1211 2422 Quapropter
1224 2348 1399 2405 intuendum
1414 2353 1468 2417 est,
1482 2349 1552 2422 quia
1567 2348 1629 2404 siin
1639 2349 1819 2406 monasteriis

23 2459 27 2465 ·
111 2451 164 2508 ego
180 2435 241 2508 ipse
256 2435 364 2492 ibidem
375 2436 627 2510 posituscognovi.
643 2437 816 2493 Sedususiu
831 2437 940 2494 nostrie
994 2436 1112 2494 alleluia
1136 2442 1239 2494 cantus
1258 2436 1399 2506 abundet,
1416 2436 1487 2511 quid
1513 2437 1664 2510 simplices
1688 2438 1816 2495 villarum

114 2525 239 2581 exerevit
254 2524 403 2592 Ecclesiis,
420 2530 454 2581 ut
467 2525 496 2580 in
513 2526 651 2582 auteriori
666 2525 850 2581 hebdomada
865 2526 940 2582 anti·
994 2527 1154 2601 presbyteri
1167 2531 1264 2599 agant,
1281 2527 1331 2599 qui
1347 2528 1395 2583 vix
1409 2527 1534 2583 duorum
1553 2531 1672 2583 tantum
1690 2527 1816 2583 notitiam

116 2613 247 2687 cipetur,
261 2614 331 2686 quia
347 2613 397 2669 illa
412 2614 470 2671 duo
485 2615 582 2670 officia
593 2614 699 2686 Jejunii
714 2619 743 2670 et
758 2614 869 2672 Natalis
884 2615 940 2671 Do·
994 2615 1122 2672 habenti
1136 2616 1173 2672 Ut
1185 2616 1264 2672 enim
1280 2616 1392 2689 vulgari
1414 2617 1566 2689 proverbio
1589 2624 1657 2673 utar
1671 2634 1678 2673 :
1694 2619 1746 2673 „lut
1759 2634 1815 2672 cua·

111 2703 183 2758 mini
200 2720 258 2759 non
274 2702 450 2759 eonveuiunt
476 2703 567 2759 simul
595 2702 746 2759 celebrari.
774 2703 846 2759 Nam
863 2703 940 2760 sieut
994 2705 1813 2778 toutquodsciuntuattucerecompellunturquednesaiunl.

111 2791 312 2865 praeveniendo
329 2793 408 2849 istud
424 2792 675 2866 anticipamus,ita
691 2792 854 2849 secundum
871 2792 940 2849 Sab—
993 2793 1813 2852 Nontamenhacscribenssanctissimorumsecerdotum

111 2881 212 2937 batum
228 2872 307 2936 lunii
321 2881 513 2949 mensis,cum
530 2880 667 2954 invigilia
679 2880 862 2937 Pentecostes
876 2897 951 2954 pro,
993 2882 1158 2939 auctoritati
1172 2882 1340 2956 praejudico,
1357 2900 1431 2955 quos
1452 2883 1482 2939 in
1505 2882 1616 2955 Spiritu
1633 2887 1736 2940 sancto
1754 2900 1812 2940 eon·

110 2969 232 3038 venerit,
248 2970 447 3044 prolongando
461 2969 490 3025 in
508 2969 673 3043 proximum
690 2968 939 3038 differimus,licet
992 2976 1127 3045 gregatos
1137 2972 1201 3043 jam
1218 2972 1330 3027 dudum
1346 2970 1483 3027 audisiiu
1496 2971 1693 3044 synodalibus
1704 2972 1811 3028 suisde·

111 3059 202 3115 nostri
219 3064 418 3117 antecessores
435 3065 595 3132 utrumque
610 3060 640 3115 in
651 3058 715 3132 ipsa
726 3058 827 3132 vigilie
836 3063 939 3115 saneta
993 3060 1079 3117 cretis
1092 3060 1230 3117 statuisse
1243 3065 1273 3116 ut
1284 3060 1379 3134 magis
1392 3060 1516 3117 debeant
1526 3058 1648 3117 alleluia
1657 3059 1813 3129 decantari,

110 3148 198 3206 simul
215 3149 404 3219 celebrarent,
422 3148 498 3206 sieut
512 3167 546 3206 ox
559 3148 785 3222 praetitulatione
795 3147 937 3204 librorum
952 3132 979 3201 (l
994 3149 1043 3205 sod
1060 3148 1233 3221 sirrrpliciter
1253 3165 1316 3221 que
1342 3148 1450 3205 sentire
1473 3147 1555 3220 potui
1575 3148 1614 3203 ed
1645 3148 1811 3222 interroget·

109 3238 228 3295 evidens
244 3238 388 3294 habemus
403 3239 616 3295 testimonium.
992 3239 1167 3310 respondere
1183 3236 1292 3303 curavi,
1308 3237 1460 3294 consulere
1475 3235 1575 3292 volens
1601 3237 1704 3304 etiam,
1719 3235 1744 3295 si
1758 3250 1809 3311 pos

146 3327 174 3384 b'.
192 3325 283 3383 Nosse
299 3326 432 3384 desidero
448 3344 506 3400 qua
530 3327 731 3383 convenientia
752 3326 813 3384 haeo
827 3327 885 3382 duo
900 3326 939 3383 si·
992 3327 1061 3397 sim,
1075 3327 1131 3382 mei
1148 3325 1291 3383 similium
1307 3325 1470 3398 imperitia,
1486 3324 1536 3397 qui
1561 3328 1606 3381 tot
1631 3324 1749 3382 alleluia
1762 3339 1808 3381 nou

110 3414 171 3471 mul
187 3417 302 3489 possint
317 3415 460 3472 celebrari
476 3415 591 3472 officia?
992 3418 1241 3472 noruntcontarc.
1330 3443 1332 3446 ·

147 3507 179 3558 ll.
196 3502 270 3567 Ouid
287 3504 358 3567 adeo
375 3518 449 3576 opus
472 3507 516 3559 est
539 3520 617 3560 nunc
642 3504 750 3576 inquiri
775 3505 852 3575 quod
877 3509 938 3560 tem
1029 3505 1057 3560 G.
1074 3505 1147 3561 Cum
1169 3503 1371 3560 ecclesiastica
1397 3504 1436 3560 sit
1463 3502 1689 3561 consuetudinis
1717 3504 1745 3561 iu
1770 3500 1808 3560 hit

111 3590 200 3664 longo
214 3595 344 3663 tempore
355 3592 417 3664 jam
434 3593 521 3664 carpit
536 3591 666 3648 dediscit
680 3594 816 3648 Attamen
833 3610 868 3648 ne
883 3593 937 3648 hu·
992 3593 1097 3649 diebus
1112 3596 1144 3648 ut
1159 3596 1270 3649 stantes
1285 3609 1414 3658 oremus,
1443 3592 1528 3665 cupio
1547 3592 1667 3661 rescire,
1684 3592 1711 3649 si
1725 3593 1751 3648 io
1763 3590 1806 3647 hee

108 3680 240 3752 jusmodi
266 3680 388 3736 scientia
414 3679 569 3749 fraudaris,
594 3679 661 3737 telis
685 3680 837 3752 inscriptio
851 3698 939 3754 super
992 3681 1263 3754 hebdomadasape
1277 3681 1391 3737 dictum
1407 3682 1536 3737 evenerit
1544 3682 1708 3753 jejunium,
1722 3672 1809 3738 ulruu'
1834 3674 1838 3681 ’

112 3769 165 3824 hac
182 3787 211 3825 re
227 3769 355 3825 habetur
369 3770 398 3825 in
415 3769 500 3826 libris
525 3770 633 3826 nostris
650 3787 656 3824 :
672 3769 704 3825 Si
717 3770 857 3824 eaenulas
870 3769 938 3826 duo·
992 3768 1152 3828 debeamus
1168 3771 1204 3825 ed
1221 3769 1343 3826 missam
1359 3785 1455 3843 genua
1471 3770 1585 3824 lleetere
1600 3786 1703 3827 necne.

111 3857 198 3915 mrim
221 3859 348 3916 lectiones
364 3862 394 3916 ia
417 3859 535 3915 Sublato
563 3873 652 3916 secra
677 3863 854 3927 Perstecostcs,
874 3866 939 3914 tunc
1029 3864 1061 3916 B.
1077 3859 1124 3916 Sic
1147 3858 1177 3914 in
1207 3860 1337 3931 quodam
1366 3856 1464 3914 libello
1494 3859 1529 3913 de
1550 3857 1606 3916 hoo
1636 3859 1737 3916 ordine
1760 3854 1805 3930 lqi

111 3949 142 4003 iu
166 3955 264 4020 quarto
288 3949 361 4020 serio
382 3956 508 4006 coartetur
533 3957 558 4004 et
584 3948 696 4022 leuetur
711 3966 720 4002 :
735 3944 857 4013 Exaudi,
882 3946 938 4002 Do·
994 3951 1096 4023 (Αιιιι.
1114 3948 1312 4015 Fonrunauus,
1343 3946 1394 4003 lib.
1424 3964 1444 4002 ιι
1471 3946 1548 4018 Osfie.
1578 3949 1687 4014 coclea,
1714 3964 1738 4004 c.
1762 3945 1804 4013 3);

112 4035 201 4104 mine,
218 4053 318 4110 preces
334 4040 459 4103 nostras.
475 4038 594 4109 Requirc
615 4038 644 4092 in
657 4038 751 4108 prtum
772 4034 939 4092 balderedo
993 4038 1046 4094 Per
1057 4036 1189 4110 singulas
1201 4034 1804 4111 orationssdebemnsmentiehumilituteut

69 4144 75 4148 ·
112 4125 348 4201 Queuiropesimae.
365 4126 410 4184 Vel
424 4126 492 4183 libri
502 4125 674 4199 Sapientia:
690 4124 766 4181 Dixit
781 4125 937 4181 Salomon:
993 4143 1044 4200 per
1059 4125 1290 4199 genuflexionem
1313 4123 1474 4190 ostendere,
1491 4127 1610 4196 excepto
1626 4122 1702 4180 inira
1718 4122 1806 4189 lenm,

112 4216 178 4273 ltem
192 4223 275 4273 oret:
290 4216 479 4272 Deuotionem
494 4213 605 4289 populi.
624 4215 669 4271 Vol
684 4216 766 4272 isaiae
778 4216 936 4287 propheta:
993 4213 1138 4271 costen.ln
1154 4211 1216 4269 sola
1230 4214 1267 4269 lle
1278 4215 1386 4268 comino
1402 4213 1475 4282 iem’s
1486 4211 1700 4269 noutleclimus
1714 4224 1803 4286 genua

111 4305 197 4373 Audi,
226 4302 327 4362 Jacob.
356 4305 476 4361 Alleluia
500 4305 551 4378 Off,
576 4303 698 4360 Domine
721 4304 798 4360 Deus
822 4302 938 4360 salutis.
993 4304 1109 4377 quando
1125 4301 1393 4358 Nabuchodonosor
1406 4299 1602 4374 compellebat
1616 4294 1803 4374 populumed·

111 4391 290 4466 Euouqclium
305 4393 452 4450 secuudum
467 4395 567 4449 Lucem
579 4410 586 4448 ε
599 4393 775 4449 decedentes
791 4391 938 4465 discipuli.
992 4408 1075 4448 orare
1088 4395 1216 4448 statuam
1233 4407 1320 4462 quam
1337 4390 1455 4456 lecerat,
1472 4393 1505 4445 ut
1520 4394 1657 4462 separata
1670 4387 1708 4446 sit
1721 4391 1802 4445 nostru

113 4485 161 4555 Os.
178 4482 239 4538 Viri
255 4482 387 4540 Culliiai.
414 4486 491 4540 Com.
517 4483 603 4540 Pater
629 4498 697 4538 eum
722 4498 828 4538 essem.
858 4483 939 4538 Ferio
954 4502 980 4571 D
993 4480 1095 4546 oratic,
1114 4497 1176 4553 qua
1190 4479 1277 4537 estad
1289 4495 1382 4535 unum
1392 4476 1534 4544 Deum,ab
1546 4494 1644 4534 errore
1655 4477 1801 4552 gentilium.

112 4575 188 4628 sextu
206 4586 212 4626 :
229 4570 537 4639 Exaudi,Domine.0r.
550 4571 772 4643 Esto,Domiue,
784 4569 938 4644 propitius.
995 4569 1125 4626 Similem
1142 4570 1178 4625 ob
1194 4584 1314 4624 oausam
1330 4567 1417 4623 etiam
1433 4565 1462 4621 in
1478 4566 1636 4623 Parasceve
1651 4582 1744 4640 genua
1756 4577 1801 4619 non

111 4658 344 4729 taruxsulate,
360 4659 425 4715 filia
450 4660 530 4718 Sion.
561 4661 691 4717 Alleluia.
718 4660 840 4717 Domine
860 4659 905 4716 ref
925 4688 939 4701 ·
994 4658 1140 4715 flectimus
1156 4674 1208 4731 pro
1224 4655 1345 4730 perfidis
1359 4654 1477 4723 iudeis,
1495 4655 1546 4727 qui
1561 4653 1712 4712 illudendo
1727 4664 1803 4728 graue

111 4749 203 4823 glum.
222 4749 412 4821 coaequante
426 4750 463 4805 ad
478 4751 580 4806 Jcsum
595 4750 700 4818 vir,cui
712 4765 817 4805 nomen
828 4748 937 4805 Jairus.
995 4747 1148 4804 flectebant
1163 4762 1261 4803 eorem
1277 4744 1451 4811 Domino,ne
1466 4745 1621 4801 videamur
1633 4741 1700 4801 illos
1712 4736 1801 4799 imitari

113 4841 169 4912 Osi.
187 4839 240 4895 viri
256 4839 386 4896 Gallilrai.
405 4841 478 4896 Cora.
503 4839 587 4895 Pater
609 4853 799 4894 cumessam.
822 4837 939 4893 Sublato
995 4837 1045 4909 qui
1063 4853 1136 4908 opus
1151 4835 1261 4892 bonum
1278 4832 1436 4889 siudebant
1448 4831 1525 4889 male
1541 4834 1668 4907 operari,
1684 4826 1804 4906 quemad·

111 4945 203 4985 omnes
215 4930 310 5002 parati
322 4930 453 5002 primitus
460 4937 569 4985 contem
584 4928 713 4984 litaniam
723 4925 938 5000 llyriellleison.
994 4926 1115 4981 modum
1130 4930 1199 4981 tunc
1213 4923 1248 4979 ab
1264 4921 1364 4981 osculo
1390 4921 1573 4979 abstinemus
1598 4927 1717 4996 propter
1737 4915 1803 4976 lude

113 5015 211 5072 Gloria
235 5018 265 5073 in
291 5017 413 5075 excelsis
436 5023 502 5075 beo.
529 5019 624 5074 Postea
651 5017 739 5073 cretio
762 5031 769 5071 :
791 5015 939 5072 mentibus
994 5013 1144 5071 traditoris
1159 5011 1392 5085 exemplum,qui
1407 5027 1458 5085 per
1473 5010 1620 5069 simulata
1640 5010 1721 5085 pacis
1735 5022 1803 5066 oscu-

114 5103 231 5160 uostris.
247 5104 292 5160 Or.
306 5105 356 5163 illo
372 5123 425 5163 nos
441 5106 518 5180 igne.
536 5105 581 5162 Or.
601 5105 678 5161 Deus
703 5103 753 5177 qui
777 5105 814 5160 ed
829 5102 941 5161 anime·
993 5102 1055 5159 lum
1070 5103 1191 5159 tradidit
1201 5100 1359 5158 Dominum
1374 5098 1475 5157 Jeeum
1490 5099 1652 5158 Christum.

114 5208 190 5248 rum.
208 5197 257 5250 Or.
273 5199 579 5269 prestaquresumus,
593 5193 779 5266 omnipotens
792 5192 879 5261 Deus,
896 5193 938 5251 sic
1305 5206 1420 5262 CAPUT
1432 5206 1506 5264 Vlll.

114 5296 177 5336 nos.
202 5280 411 5355 §adsequuntur
437 5285 566 5343 lectiones
594 5301 656 5340 cum
683 5280 853 5352 erudelitas.
873 5282 937 5339 Gru.
994 5295 1806 5372 Gompmwmqocmnaepacgmumpomffifflmqm

113 5367 270 5442 Propitius.
287 5371 332 5427 Gr.
351 5369 505 5429 Protector.
524 5373 569 5430 Gr.
586 5373 622 5429 ad
638 5371 807 5428 Dominum.
824 5371 869 5428 Gr.
886 5370 939 5450 Di·⁴
1165 5367 1259 5425 modus
1276 5369 1306 5423 tn
1316 5367 1469 5441 jejunando
1483 5367 1646 5427 eemundus.

114 5457 235 5533 rigatur.
253 5457 315 5518 Cro.
333 5459 440 5518 Bened.
458 5462 532 5519 Orat.
548 5465 663 5536 presta,
680 5475 861 5535 quesumus,
878 5476 939 5518 om·
1026 5454 1808 5529 CQuiameaiuqaisitioniinomnibussatielecistim·

113 5547 249 5626 bipotens
265 5549 352 5624 Deus,
369 5555 403 5610 ut
416 5547 485 5609 clar.
493 5551 628 5612 Vticam
643 5547 744 5628 Apollo
760 5549 938 5610 essetditel-
993 5553 1091 5628 perost
1101 5550 1217 5606 tantum
1229 5549 1373 5622 quatenus
1385 5547 1608 5606 oxoonncxione
1620 5538 1808 5606 collocutionis
