3884 6084
102 281 192 340 :ets
436 327 442 338 .
588 274 861 343 HISTOllldllUM
883 279 988 341 Lllllll
1010 272 1194 350 QUINQUE.
1213 270 1339 340 -Llll
1362 272 1387 337 l.
1716 345 1738 352 Η
1778 271 1838 337 etl

1864 378 1872 398 .

134 414 277 487 temporis
292 431 350 470 non
367 414 514 488 quispiam
528 414 674 482 existeret,
691 414 741 487 qui
764 413 871 470 tuturis
896 417 961 487 pest
976 413 1003 482 Ᾰ
1018 429 1051 467 ac
1071 411 1203 468 iraternae
1228 408 1370 467 voluntati
1396 409 1510 475 obedio,
1534 407 1672 480 primitus
1697 409 1842 465 duntaxat

134 521 189 560 nos
205 503 382 576 multiplicia
396 504 528 578 hacque
543 503 817 560 videnturficritam
828 502 960 558 inhcele
1015 505 1198 568 ostensurus,
1210 517 1380 575 quanquam
1394 499 1474 556 salus
1488 515 1631 555 annorum
1648 498 1840 555 amundiori·

133 593 188 650 siis
203 592 267 661 Ilei,
283 609 371 666 quam
387 592 416 649 in
431 592 578 666 plebibus,
589 591 712 650 minime
725 591 960 665 abdendaquali-
1015 590 1081 664 gine
1097 594 1250 664 pernotata
1272 589 1433 646 secundum
1459 588 1645 643 Hebraeorum
1669 587 1807 644 historias
1823 605 1840 644 a

134 698 253 755 cunque
279 681 346 755 styli
375 682 576 756 pernotatione
604 683 771 739 mandaret:
797 682 960 755 prasertim
1015 675 1839 754 Septuagintainterpretumtranslationediscrcpet.lllud

115 788 214 838 neum,
238 770 384 829 salvatore
407 776 491 840 teste,
517 772 654 846 usquein
678 771 815 827 ultimam
840 772 961 827 extremi
1015 772 1113 825 tamen
1129 766 1841 841 certissimccommeadamus,quodannusincar-

135 859 192 916 diei
208 861 321 928 horam,
338 865 438 918 saneto
446 862 555 935 Spiritu
564 861 815 934 cooperante,ipse
831 860 962 916 facturus
1016 857 1076 914 nati
1090 857 1177 914 Verbi
1194 856 1371 914 millesimus
1384 855 1604 928 secundusipsc
1615 854 1654 912 sit
1666 857 1747 931 regni
1763 860 1840 913 Hen-

135 949 174 1007 sit
188 951 219 1005 iu
236 952 347 1007 mundo
358 968 505 1007 nevaeum
522 952 615 1007 Patre.
627 952 661 1006 llt
676 950 853 1024 quoniamin
867 950 961 1022 spatio
1016 946 1068 1003 rici
1084 951 1228 1004 Saxonum
1246 947 1323 1020 regis
1344 947 1468 1019 primus.
1486 946 1581 1002 lsdem
1603 961 1720 1018 quoque
1744 963 1841 1004 annus

135 1039 195 1096 lere
210 1040 404 1097 ducentorum
416 1057 560 1096 annorum
574 1039 963 1113 nemeislaappetensexsti-
1017 1035 1133 1092 Domini
1151 1035 1327 1093 millesimus
1343 1036 1397 1091 luit
1412 1035 1493 1109 regni
1509 1035 1639 1092 lietberti
1661 1035 1839 1093 Francorum

135 1129 181 1198 lit,
197 1128 299 1198 idest,
315 1135 381 1202 pest
397 1130 504 1187 Bedam
516 1130 673 1186 Britannia
684 1129 897 1203 presbyterum,
910 1145 962 1184 seu
1000 1125 1094 1199 'regis
1109 1126 1214 1182 tertius
1226 1124 1369 1182 decimus.
1386 1124 1438 1180 Isti
1454 1123 1543 1198 igitur
1558 1125 1616 1181 duo
1632 1125 1661 1180 in
1678 1130 1778 1183 nostro
1803 1127 1841 1184 ci·

135 1216 226 1274 ltaliae
241 1218 378 1285 Paulum,
393 1220 442 1292 qui
457 1218 647 1275 historialiter
662 1216 813 1292 quidpiam
837 1217 962 1290 posteris
1017 1215 1189 1271 tramarice
1206 1214 1361 1271 erbetunc
1385 1213 1629 1271 christianissimi
1660 1219 1748 1288 atque
1768 1233 1841 1290 praa·

135 1305 268 1364 misisset
282 1308 580 1381 scriptumzquorum
597 1313 718 1380 uterque
730 1307 883 1363 historiam
900 1323 963 1380 pro·
1017 1303 1137 1361 maximi
1166 1303 1361 1359 habebantur.
1387 1304 1517 1369 Quorum
1549 1303 1674 1376 primus,
1706 1304 1842 1362 videlieet

121 1395 204 1470 pria
219 1397 327 1470 gentis,
343 1396 387 1452 vel
402 1398 502 1470 patria
513 1397 739 1455 condidit.Dum
753 1395 886 1452 videlicet
897 1413 963 1451 eon·
1017 1393 1169 1463 llenrieus,
1192 1392 1357 1448 Romanum
1382 1393 1569 1464 postmodum
1594 1393 1723 1467 sumpsit
1747 1392 1841 1466 impe-

135 1489 192 1542 stet
206 1490 269 1541 tam
284 1486 314 1541 in
331 1486 400 1542 erbe
425 1487 566 1552 Romano,
593 1502 681 1558 quarn
700 1485 729 1540 in
755 1483 963 1541 transmarinis
1017 1483 1106 1538 rium.
1140 1481 1311 1538 leircovero
1333 1479 1451 1537 illorum
1476 1479 1645 1537 memoriale
1671 1482 1841 1538 serieitem-

136 1590 186 1630 scu
203 1574 339 1631 barbaris
355 1575 512 1648 provinciis
527 1575 665 1647 perplura
680 1575 841 1642 devenisse,
862 1590 926 1646 quoe
938 1573 962 1628 si
1017 1589 1122 1645 porum
1139 1570 1343 1626 stabilivimus.
1356 1570 1497 1627 Praeterea
1508 1569 1648 1642 quoniam
1664 1570 1699 1627 de
1715 1576 1843 1643 quatuor

134 1663 285 1719 memoria
298 1665 574 1720 commendarentur
588 1663 719 1737 prolicua
734 1663 858 1718 nimium
871 1662 963 1718 homi·
1018 1660 1160 1715 mundani
1177 1660 1257 1715 orbis
1273 1659 1401 1732 partium
1415 1659 1568 1715 eventibus
1584 1658 1704 1716 relaturi
1726 1676 1841 1727 sumus,

135 1752 224 1808 nibus
241 1752 346 1819 lcrent,
362 1758 449 1824 alque
465 1753 500 1807 ad
520 1752 767 1808 commodandum
792 1751 960 1823 quibusque
1017 1747 1139 1821 dignum
1155 1748 1270 1804 videtur
1285 1754 1316 1804 ut
1332 1748 1411 1804 cordi
1428 1752 1481 1815 est,
1505 1747 1673 1822 quietique
1697 1748 1842 1823 religiosis

136 1841 257 1898 cautelae
271 1842 402 1897 studium
419 1842 606 1914 potissimum
619 1844 766 1912 juvarent.
782 1840 845 1896 Non
866 1841 962 1896 secius
1017 1838 1175 1910 loquimur,
1193 1842 1225 1893 ut
1240 1837 1299 1892 vim
1314 1837 1417 1893 divinae
1429 1837 1614 1893 ctabstraetm
1626 1837 1841 1910 quaternitatis,

136 1947 284 2004 ergoqna
299 1931 447 1998 dicuntur,
464 1932 535 2004 quin
557 1930 643 1986 solito
668 1928 860 2002 multiplicius
885 1928 963 1984 cirea
1017 1928 1139 2000 ejusque
1152 1926 1331 1982 conformem
1352 1925 1599 2010 convenientiam,
1622 1926 1746 1983 Domine
1768 1944 1841 1999 pra·

137 2019 328 2076 millesimum
339 2020 491 2076 humanati
500 2018 768 2075 ChristiSalvatoris
778 2018 962 2090 contigerunt
1016 2021 1113 2084 eunte,
1130 2019 1267 2088 suscepto
1283 2015 1363 2089 operi
1378 2013 1556 2071 inseramus.

139 2124 258 2165 annum.
275 2110 310 2166 Et
324 2108 431 2166 ideirco
447 2114 534 2182 prout
548 2108 628 2165 valeo
649 2114 751 2165 vestra
775 2106 960 2180 praeceptioni

792 2505 952 2589 LIBER
982 2502 1194 2591 PlllMUS

674 2657 855 2735 nemum
875 2678 1050 2736 cariacae
1071 2678 1167 2735 arear
1188 2679 1295 2735 exirm.

247 2818 268 2869 l.
324 2815 361 2869 Dc
378 2813 476 2870 divine
486 2813 691 2886 quaternitate.

245 2887 281 2941 ll.
323 2892 364 2940 lle
378 2886 501 2956 liedulfo
513 2901 590 2956 repr.

246 2957 293 3013 lll.
335 2962 374 3012 De
390 2957 525 3012 lardario
538 2973 616 3028 rece.

245 3026 293 3082 IV.
332 3029 388 3099 Qui
401 3030 581 3098 pestrrrcdura
598 3034 691 3085 domae
707 3030 900 3099 reciperatores
915 3026 1091 3084 exstiterim.

245 3103 280 3154 V.
333 3105 565 3171 capuanam-cm
580 3101 682 3171 pluris.

407 3358 523 3415 CAPUT
542 3358 696 3414 PRIMUM.
979 3360 1001 3426 C
1020 3358 1097 3429 qued
1112 3373 1162 3412 aer
1176 3356 1205 3412 in
1222 3358 1332 3413 mundo
1347 3357 1501 3430 corporali,
1518 3359 1647 3434 idipsum
1663 3361 1802 3420 tortitudo
1814 3362 1843 3421 in

373 3449 410 3503 De
424 3447 520 3503 diuino
538 3449 733 3519 quaternitate.
1020 3444 1219 3510 intellectuali,
1237 3446 1286 3518 qni
1314 3451 1420 3502 ennete
1448 3447 1574 3505 viventia
1596 3455 1744 3525 vegetans,
1772 3458 1801 3509 et
1813 3451 1845 3508 in

183 3533 391 3608 llultiplieibus
420 3537 523 3608 liguris
548 3536 709 3608 formisque
732 3535 809 3591 Deus
833 3535 966 3590 conditor
1020 3550 1226 3607 quemcunque
1242 3539 1341 3591 actum
1364 3538 1567 3609 promoventia
1594 3541 1722 3598 roborat.
1747 3542 1843 3598 Simili

154 3623 347 3680 universorum
372 3625 557 3697 distinguens
581 3641 614 3681 ea
627 3643 690 3699 quae
717 3624 792 3695 feeit,
819 3628 852 3680 ut
866 3641 917 3697 per
932 3641 966 3680 ea
1020 3624 1128 3709 quippe
1143 3624 1229 3680 modo
1244 3624 1322 3696 quod
1338 3623 1413 3698 gerit
1427 3643 1504 3700 aqua
1516 3626 1547 3683 in
1564 3630 1675 3686 mundo
1690 3630 1843 3704 corporali,

151 3726 205 3783 quc
216 3712 317 3769 vident
331 3712 418 3786 oculi,
429 3713 472 3770 vel
489 3714 624 3787 iutelligit
647 3713 775 3779 animus,
800 3711 966 3770 sublevaret
1019 3709 1097 3768 idem
1121 3712 1315 3785 temperantia
1333 3713 1363 3770 in
1388 3714 1589 3773 intellectuali.
1614 3718 1718 3775 Nutrix
1737 3720 1845 3793 quippe

148 3796 290 3858 bominem
302 3802 450 3858 eruditum
461 3802 496 3859 ad
505 3803 668 3876 simplicem
676 3802 797 3859 Deitatis
812 3802 963 3858 intuitum.
1019 3806 1064 3858 cst
1078 3802 1231 3871 benorum,
1248 3803 1428 3877 efferensque
1443 3805 1557 3879 copiam
1572 3808 1725 3876 virtutum,
1738 3826 1771 3865 ac
1786 3826 1846 3866 scr·

148 3887 307 3964 lehisergo
319 3891 540 3963 perscrutandis
551 3892 820 3964 pernoscendisque
828 3890 966 3964 primitus
1019 3906 1091 3946 vans
1107 3890 1194 3946 fidem
1210 3908 1262 3964 per
1276 3891 1365 3948 divini
1376 3892 1485 3950 amoris
1508 3894 1697 3952 desiderium.
1723 3897 1844 3954 Consor-

147 3976 269 4035 claruere
297 3979 397 4035 Patres
425 3983 590 4036 Graecorum
619 3979 753 4037 catholici
782 3977 967 4036 mediocriter
1020 3995 1097 4034 mem
1115 3980 1846 4059 qnoqueterragerltspeciemmundiiufimi,justi·

147 4065 317 4139 philesophi.
333 4067 492 4124 Comenim
507 4067 536 4123 in
544 4067 861 4140 plurimisexercitatos
877 4068 965 4124 habe·
1019 4068 1067 4124 tim
1083 4068 1188 4141 speciei
1213 4067 1243 4123 in
1259 4068 1846 4147 intellectuali.Scilicetsubsistensatque

147 4160 205 4212 rent
220 4174 329 4213 sensus
343 4157 464 4229 perinde
480 4157 508 4212 in
520 4157 717 4229 quarumdam
728 4157 965 4231 quaternitatum
1020 4156 1182 4213 immobilis
1197 4155 1349 4214 collocatio
1361 4161 1445 4214 rectae
1455 4158 1680 4218 distributionis.
1696 4161 1846 4235 Digncsci·

147 4244 352 4316 speculatione,
368 4262 419 4318 per
434 4263 524 4320 quarn
540 4264 669 4319 presens
685 4247 815 4303 mundus
829 4246 965 4301 infirmus
1019 4248 1069 4301 tur
1083 4262 1211 4318 namque
1226 4261 1278 4318 per
1293 4246 1392 4303 emnia
1407 4246 1514 4304 similis
1526 4249 1750 4322 Evangeliorum
1765 4267 1846 4308 com·

147 4334 676 4410 mundusqueiuturusdaturintelligi
686 4338 966 4408 supernusouatcr·
1020 4333 1114 4408 plexio
1129 4333 1280 4407 spiritalis.
1297 4335 1486 4410 Evangelium
1501 4337 1600 4410 itaque
1615 4339 1744 4396 Matthaei
1763 4343 1846 4398 terras

146 4420 248 4480 nitates
262 4440 329 4480 vero
350 4438 462 4493 earum,
489 4441 552 4497 qua
568 4424 597 4480 in
613 4442 676 4482 sese
702 4424 838 4491 rellexus,
862 4423 966 4479 duma
1021 4423 1847 4498 mysticamcontinetliguram,quoniam(lhristihominis

146 4511 224 4568 nobis
235 4512 390 4584 despertiri
399 4513 744 4587 immobiliterooeperint,
755 4517 868 4570 mentes
876 4511 965 4569 simul
1020 4512 1847 4586 caeterisapertiusdcnrenstratcarnissubstantiam.lllud

145 4600 964 4675 atqueintellectussespeculantiumalacrioresreddent.
1020 4604 1119 4657 autern
1136 4602 1299 4658 seeundum
1316 4602 1447 4659 Marcum
1463 4606 1674 4678 temperantia,
1690 4625 1753 4681 qua
1764 4625 1849 4682 uquae

145 4687 270 4752 Quatuor
285 4690 375 4764 igitur
389 4695 457 4746 sunt
471 4691 637 4765 Evangelia,
654 4709 718 4764 quae
738 4690 921 4748 constituunt
935 4689 964 4745 in
981 4736 1005 4802 D
1021 4690 1149 4763 speciem
1164 4690 1247 4764 gerit,
1259 4706 1326 4747 cerm
1342 4708 1376 4748 ex
1383 4693 1506 4749 loannis
1514 4693 1691 4768 baptismate
1707 4697 1849 4769 pmniten·

146 4779 250 4835 noetris
266 4779 417 4836 mentibus
441 4798 602 4854 supernum
627 4781 782 4836 mundum.
809 4779 864 4836 'lot
887 4779 966 4835 enim
1021 4779 1093 4835 tiam
1107 4784 1303 4852 temperanter
1317 4780 1429 4838 indicit.
1438 4781 1637 4855 Illudquoque
1647 4785 1849 4857 juxtahucam

145 4873 279 4925 constant
291 4868 444 4939 elementa,
461 4886 525 4943 quae
541 4870 697 4943 perficiunt
711 4870 802 4927 istum
819 4869 966 4925 intimum.
1024 4868 1158 4941 aerisque
1173 4873 1202 4925 et
1217 4868 1398 4926 fortitudinis
1414 4870 1850 4948 prasertsimilitudinem,quo-

146 4954 404 5031 Ouatncrquoque
423 4959 556 5028 virtutes,
581 4977 646 5033 que
670 4963 839 5015 caeterarum
864 4963 971 5031 gerunt
1023 4957 1850 5037 niamspatiatimdiffusum,plurimisqueesthistoriisro-

145 5045 351 5120 pn‘neipatum,
366 5065 478 5121 nosque
494 5064 546 5121 per
553 5047 832 5105 admirationemsui
847 5047 970 5104 adcaete·
1023 5044 1849 5125 heretum.llludverosecundumleannemignifioiathe·

147 5149 189 5190 ras
205 5135 378 5192 informant.
394 5137 460 5194 Pari
476 5139 564 5194 etiam
580 5138 693 5195 ratione
717 5142 843 5211 quatuor
865 5153 970 5194 sensus
1024 5134 1064 5190 ris
1079 5134 1251 5207 prudentia,
1268 5135 1405 5208 quodque
1419 5137 1532 5194 ceteris
1547 5144 1663 5197 constat
1678 5140 1849 5214 sublimius,

146 5222 270 5280 existunt
286 5226 417 5297 corporis
431 5231 673 5299 pratertactum,
690 5227 741 5300 qui
765 5225 969 5284 subtilioribus
1023 5223 1148 5280 formam
1166 5223 1317 5298 signanter
1343 5223 1490 5298 exprimit,
1516 5226 1589 5282 dum
1618 5227 1784 5301 simplicem
1799 5230 1850 5287 Dei

148 5307 304 5369 famulatur
324 5314 444 5371 ceteris.
470 5317 551 5384 Quod
576 5320 621 5372 est
645 5332 713 5390 ergo
737 5315 827 5372 ather
849 5315 968 5389 igneum
1023 5313 1157 5369 notitiam
1173 5311 1849 5386 etfideminsinuansintroducitouibusetiam

148 5398 319 5459 elementum
337 5403 366 5460 in
383 5404 493 5461 mundo
509 5405 653 5476 sensibili,
669 5405 746 5462 idem
762 5402 971 5477 estprudentia
1025 5400 1213 5475 speculativis
1236 5402 1477 5472 connexionidus,
1505 5404 1716 5464 elementorum
1740 5406 1850 5465 seilicet

151 5485 174 5544 in
187 5489 389 5550 intellectuali.
405 5493 871 5569 Sursumnamqueseseerigcns,
883 5493 971 5550 anhe-
1025 5508 1058 5548 ac
1073 5491 1228 5560 virtutum,
1256 5489 1548 5566 Evangelicrumque,
1572 5492 1622 5552 ille
1647 5494 1851 5552 convenienter

146 5572 265 5662 hasque
280 5581 482 5642 desideranter
491 5599 554 5643 esse
565 5584 642 5644 eirea
652 5583 755 5643 Deum.
767 5583 841 5641 lllud
853 5598 970 5659 quoque
1026 5579 1166 5649 sociatur,
1180 5577 1316 5638 videlicet
1330 5578 1428 5654 homo,
1445 5581 1531 5659 cujus
1540 5581 1702 5644 hecinvisc
1711 5596 1851 5647 concesse
