3884 6084
112 276 173 359 tiro
572 297 603 359 s.
627 297 809 360 corneus
832 265 1114 359 enuntiemus
1138 298 1303 360 ‚tanaus
1325 299 1362 359 v.
1763 258 1826 357 sao

115 434 181 488 ctus
195 428 278 486 Orlilc
293 429 421 486 nomine.
437 427 489 485 Cui
518 428 602 487 miles
625 430 674 486 ille
698 428 870 503 peregrinus
893 444 938 484 re·
953 429 980 496 A
994 432 1023 485 et
1038 428 1270 502 praeipiums,ut
1284 434 1344 486 tam
1356 431 1447 487 inhoc
1459 430 1522 487 loco
1537 446 1626 504 quam
1645 431 1675 486 iu
1692 431 1826 486 cernetias

116 518 299 595 sponditsibi
315 519 434 592 quidem
444 518 541 575 locum
552 519 649 592 ipsum
660 524 688 575 et
700 519 835 575 abbatom
847 517 941 591 ipsius
995 516 1066 575 locis
1082 520 1116 574 ad
1133 519 1223 575 istum
1238 520 1335 576 locum
1353 519 1569 593 pertinentibus
1595 523 1742 586 servetur,
1759 522 1788 576 ct
1801 518 1826 575 si

114 608 170 665 lcci
186 624 250 665 esse
265 607 458 682 incognitum,
475 609 525 665 sed
552 613 612 665 tam
643 607 825 681 frequentius
844 625 874 663 se
890 624 941 663 au·
995 607 1071 664 alius
1087 608 1193 681 aliquis
1207 627 1241 666 ex
1262 610 1317 666 ista
1333 614 1432 666 nostra
1455 609 1534 665 fideli
1559 607 1731 664 inventione
1745 624 1826 665 sum·

116 697 194 755 disse
210 715 225 754 a
242 715 296 754 sue
311 697 424 755 seniore
451 697 567 766 abbate,
595 697 707 754 scilicet
730 699 766 754 de
779 696 873 764 Volta,
891 714 940 752 su·
996 697 1087 769 pscrit
1101 698 1278 771 exemplum,
1293 699 1437 771 particeps
1453 699 1585 755 omnium
1602 698 1750 754 bonerum
1765 696 1823 754 cifi-

116 776 592 862 'pradictilcciatqueabbatisse
621 804 695 844 csse.
710 787 752 842 Ad
769 786 830 842 hac
846 786 944 842 senior
997 786 1246 843 ciaturvetorum.
1276 788 1348 861 Ergo
1369 787 1493 867 qualiter
1521 787 1655 844 omnium
1687 786 1823 844 memoria

117 875 191 932 dixit
205 876 248 934 ei:
264 879 318 950 Epo
333 876 403 950 quoi
430 879 502 934 mibi
530 878 562 934 ele
588 894 618 933 ee
645 877 740 933 diuino
762 877 852 949 pietas
867 890 941 932 reve·

997 876 1235 933 Christicolarum
1253 876 1344 933 semel
1354 877 1383 933 in
1400 895 1475 934 anne
1484 881 1598 952 agatur,
1614 876 1785 933 monuimus
1794 881 1821 934 et

118 965 325 1036 lavit,iuiicabo
340 967 399 1024 tibi.
418 967 504 1023 Abbas
527 967 682 1040 supradicti
695 967 813 1022 currabii
832 972 943 1022 seruatus
995 966 1191 1039 precipimus,
1218 966 1341 1040 dignum
1356 968 1484 1039 proiecto
1500 966 1689 1033 ducimus,ut
1703 983 1754 1039 pre
1776 983 1820 1023 ue

120 1054 202 1131 odilo
216 1040 303 1114 tantae
330 1056 501 1115 excellentiae
528 1066 553 1114 ct
583 1058 656 1113 tanti
683 1057 777 1112 meriti
804 1059 844 1111 est
871 1053 944 1127 opud

116 1150 213 1218 Deum,
232 1154 262 1202 ut
276 1145 426 1203 obtinuerit
440 1148 473 1201 ub
498 1148 565 1219 ipso,
592 1145 661 1218 queri
687 1145 762 1200 nulli
783 1151 942 1199 sanctorum

115 1250 239 1308 uuquam
263 1244 475 1306 concesseruut
497 1236 563 1292 ciues
587 1237 699 1306 insuper
725 1234 791 1300 eiies,
821 1233 945 1288 uidelicet

117 1314 235 1382 secundo
248 1326 321 1398 feria
330 1333 357 1380 et
367 1326 448 1380 tertio
457 1326 539 1395 feriri,
558 1325 654 1380 liberm
667 1324 723 1378 sint
737 1339 828 1378 metues
841 1323 945 1378 arrimoe

117 1411 305 1486 defunctorum
320 1412 442 1484 fidelium
463 1430 478 1468 a
502 1417 698 1467 tormentorum
722 1412 856 1476 cruciatu,
873 1417 898 1465 et
910 1411 944 1465 ab

118 1502 245 1559 omnibus
261 1503 390 1573 prienaee
400 1502 536 1558 incendiis
556 1510 636 1573 cipue
659 1501 812 1572 suppliciis.
831 1501 868 1554 Tu
882 1514 945 1554 ecre

118 1592 170 1670 vie
182 1600 238 1649 tuae
252 1591 332 1647 citius
347 1590 477 1659 redderis,
495 1591 552 1663 qui,
579 1595 609 1646 ut
637 1591 696 1648 lraee
723 1590 833 1646 ouele'res
860 1605 944 1655 amc,

119 1681 256 1740 uoluntate
268 1681 319 1738 Dei
330 1683 482 1753 permissae
506 1697 533 1736 es
551 1680 698 1753 paulutum
713 1679 745 1734 tle
769 1680 814 1734 vio
829 1693 943 1735 errasse.

121 1762 239 1844 Cumque
254 1772 285 1826 in
296 1771 391 1842 patric
407 1774 456 1826 tua
473 1785 597 1826 reuersas
610 1770 709 1840 fueris,
724 1769 881 1840 ubieunque
893 1782 944 1839 po·

120 1861 195 1927 teris,
212 1876 309 1917 minen
324 1859 406 1933 liujus
420 1861 509 1916 suncti
524 1857 646 1915 odilonis
658 1858 824 1927 ditiulpubis,
840 1855 946 1912 denum

120 1950 332 2008 tiunsemnibus
357 1949 525 2015 horninibus,
555 1947 687 2003 distitibus
715 1951 741 2002 et
767 1946 945 2018 pauperibus,

119 2040 271 2112 majoribus
286 2043 312 2096 et
327 2039 490 2107 minoribus,
506 2039 734 2109 utrumq-uisque
746 2036 867 2109 proauis
882 2035 949 2090 eriri·

122 2129 170 2184 bus
184 2130 320 2186 orationes
335 2134 359 2184 ct
370 2129 554 2200 eleemosynas
569 2126 695 2182 studeant
713 2128 803 2198 sarcre
816 2141 865 2196 pro
886 2123 946 2195 plo·

122 2218 274 2290 rifieutione
290 2217 369 2272 iltius
384 2218 495 2287 anima,
507 2217 585 2288 cujus
601 2216 794 2271 intercessione
808 2213 948 2283 sinquleri

121 2307 205 2363 etiarn
232 2304 366 2379 &scaettis
392 2306 588 2377 peecatoribus,
609 2305 667 2360 siue
693 2306 775 2360 etiarn
800 2302 945 2370 ieiunatis,

122 2398 179 2451 tem
194 2394 319 2451 inaudite
334 2403 359 2451 et
380 2399 436 2450 tum
461 2395 578 2466 benique
605 2399 686 2466 ulque-
715 2392 948 2448 incestirnubr'lisc

120 2485 174 2540 lieo
188 2500 313 2550 corieessn
325 2491 365 2541 est
390 2482 591 2542 mesericordia.
609 2483 683 2548 Quid
697 2482 765 2537 inde
781 2480 946 2536 laciendum

121 2572 160 2628 sit
175 2571 305 2645 sapietis,
322 2572 502 2629 sanctissimi
517 2573 627 2629 Patres.
644 2571 750 2627 Scitote
764 2575 862 2626 tamen
879 2568 947 2641 quia

120 2661 202 2719 nulla
214 2661 356 2719 remansit
370 2661 493 2718 ccclesia
508 2662 537 2731 iu
564 2661 729 2728 Germania,
742 2660 791 2715 ubi
809 2676 865 2715 ueu
882 2657 947 2731 pul·

121 2750 194 2809 satis
209 2751 347 2808 omnibus
363 2750 456 2825 signis
469 2750 497 2807 in
515 2750 691 2825 supradietis
714 2749 829 2806 duobus
845 2748 950 2804 diebus

123 2840 241 2915 publica
256 2843 285 2897 et
298 2839 467 2914 largissima
493 2858 545 2913 prc
573 2841 637 2912 ejus
666 2838 807 2895 charitate
820 2838 896 2893 iacta
909 2836 949 2895 sit

124 2918 317 3003 eleemosyna.
336 2951 349 2980 r

160 3019 221 3076 ll3.
237 3019 311 3075 Huic
322 3018 449 3092 epistola
462 3017 671 3092 subjungimus
683 3018 830 3073 decretum
842 3017 877 3071 dc
888 3019 947 3071 tam

125 3107 231 3166 celebri
256 3108 440 3165 institutione
464 3125 481 3162 a
502 3108 586 3163 beato
617 3106 722 3163 abbate
752 3104 947 3176 lactum,jam

998 1060 1126 1111 atrorum
1156 1056 1279 1111 fratrum
1309 1056 1465 1114 animabus
1492 1057 1549 1112 sub
1579 1056 1651 1112 almi
1681 1054 1817 1112 Benedicti

999 1161 1101 1199 norma
1117 1144 1146 1201 in
1162 1145 1301 1201 caenobiis
1316 1145 1438 1201 Domino
1454 1146 1663 1217 militantibus,
1676 1148 1708 1199 ut
1721 1142 1815 1200 divinis

998 1233 1108 1306 aliquid
1124 1235 1272 1307 obsequiis
1283 1233 1351 1308 plus
1362 1253 1442 1292 more
1451 1234 1536 1291 solito
1547 1235 1813 1309 adaugeamusuec·

999 1340 1056 1378 nun
1070 1324 1334 1380 utruemoriachari
1343 1325 1432 1381 nostri
1443 1324 1809 1398 imperatorisllcurieicuu

999 1412 1109 1469 eisdem
1126 1413 1272 1486 precipue
1292 1418 1396 1486 agatur
1425 1413 1647 1484 constituimus,
1664 1417 1696 1468 ut
1725 1413 1808 1469 merito

999 1500 1150 1566 debemus
1167 1500 1268 1557 multis
1283 1502 1319 1558 ab
1343 1501 1406 1575 ipso
1433 1501 1516 1557 ditati
1532 1502 1651 1575 opibus,
1668 1501 1805 1559 scilicetad

998 1589 1128 1662 vigiliam
1145 1595 1328 1646 mortuorum
1356 1594 1422 1663 post
1436 1588 1585 1663 psalmum
1600 1609 1606 1646 :
1624 1590 1664 1646 Ati
1687 1590 1804 1648 damiam

999 1695 1061 1734 erim
1073 1680 1232 1749 tribularer,
1249 1679 1299 1752 qui
1315 1684 1381 1752 post
1397 1679 1534 1736 lectiones
1547 1678 1801 1748 aestimaremur,

999 1768 1065 1840 quid
1073 1769 1469 1842 uirtltiplieutisunt,dicamus
1483 1769 1528 1833 ;ad
1541 1769 1703 1825 matutinas
1713 1766 1800 1837 lauda,

1002 1858 1289 1930 postDeprofunelis,
1317 1859 1467 1930 Usquequc,
1493 1859 1632 1924 Domine,·
1657 1858 1693 1914 ad
1717 1857 1800 1932 Vespr

1001 1963 1049 2002 ras
1064 1950 1129 2018 post
1158 1947 1260 2013 tetulo,
1277 1948 1371 2002 eninm
1395 1964 1466 2013 meu,
1493 1949 1654 2015 Dominum,
1679 1948 1800 2021 Nisique

1001 2037 1133 2092 verrinus
1143 2037 1307 2104 ;ad...Deus,
1320 2037 1436 2093 curibus
1450 2039 1563 2103 nostris,
1576 2041 1642 2110 post
1656 2037 1760 2094 Domine
1770 2053 1798 2093 n·

999 2127 1253 2196 stipiumllomiuus
1267 2128 1337 2197 repit
1351 2143 1395 2181 me
1407 2143 1413 2180 :
1425 2126 1467 2181 lid
1485 2126 1643 2197 bilariam,
1657 2126 1752 2185 tudier
1762 2142 1798 2189 nr,

1000 2215 1255 2285 Dertsetrliscerne.
1287 2214 1320 2269 ut
1344 2215 1385 2270 ita
1411 2214 1510 2270 divina
1538 2215 1652 2270 favente
1680 2215 1799 2288 gratiani

1001 2303 1312 2374 praemisimus‚ccrum
1329 2307 1433 2376 agatur
1448 2303 1590 2359 memoria
1600 2321 1651 2377 per
1666 2303 1756 2360 omnia
1767 2302 1798 2358 iu·
1846 2350 1848 2355 .

1001 2397 1067 2448 tura
1079 2397 1221 2465 tempora,
1238 2398 1296 2448 tam
1314 2392 1343 2447 in
1359 2392 1413 2448 boc
1427 2391 1500 2457 luce,
1517 2409 1607 2464 quam
1637 2393 1666 2450 in
1689 2392 1799 2448 omnibus

1002 2481 1037 2537 ad
1053 2480 1130 2537 huuc
1146 2480 1379 2554 respicientibus
1396 2504 1409 2530 »

1037 2571 1098 2626 114.
1129 2570 1222 2641 Hujus
1250 2571 1378 2626 instituti
1411 2570 1545 2627 meminit
1573 2570 1722 2628 Ulalrieus
1746 2569 1800 2624 libre

1001 2659 1251 2716 consuetudinum
1269 2659 1517 2728 cluniacensium,
1543 2677 1607 2733 cap.
1623 2661 1667 2729 ta,
1683 2660 1740 2729 ubi,
1751 2674 1800 2715 cun

1002 2750 1109 2823 egisset
1123 2750 1158 2804 dc
1174 2748 1766 2820 festivitateOmniumSanctsrum,subtlit
1776 2746 1801 2802 de

1002 2838 1137 2910 sequenti
1152 2838 1208 2904 die,
1227 2838 1375 2893 decretum
1404 2855 1468 2895 csse
1497 2858 1514 2894 a
1536 2839 1624 2895 Patre
1648 2836 1801 2902 Odilcne‚ut

1002 2928 1079 2983 sicut
1093 2927 1122 2983 in
1139 2927 1228 3000 priori
1245 2928 1292 2982 dic
1321 2927 1560 2985 commemoratio
1591 2928 1654 2985 fieri
1676 2927 1800 2984 soletum·

1002 3015 1084 3071 nium
1101 3020 1279 3084 sauctorum,
1294 3017 1336 3071 sir.
1351 3021 1380 3071 et
1403 3017 1433 3071 in
1454 3015 1589 3089 sequenti
1606 3017 1689 3073 fieret
1701 3028 1801 3073 comme

1003 3105 1126 3161 moratio
1142 3105 1274 3160 omnium
1300 3103 1431 3160 fidelium
1462 3105 1680 3162 defunctorum.
1703 3101 1801 3160 iuuit

126 3196 245 3270 quidem
263 3196 374 3253 editum
390 3215 407 3253 a
431 3196 556 3253 Chesnio
580 3196 610 3250 in
640 3194 818 3250 bibliotheca
832 3177 985 3249 clunia-C
1005 3194 1154 3250 occasione
1170 3194 1355 3250 instituenda
1367 3194 1691 3267 hujusconsuetudinis
1704 3192 1741 3251 sia
1752 3205 1801 3264 pre

124 3286 204 3342 censi
217 3305 224 3355 ;
237 3285 286 3341 sed
303 3283 374 3340 illud
390 3285 448 3341 huc
461 3284 636 3357 proferimus
658 3301 692 3340 ex
707 3284 792 3340 veteri
810 3299 864 3338 ms.
880 3281 947 3338 Clu·

124 3373 271 3431 uiaceusis
284 3373 465 3441 monasterii,
478 3375 507 3429 in
521 3391 579 3446 quo
595 3374 637 3429 sic
658 3373 798 3429 habetur:
814 3395 827 3424 «
844 3372 946 3427 Decre-

122 3466 186 3518 tum
201 3466 245 3520 est
257 3462 451 3518 abeatissimo
463 3463 545 3518 Patre
559 3463 666 3519 domno
677 3461 946 3533 Odilone‚uuacum

122 3555 313 3608 consensuet
330 3555 432 3625 rogatu
461 3552 593 3608 omniurn
622 3554 745 3607 teatrum
774 3551 947 3608 Cluuiacen-

122 3640 211 3710 sium,
228 3643 261 3697 ut
276 3639 352 3697 sicut
365 3641 394 3696 in
406 3640 536 3697 eeclesiis
547 3641 608 3708 Dei,
630 3658 693 3713 que
712 3658 762 3713 per
774 3641 874 3696 orbem
889 3643 946 3695 ter-

123 3746 222 3785 rarum
233 3727 320 3803 louge
334 3729 449 3803 lateque
464 3733 637 3786 ccuslructae
649 3733 728 3796 sunt,
739 3729 767 3784 in
779 3730 825 3785 [lic
840 3728 945 3784 Kalen·

122 3818 227 3874 darum
243 3818 451 3875 Novembrium
468 3818 717 3894 agituricstivitas
726 3819 863 3874 Omnium
874 3823 945 3874 San·

122 3907 291 3976 cterum,lta
300 3908 377 3981 apud
389 3926 442 3964 nos
453 3913 558 3982 agatur
570 3909 670 3965 festivo
681 3926 760 3965 more
771 3924 945 3963 commemo·

121 3994 195 4052 ratic
212 3997 344 4053 omnium
362 3997 493 4054 fidelium
508 3998 725 4067 defunctorum,
744 3997 793 4069 qui
809 3998 845 4051 ab
862 3997 946 4052 initio

121 4087 223 4143 muudi
240 4086 359 4143 fuerunt
373 4087 507 4160 usquein
525 4088 623 4155 finem,
636 4086 687 4142 tali
703 4086 800 4143 modo.
817 4090 882 4158 lpse
899 4085 945 4142 die

119 4175 366 4248 supradicto,pest
381 4176 543 4249 capitulum
557 4176 663 4232 iaciant
674 4175 887 4248 eleemosynam
900 4174 947 4230 dc-

118 4279 209 4320 eauus
223 4269 252 4320 et
267 4263 409 4320 cellerarii
426 4266 461 4321 de
478 4279 553 4337 pane
569 4269 597 4319 ct
611 4265 678 4318 vinc
696 4263 832 4319 ornrribus
846 4281 945 4336 super-

116 4351 301 4418 venientibus
325 4354 514 4426 pauperibus,
531 4354 607 4410 sie-ut
637 4369 699 4407 mos
728 4356 773 4408 est
794 4351 898 4424 agendi
914 4351 943 4406 in

117 4440 204 4498 Goena
219 4441 333 4498 Domini
345 4460 352 4512 ;
366 4447 395 4498 et
421 4442 563 4516 quidquid
589 4442 652 4514 ipso
668 4441 714 4497 dic
740 4456 774 4496 cx
789 4441 944 4497 reiectione

1003 3284 1154 3356 sequitur:
1173 3283 1245 3341 beree
1255 3283 1384 3339 acciderit
1399 3284 1469 3355 puori
1488 3285 1537 3339 boe
1549 3285 1615 3356 pius
1639 3289 1717 3341 enter
1726 3278 1800 3338 uati·

1002 3374 1064 3440 tuit,
1074 3375 1123 3445 qui
1135 3373 1194 3445 ejus
1213 3375 1298 3429 l'itnm
1309 3375 1417 3443 leperii,
1434 3373 1475 3429 ibi
1488 3376 1555 3429 bene
1565 3373 1616 3429 ltoc
1626 3375 1714 3446 ipsum
1725 3383 1799 3442 mett·

1001 3478 1075 3519 scere
1087 3470 1182 3534 potest.
1200 3463 1267 3527 Quae
1283 3461 1410 3518 Udalrici
1423 3463 1511 3519 verba
1526 3463 1702 3519 confirmant
1714 3477 1743 3519 ea
1753 3472 1800 3531 qt!

1002 3553 1173 3624 inutraque
1193 3551 1268 3607 beati
1294 3551 1349 3606 riri
1373 3551 1440 3609 Vita
1469 3553 1504 3607 de
1527 3552 1582 3608 hac
1614 3568 1645 3608 re
1672 3551 1799 3608 hahentur.

1002 3642 1185 3714 Suffragatur
1199 3657 1314 3713 quoque
1337 3640 1496 3697 Gauiridus
1522 3641 1602 3713 prior
1628 3638 1764 3697 vosiensis
1777 3632 1799 3689 ia

1002 3730 1322 3803 Chronico‚cap.l2,ubi
1334 3729 1375 3785 uit
1390 3729 1542 3786 Odilonem
1554 3730 1651 3786 diseno
1668 3728 1800 3786 reretitieu

1001 3819 1164 3875 instituisse
1175 3822 1277 3891 fesium
1292 3819 1493 3891 defunctorum,
1511 3819 1588 3892 quod
1609 3827 1669 3891 post
1693 3815 1798 3891 subub-

1001 3917 1053 3964 ten
1068 3909 1192 3963 emerium
1206 3916 1363 3964 sanctorum
1376 3908 1532 3975 celebrauit,
1552 3915 1578 3963 ct
1602 3908 1653 3963 teti
1677 3903 1758 3962 ostiu
1766 3911 1799 3954 tet

999 3997 1191 4053 celebrantium.
1207 3997 1321 4052 irutr'eit.
1333 3999 1400 4064 Qum
1416 3995 1562 4052 institutio
1579 3994 1659 4051 brevi
1669 3992 1738 4068 apud
1748 3988 1798 4045 itu

1001 4103 1117 4159 quoque
1132 4084 1276 4142 Ecclesiae
1300 4085 1432 4153 invaluit,
1447 4089 1480 4141 ut
1508 4085 1585 4140 inter
1610 4082 1684 4141 alies
1706 4081 1797 4138 testati!
1827 4098 1830 4103 ·

1000 4175 1169 4248 Sigebcrtus
1195 4173 1415 4229 Gemblacensis
1431 4173 1595 4230 monachus
1614 4174 1645 4229 in
1674 4166 1794 4229 abacta

999 4264 1049 4319 ubi
1064 4268 1131 4336 post
1147 4262 1266 4319 relatam
1280 4264 1314 4317 aa
1327 4280 1437 4319 annum
1449 4263 1503 4318 928
1531 4280 1623 4336 supra
1637 4259 1792 4317 memoratam

999 4353 1153 4420 visionem,
1171 4358 1199 4407 ot
1215 4350 1347 4406 (telilcnis
1364 4351 1399 4407 de
1421 4349 1597 4407 celebranda
1622 4350 1792 4407 detunctorum

999 4442 1140 4498 memoria
1155 4441 1407 4508 constitutionem,
1437 4439 1609 4514 subjungit:
1627 4441 1680 4509 Qui
1698 4424 1792 4494 motti

56 4601 60 4607 g
117 4528 240 4586 sratmm
258 4529 431 4588 remanserit
451 4532 486 4588 ad
510 4532 679 4605 prandium,
694 4548 728 4586 cx
744 4530 943 4604 integrereci-
959 4549 982 4615 D
998 4532 1098 4586 multos
1128 4531 1254 4586 ecclesius
1287 4530 1432 4596 transient,
1472 4528 1598 4598 fidelium
1638 4528 1791 4601 delum

115 4616 178 4690 piat
193 4617 452 4692 eleemosynarius,
468 4620 526 4676 nisi
541 4624 657 4677 tantum
674 4636 780 4692 panem
801 4623 828 4675 ct
841 4620 943 4675 vinum
996 4621 1158 4675 memoriani
1172 4619 1352 4674 anicianis-ori
1362 4619 1437 4690 [ecit.
1455 4617 1486 4672 ld
1510 4635 1527 4672 a
1549 4618 1675 4690 Notgero
1689 4613 1791 4689 episcopt

115 4723 179 4781 que
195 4724 247 4780 pre
261 4725 343 4771 coena
357 4708 556 4782 recipiet.lpsc
567 4710 656 4765 ctiam
668 4709 714 4764 die
726 4712 792 4781 post
806 4709 942 4781 vesperti-

115 4796 212 4853 nalem
226 4797 359 4873 synaxim
375 4797 533 4870 pulsentur
556 4799 654 4854 omnia
678 4798 772 4872 signa,
789 4801 817 4854 et
838 4802 943 4871 agatur

113 4886 246 4961 Vespere
263 4905 314 4961 pro
330 4887 487 4944 defunctis
499 4888 530 4943 In
548 4888 674 4943 crastino
690 4891 788 4942 autem
804 4887 941 4959 postMa-

114 4974 392 5050 tutinaspulsentur
417 4979 513 5032 denuc
541 4976 640 5032 omnia
666 4977 760 5050 signa,
791 4981 819 5031 et
839 4980 943 5049 agatur

114 5059 302 5137 ofilciumpre
313 5064 459 5121 defunctis
472 5066 517 5133 ;ad
534 5064 655 5121 missam
663 5065 941 5121 veromatutinalem

113 5148 216 5208 festivo
231 5168 311 5208 more
326 5159 430 5227 agatur
445 5154 587 5221 efficium,
600 5153 699 5209 emnia
725 5154 810 5226 signa
826 5154 941 5228 pulsen-

113 5242 173 5312 tur,
189 5244 348 5298 tractuma
371 5243 486 5299 duobus
511 5243 650 5299 iratribus
679 5247 822 5299 cantetur.
839 5242 940 5300 Cuncti

111 5327 217 5386 fratres
229 5328 351 5385 offerant
366 5330 519 5404 privatim,
534 5336 563 5388 et
592 5331 708 5405 publice
729 5333 852 5388 missam
865 5333 939 5389 cele-

111 5416 197 5474 brent
211 5435 262 5491 pro
278 5417 380 5490 requie
408 5419 541 5475 omnium
567 5420 734 5477 animarum
758 5419 940 5486 bdelium,et

111 5503 265 5583 duodecim
282 5521 425 5579 pauperes
441 5508 657 5565 reficianturiit
672 5515 703 5565 ut
719 5509 773 5565 boc
789 5508 937 5565 decretum

107 5586 284 5678 perpetuum
299 5593 426 5677 vigerem
442 5597 583 5668 obtineat,
596 5597 733 5657 velumus
754 5602 782 5654 et
796 5598 935 5674 patimus,

997 4709 1027 4763 in
1042 4708 1158 4764 diecesi
1176 4706 1327 4763 Laodicnsi
1344 4710 1494 4779 receptum
1511 4705 1602 4763 luisse
1618 4689 1792 4761 monsterel

997 4797 1225 4868 mus‚ejusdcm
1255 4794 1383 4851 ecclesie
1412 4794 1583 4864 canonicus,
1609 4794 1703 4868 capite
1723 4779 1792 4853 53,ἰΙ

996 4887 1091 4943 Gestis
1106 4886 1278 4959 pontificum
1293 4884 1564 4953 Leediensium,ubi
1581 4889 1650 4958 post
1663 4877 1794 4955 expositum

996 4975 1086 5048 hujus
1101 4974 1297 5032 solemnitatis
1320 4991 1337 5030 a
1361 4977 1462 5030 sancto
1488 4972 1610 5030 Odilone
1639 4959 1797 5028 instruente

996 5067 1192 5132 occasionem,
1210 5063 1364 5136 subjungit
1385 5079 1449 5120 cam
1465 5062 1553 5120 variis
1569 5062 1599 5118 in
1615 5056 1802 5143 Ecclesiaste¹

995 5155 1049 5213 tim
1065 5157 1211 5226 receptam
1227 5152 1328 5231 luisse,
1345 5155 1419 5220 tum,
1432 5170 1516 5226 quem
1529 5151 1639 5225 iuquit,
1652 5137 1805 5208 consumit·

994 5261 1059 5300 nem
1073 5245 1157 5300 etiam
1171 5243 1309 5314 episeopus
1325 5240 1427 5298 Christi
1454 5243 1588 5313 Notqrrus
1611 5239 1647 5297 uei
1661 5254 1736 5296 suum
1747 5230 1812 5289 Μ’

993 5335 1074 5389 casim
1090 5333 1244 5397 transtulit,
1259 5346 1371 5404 euinque
1387 5331 1544 5387 selemuitcr
1558 5332 1623 5402 fieri
1638 5323 1775 5386 ordinarit.

1030 5422 1091 5477 ll5.
1107 5419 1288 5476 Trithcmius
1303 5420 1332 5475 in
1352 5418 1441 5475 veteri
1462 5419 1592 5476 editione
1605 5416 1740 5476 chronici
1751 5410 1817 5470 ilir‘

994 5508 1158 5584 saugiensis
1175 5511 1325 5565 decretum
1350 5524 1384 5564 ea
1412 5508 1447 5564 de
1476 5524 1548 5564 rea
1577 5513 1680 5565 sancto
1702 5503 1818 5564 Otiilouo

993 5601 1104 5658 tactum
1119 5598 1273 5675 consignat
1287 5613 1364 5655 anno
1375 5597 1463 5668 t0103
1481 5613 1541 5674 quo
1565 5613 1645 5657 anuo
1664 5588 1814 5657 uerntbi·
