3900 6098
659 307 778 368 vl'ra.
796 339 835 353 ·-
852 309 926 369 tiu.
952 310 1008 371 lli.

79 451 210 510 ilentium
225 454 254 508 in
268 454 353 510 verba
367 444 497 511 rescivit,
514 445 542 496 et
557 457 588 495 se
603 439 663 494 hac
679 454 811 509 prome·
827 446 854 508 Α

79 543 191 600 Domini
206 544 312 598 virtute
334 547 361 599 ct
384 534 479 613 patris
502 529 635 586 Odilonis
655 527 812 584 interces-

80 631 237 688 iberavooe
250 632 385 687 narravit.
399 627 462 684 lloc
477 624 518 676 ita
531 632 631 676 verum
642 631 713 671 esse
727 633 812 673 mer-

79 719 188 794 quidam
203 720 294 787 dives,
310 719 425 776 nomine
440 711 587 776 Salomon,
597 708 625 762 ct
636 703 751 777 plures
762 705 812 762 alii

79 824 104 865 ir
118 824 172 864 sua
187 809 357 864 assertione.

136 900 203 952 Gar.
222 895 271 952 Vl.
288 928 322 938 -
338 898 372 952 lic
385 908 455 952 cacco
469 888 635 945 illuminato.

79 986 136 1043 lam
153 1002 241 1042 senex
255 1001 290 1041 ca
304 990 363 1041 tolo
380 983 508 1057 privatus
532 974 654 1043 lumine,
676 988 753 1030 cum
779 991 810 1031 se

96 1075 203 1130 laceret
215 1090 232 1128 a
245 1090 334 1146 puero
343 1074 378 1129 ad
389 1070 480 1129 Patris
492 1061 672 1124 sanctissimi
683 1079 809 1131 urnam,

79 1180 136 1220 iam
152 1163 307 1235 attingeret
323 1162 410 1217 limen
426 1157 521 1215 ostioli
537 1156 618 1212 illius
628 1157 738 1228 cryptae
750 1172 810 1228 qna

81 1269 98 1308 s
113 1250 281 1324 requiescit,
296 1249 395 1306 lumen
407 1249 549 1304 amissum
566 1245 685 1318 recepit,
701 1244 809 1300 ducta-

81 1356 201 1397 esuum
213 1340 277 1409 jam
293 1336 475 1393 illuminatus
490 1340 519 1391 et
540 1334 622 1391 velox
647 1333 807 1407 precessit,

79 1431 104 1486 in
113 1434 224 1485 terram
236 1433 302 1483 ante
313 1430 447 1481 sanctum
460 1424 628 1497 sepulcrum
643 1428 809 1497 prostratus

79 1534 181 1576 ncesse
197 1516 252 1573 sibi
267 1515 381 1571 lumine
396 1515 505 1586 gratias
530 1515 600 1587 egit,
626 1519 655 1569 et
675 1514 809 1587 gaudens

79 1613 107 1665 t.
124 1609 194 1664 Erat
209 1622 275 1662 vero
291 1611 361 1660 tunc
377 1603 537 1660 Sabbatum
554 1607 621 1659 ante
637 1602 737 1659 Remis
750 1602 810 1676 pul-

79 1715 91 1754 ι
109 1698 231 1753 testum.

119 1786 187 1843 Cae.
204 1784 265 1840 Vll.
282 1816 315 1824 —
330 1785 395 1840 item
410 1783 441 1838 de
454 1798 528 1840 caecc
540 1790 647 1837 conato.

82 1873 188 1932 astella
199 1874 280 1928 Lucii
297 1873 405 1928 mentis
417 1872 552 1943 quadarn
565 1871 673 1927 lemica
688 1886 761 1926 caca
770 1869 806 1924 ad

92 1963 187 2021 sancti
205 1962 299 2018 Patris
314 1967 360 2016 est
374 1961 510 2016 adducta.
538 1963 606 2026 Quae
630 1958 742 2013 diutius
766 1958 807 2014 ibi

79 2069 137 2111 ens
152 2056 181 2108 ct
192 2051 220 2105 in
233 2050 364 2106 oratione
375 2065 575 2121 perseverans,
583 2049 653 2103 dum
664 2046 733 2101 vivit
743 2064 807 2119 quae

79 2142 136 2199 tin
152 2141 272 2213 longum
290 2139 345 2194 sibi
363 2138 483 2206 differri,
500 2139 565 2210 jam
591 2136 806 2208 desperatam

79 2250 93 2288 a
108 2229 231 2303 cupiens
243 2229 366 2301 regredi,
379 2229 413 2282 ad
430 2227 601 2300 sepulcrum
615 2226 717 2280 ilerum
730 2241 809 2280 acce·

79 2319 224 2377 licentiam
242 2317 382 2373 redeundi
394 2334 410 2371 a
421 2320 522 2371 sancto
536 2316 624 2386 cmpit
636 2330 703 2369 cum
715 2313 806 2387 lacry-

79 2408 212 2484 iprcrari.
225 2407 303 2463 later
318 2405 378 2460 hac
389 2407 484 2471 verba,
493 2403 698 2476 pral‘undaquc
711 2403 806 2458 moesti

86 2496 226 2571 suspiria,
236 2494 313 2552 oculi
326 2494 400 2549 male
410 2493 502 2549 clausi
519 2491 806 2563 aperiuntur,lmncn

79 2589 179 2662 parato
196 2603 263 2641 mox
279 2585 417 2649 redditur,
435 2583 519 2638 etita
535 2584 657 2636 domum
674 2581 806 2653 proprio·

79 2692 129 2733 ion
146 2674 271 2731 aliorum
288 2672 404 2728 oculum
421 2672 531 2727 intuitu
551 2669 715 2725 revertitur.

79 2782 122 2821 ae.
138 2763 212 2821 Vlll.
229 2795 262 2803 -
279 2765 347 2816 ltrm
361 2761 394 2817 dc
406 2761 463 2816 alio
476 2775 549 2816 arro
565 2759 733 2813 illuminato.

79 2855 198 2913 setiam
212 2853 333 2924 quidam
348 2856 503 2906 veteranus
518 2846 700 2903 'l'urancnsis
724 2846 807 2903 urbis

79 2961 126 3014 na,
143 2942 295 2999 oculorum
309 2940 438 3012 privatus
451 2937 563 2993 larninc
576 2935 745 2992 admonitus
756 2953 807 3008 per

79 3075 85 3101 ‚
99 3033 192 3089 ductu
206 3031 363 3104 cujusdam
379 3046 439 3083 sure
450 3027 515 3082 litiae
528 3024 696 3099 sepulcrum
711 3024 805 3079 sancti

87 3121 203 3179 studuit
217 3120 351 3174 invisere.
369 3117 421 3181 Oui
442 3115 561 3171 veniens
586 3131 620 3168 ex
644 3130 731 3185 aqua,
748 3130 807 3184 qua

1661 308 1733 396 aaa

1016 445 1084 499 ttae.
1102 447 1137 498 Χ.
1154 476 1189 486 -
1208 451 1256 502 De
1271 448 1392 516 quodam
1405 457 1571 532 paralytico.

904 530 1724 620 lnburgoAntissiodorcnsiscivitatisquidamruricola

868 620 990 676 nomine
1002 620 1163 678 Rainaldus
1178 624 1342 685 manebat.
1355 631 1434 689 llice
1449 637 1570 697 renibus
1582 644 1722 704 deorsum

868 725 990 765 amnem
1016 709 1076 765 vim
1106 710 1324 772 membrorum
1352 721 1499 781 amiserat.
1520 728 1637 787 Auditis
1651 749 1722 808 ergo

867 796 1029 853 virtutibus
1041 798 1201 872 signorum
1215 813 1288 871 que
1298 806 1408 866 fiebant
1418 812 1454 867 ad
1466 813 1634 887 sepulcrum
1644 823 1719 880 tanti

867 887 976 953 Patris,
992 886 1022 942 ia
1039 887 1177 960 plaustro
1189 903 1224 943 se
1243 895 1315 965 poni
1326 896 1405 967 lecit,
1416 889 1492 958 etad
1503 902 1606 961 limina
1617 916 1721 969 sancta

867 995 884 1034 a
901 977 1043 1033 tratribus
1053 981 1082 1032 et
1093 994 1192 1034 uxcrc
1202 976 1273 1038 duci
1286 989 1433 1061 pracepit.
1444 991 1498 1055 oui
1511 994 1631 1053 veniens
1642 1002 1671 1055 et
1681 1002 1718 1058 od

866 1065 1037 1140 sepulcrum
1054 1067 1157 1123 sancti
1174 1065 1273 1128 Patris
1288 1078 1441 1146 accedens,
1458 1096 1493 1137 ex
1507 1098 1585 1154 aqua
1608 1087 1718 1159 sepius

866 1156 950 1213 dieta
964 1154 1026 1211 dari
1042 1154 1099 1210 sibi
1118 1155 1223 1228 petiit,
1239 1160 1381 1237 languida
1396 1169 1529 1225 membra
1543 1170 1623 1243 lavit,
1640 1181 1669 1232 et
1685 1184 1718 1235 ut

865 1246 926 1304 sibi
940 1245 1051 1303 sanitas
1062 1243 1249 1304 redderetur
1260 1252 1380 1310 devotus
1398 1259 1537 1315 exoravit.
1562 1260 1631 1319 Post
1654 1263 1716 1323 haec

865 1335 1014 1410 paulatim
1028 1332 1116 1389 dolor
1133 1347 1153 1386 a
1173 1341 1316 1397 membris
1332 1343 1486 1415 abscessit,
1510 1347 1591 1405 salue
1614 1357 1714 1424 optata

866 1426 986 1493 redit,et
994 1422 1089 1498 magis
1102 1426 1266 1501 magisque
1277 1431 1312 1486 dc
1325 1431 1376 1487 Dei
1388 1450 1570 1506 praesumens
1581 1438 1712 1497 bonitate

866 1521 896 1572 et
912 1515 985 1571 tanti
1002 1514 1096 1571 Patris
1113 1518 1271 1574 confidens
1297 1520 1508 1581 intercessione
1528 1525 1565 1579 ad
1590 1529 1710 1600 propria

865 1622 899 1663 se
916 1604 1058 1678 reportari
1070 1603 1152 1661 lecit.
1163 1606 1226 1663 Non
1239 1608 1342 1664 multis
1352 1610 1516 1682 intchectis
1531 1612 1637 1670 diebus
1648 1632 1708 1672 non

861 1694 1078 1768 jamvehicu10,
1086 1693 1137 1751 sed
1153 1696 1248 1752 sirmis
1259 1697 1400 1754 incedens
1408 1698 1540 1773 vestigiis
1551 1701 1587 1756 ad
1601 1699 1707 1760 limina

866 1789 970 1840 sancta
984 1783 1159 1858 regreditur,
1170 1802 1223 1858 pro
1238 1785 1354 1841 reddita
1370 1787 1498 1843 sanitate
1509 1787 1621 1861 gratias
1632 1791 1702 1862 egit,

864 1878 932 1929 vata
946 1872 1064 1940 obtulit,
1081 1891 1141 1928 sure
1158 1873 1320 1930 curationis
1334 1873 1444 1931 indicia
1458 1875 1597 1933 omnibus
1608 1880 1702 1935 mani·

864 1963 990 2031 iactavit,
1006 1964 1091 2019 etsie
1108 1963 1143 2018 ad
1159 1963 1278 2034 propria
1293 1964 1425 2019 recessit.

1007 2052 1074 2108 Gar.
1091 2052 1135 2107 Xl.
1152 2083 1186 2092 -
1204 2057 1245 2108 Dc
1260 2051 1410 2124 hydropico
1423 2053 1549 2110 literato.

900 2147 932 2196 tn
949 2141 1088 2199 comitata
1104 2141 1288 2209 Flandrensi,
1309 2145 1338 2196 et
1362 2141 1392 2196 in
1419 2142 1512 2215 burgo
1539 2146 1698 2202 venerandi

863 2231 956 2303 patris
972 2230 1224 2302 Otmari.quidam
1236 2229 1355 2301 juvenis
1370 2228 1496 2286 clericus
1511 2231 1632 2288 nomine
1647 2233 1699 2290 Ge·

863 2320 963 2376 raldus
979 2319 1181 2391 manebat,qui
1197 2318 1356 2391 hydropico
1374 2319 1476 2375 morbo
1491 2319 1532 2374 ita
1547 2320 1696 2393 affligeba-

863 2414 958 2465 iurat
980 2425 1074 2481 acque
1099 2407 1210 2473 cibum,
1241 2424 1334 2480 neque
1363 2412 1464 2478 potum
1495 2408 1559 2464 sine
1588 2426 1696 2483 magno

862 2498 961 2555 vlolore
983 2513 1100 2554 sumere
1126 2496 1234 2552 valeret
1251 2515 1257 2553 :
1275 2498 1315 2552 ita
1345 2501 1447 2551 venter
1474 2497 1636 2555 intemerat
1663 2505 1698 2556 ut

862 2587 937 2644 cutis
952 2586 1177 2660 supramodum
1193 2591 1314 2642 extensa
1329 2601 1403 2659 pene
1418 2585 1517 2658 rumpi
1529 2585 1694 2659 videretur;

861 2682 940 2732 stare
954 2676 997 2733 vel
1015 2676 1115 2731 sedere
1130 2675 1193 2731 sine
1209 2676 1337 2730 maximo
1354 2672 1483 2746 periculo
1499 2691 1556 2730 non
1566 2673 1693 2746 valebat,

862 2765 997 2822 incedere
1019 2764 1107 2820 etiam
1131 2764 1177 2818 vix
1201 2766 1324 2835 poterat.
1348 2762 1382 2816 ln
1406 2761 1476 2832 quid
1493 2760 1614 2818 dicam?
1628 2779 1693 2820 om-

862 2854 943 2910 nium
953 2853 1173 2910 menmbrarum
1183 2852 1287 2909 ciliciis
1296 2853 1336 2907 ita
1345 2849 1463 2906 carebat
1474 2856 1506 2906 ut
1518 2846 1624 2908 melius
1635 2852 1694 2909 sibi

862 2947 986 2998 martem
1001 2958 1089 3014 quam
1101 2942 1196 3014 ipsam
1208 2938 1502 2995 miserrimamvitam
1513 2941 1694 3012 aptaretllic

861 3048 930 3106 erga
946 3036 1021 3087 nutu
1037 3030 1134 3086 divino
1155 3028 1343 3085 Silviniacum
1369 3043 1437 3082 cum
1462 3042 1569 3100 magno
1593 3028 1694 3086 labore

862 3120 990 3186 advenit,
1007 3120 1043 3175 ad
1058 3119 1227 3193 sepulcrum
1251 3116 1345 3173 sancti
1370 3115 1465 3171 Petris
1489 3131 1521 3172 se
1544 3116 1693 3175 introduci

87 3212 204 3268 tremat
219 3209 351 3264 membra
366 3205 476 3272 abluta,
492 3203 626 3277 quesivit
641 3209 669 3258 el
683 3202 804 3273 accepit,
821 3191 842 3256 C
862 3209 955 3282 petiit,
972 3209 1008 3264 ad
1024 3208 1185 3265 orationem
1202 3207 1231 3262 in
1247 3210 1324 3262 terra
1335 3203 1502 3278 procubuit,
1514 3205 1591 3261 sede
1605 3204 1693 3279 longe

85 3299 249 3359 tenebrosis
265 3297 381 3352 infundi
399 3297 475 3362 lecit,
502 3300 533 3349 ut
557 3293 613 3349 sibi
638 3292 808 3347 redderetur

94 3387 198 3445 oravit.
215 3387 248 3442 ut
261 3386 403 3458 quiajam
419 3400 475 3439 nox
490 3383 617 3438 instabat
637 3382 704 3436 inde
729 3397 806 3437 recc-

78 3476 228 3552 iospitium
237 3479 265 3530 et
273 3474 408 3530 subsidia
417 3472 589 3543 victus(erat
597 3470 675 3527 enim
685 3473 808 3543 pauper)

79 3567 141 3635 ivit,
157 3568 186 3621 et
200 3580 348 3636 nusquam
365 3560 485 3618 invenit.
503 3561 571 3616 Sine
586 3559 650 3615 cibo
665 3560 764 3630 itaque
780 3564 810 3614 et

79 3648 108 3713 ‚io
122 3659 216 3712 totam
244 3657 360 3708 nectem
389 3650 577 3723 pernoctavit.
596 3650 626 3704 ln
646 3647 808 3704 crastinum

79 3742 282 3816 dsepulcrum
300 3742 424 3796 teatinus
440 3737 701 3809 rediit,statimque
712 3737 808 3792 visum

79 3838 99 3899 l,
114 3837 144 3889 et
157 3831 242 3887 letus
257 3835 313 3886 Deo
329 3828 438 3903 gratias
449 3827 565 3900 magnis
575 3825 753 3881 clamoribus
764 3826 808 3881 in-

79 3937 108 3978 re
120 3919 291 3994 crepitaret
306 3924 403 3975 aulem
422 3915 543 3972 ecclesia
571 3915 657 3988 plena
682 3913 809 3969 bomini·

79 4008 243 4083 irssbyteris
258 4012 287 4063 et
302 4006 416 4062 clericis
437 4005 558 4060 missam
581 4003 808 4059 celebrantibus.

79 4096 98 4155 lo
110 4095 313 4172 spectaculum
325 4111 428 4151 omnes
445 4097 647 4160 cucurrerunt,
657 4093 697 4148 rei
707 4092 811 4148 verita·

79 4189 250 4262 gaoverunt,
267 4184 362 4242 cuncti
381 4185 582 4238 incommune
607 4185 696 4236 Deum
722 4181 809 4238 bene·

79 4280 130 4350 iat,
140 4281 230 4349 atquc
245 4292 297 4350 pro
311 4280 372 4331 tam
389 4273 515 4328 evidenti
533 4272 747 4343 manifestoque
759 4271 811 4327 mi·

79 4365 184 4427 iotmui
200 4382 266 4423 cnm
284 4379 411 4438 paupere
427 4363 536 4436 gratias
552 4365 684 4435 egerunt.

79 4454 175 4513 ‚lV.-
185 4458 223 4512 Dc
237 4454 353 4528 quodam
367 4455 466 4509 imaro
481 4451 515 4507 od
531 4459 646 4507 mentem
660 4460 790 4508 revocato.

861 3299 975 3355 venisse
987 3297 1075 3355 llebili
1089 3314 1158 3352 voce
1172 3299 1362 3368 conquestus.
1377 3296 1411 3347 ut
1425 3297 1547 3351 sanctus
1561 3294 1617 3351 sibi
1633 3295 1690 3351 mi-

863 3405 927 3444 sero
942 3404 1027 3460 opem
1043 3388 1129 3442 terret
1143 3402 1212 3440 cum
1224 3382 1361 3457 lacrymis
1376 3380 1497 3455 rogavit.
1514 3382 1572 3439 Nec
1595 3398 1689 3450 mora,

863 3477 957 3532 rivum
973 3474 1100 3533 concreti
1115 3472 1269 3547 sanguinis
1284 3471 1404 3538 ibidem,
1429 3470 1501 3526 dum
1530 3474 1627 3528 oraret
1652 3471 1691 3527 ab

863 3563 1051 3622 interioribus
1067 3580 1118 3637 per
1132 3580 1176 3631 os,
1191 3561 1359 3618 videntibus
1373 3559 1497 3630 cunctis,
1514 3559 1652 3629 evomuit,
1663 3565 1692 3616 et

864 3655 931 3711 inde
947 3652 1209 3728 surgens,nutibus
1221 3657 1251 3709 et
1261 3650 1360 3707 verbis
1369 3666 1400 3704 se
1411 3665 1517 3706 sanum
1529 3651 1589 3707 lore
1599 3647 1692 3706 cacla-

863 3744 963 3800 mavit.
979 3742 1157 3799 Ostendebat
1172 3745 1270 3797 autem
1291 3738 1465 3795 vestimento
1487 3755 1608 3796 sursum
1631 3737 1691 3794 col·

864 3833 937 3889 lecto
953 3848 1041 3905 rugas
1054 3831 1129 3887 cutis
1142 3830 1224 3904 prius
1238 3834 1374 3893 extensa,
1386 3843 1465 3883 nunc
1479 3843 1547 3883 vero
1564 3826 1690 3883 inllctio-

864 3939 900 3978 ne
916 3920 1068 3978 recedente
1082 3936 1188 3976 vacuas
1207 3915 1393 3974 remansisse.
1410 3915 1461 3972 His
1490 3915 1531 3972 ita
1554 3915 1690 3989 peractis,

865 4012 982 4085 propria
996 4009 1128 4082 gaudens
1143 4006 1302 4081 repedavit.

994 4101 1058 4154 Car.
1076 4098 1137 4153 llll.
1154 4127 1188 4138 -
1203 4099 1269 4152 lum
1281 4094 1314 4151 dc
1327 4093 1384 4150 alio
1398 4093 1559 4166 hydropico.

898 4187 1080 4260 iampridem
1095 4186 1184 4242 etlam
1194 4182 1315 4257 qnidam
1331 4198 1419 4240 sensa
1429 4180 1689 4255 vulgaris,ibidem

865 4296 881 4335 a
897 4276 986 4333 simili
1000 4275 1142 4331 liberatus
1158 4275 1252 4330 lucrat
1266 4274 1378 4330 morbo.

944 4370 1010 4423 Can.
1026 4364 1099 4421 Xlll.
1115 4397 1150 4406 —
1161 4365 1197 4420 Dc
1211 4363 1331 4436 quadam
1347 4369 1487 4418 contracto
1499 4364 1609 4418 sonato.

902 4457 933 4513 la
964 4459 1094 4512 extremo
1122 4452 1249 4510 conssnic
1279 4450 1539 4525 augustodunensi
1573 4446 1691 4506 lllolinis

79 4560 159 4621 largo
177 4543 390 4611 silviniacensi,
417 4558 473 4613 quo
497 4545 617 4596 sanctus
640 4540 810 4612 requiescit,
828 4564 849 4628 qq
866 4543 1005 4617 (attonitas)
1021 4545 1204 4600 eetcastrum
1216 4539 1406 4613 superbieris
1423 4539 1553 4612 (intua)
1568 4537 1692 4594 tluvium

79 4635 179 4707 illidam
192 4638 345 4704 merentur,
363 4632 482 4688 nomint
494 4628 665 4694 Rainssldllflt
680 4629 729 4701 qui
745 4647 810 4701 pro·
866 4635 967 4690 situm.
985 4632 1026 4690 Ibi
1041 4631 1176 4705 quadam
1187 4629 1346 4703 juvencula
1360 4629 1480 4701 jacebat
1504 4627 1560 4684 sub
1585 4625 1692 4683 solario

79 4723 239 4782 liutumum
251 4727 280 4779 et
293 4720 502 4795 gravissimum
513 4719 685 4791 languorem
697 4720 813 4791 penitus
868 4723 1074 4798 llrnrengardis
1091 4720 1280 4778 nobilissime
1295 4723 1444 4776 matrona.
1463 4719 1526 4773 llec
1541 4726 1576 4772 ex
1590 4714 1692 4771 multis

79 4815 159 4871 inam
173 4819 201 4870 et
216 4829 337 4870 sensum
366 4810 515 4866 amiserat·
545 4809 628 4864 Hunc
654 4808 758 4864 fratres
785 4814 814 4864 et
868 4812 1168 4870 annismembrorum
1187 4804 1694 4882 usumitaperdideratutneciace·

80 4906 122 4960 tes
131 4902 168 4960 ad
184 4901 353 4974 sepulcrum
369 4899 442 4954 tanti
457 4897 550 4954 Patris
563 4901 711 4968 coeperant
726 4898 814 4953 dedu·
868 4902 946 4968 dere,
963 4901 1019 4957 nisi
1040 4905 1215 4974 portaretur,
1233 4898 1347 4972 uspiam
1358 4896 1476 4954 valeret.
1488 4899 1554 4951 ttaec
1563 4892 1653 4967 igitur
1663 4891 1693 4948 in

87 4993 136 5049 sed
150 4981 185 5048 ¹ut
200 4991 284 5065 signo
306 4994 412 5046 sanctae
439 4987 534 5043 crucis
558 5003 589 5042 sc
615 4986 753 5053 muniret,
769 4986 813 5043 vel

79 5081 250 5149 clauderet,
267 5096 325 5135 non
337 5082 494 5152 potuerunt
508 5076 641 5131 suadere.
657 5074 814 5132 Venientes

79 5171 137 5229 aad
151 5169 246 5227 sancti
260 5168 354 5225 Patris
370 5166 553 5234 memoriam,
570 5164 717 5237 quoddam
734 5164 814 5221 obla·

88 5275 199 5317 munus
209 5275 261 5332 pra
272 5257 390 5313 infirmo
400 5270 488 5327 super
498 5251 666 5326 sepulerum
678 5254 813 5320 atterunt,

79 5365 153 5409 uum
168 5345 390 5406 denominatum
406 5343 543 5401 omnibus
560 5342 646 5399 annis
669 5342 733 5398 vita
755 5360 815 5399 suae

79 5438 152 5519 lvere
168 5454 200 5495 se
215 5437 398 5511 promittant.
416 5433 475 5489 Hoc
495 5432 594 5505 itaque
616 5436 712 5504 pacto,
728 5449 815 5504 quem

79 5531 172 5588 urent
186 5530 333 5584 amentem
345 5529 375 5582 et
388 5523 527 5580 insanum
538 5522 602 5595 jam
618 5524 760 5579 memoria
771 5539 816 5580 va·

79 5621 142 5680 net
156 5633 193 5679 ox
205 5616 320 5691 integro
336 5628 440 5673 sanum
457 5611 494 5670 ad
513 5611 635 5671 domum
662 5612 814 5674 reducunt.

149 5746 283 5813 Parnm.
306 5740 419 5807 cxcii.

868 4991 982 5048 samnis
997 4990 1108 5046 aconita
1123 4990 1205 5046 ulad
1222 4984 1507 5058 memoriam,saneti
1521 4982 1614 5040 Patris
1629 4998 1695 5054 per-

868 5085 983 5154 gerct,a
994 5079 1100 5135 vicario
1112 5079 1244 5151 oJusdcm
1256 5072 1396 5132 matrone
1407 5074 1507 5131 nimiis
1517 5071 1695 5129 clamoribus

870 5176 899 5226 et
914 5168 1091 5242 importunis
1120 5167 1265 5240 precibus
1294 5163 1414 5222 extorsit
1442 5168 1475 5219 ut
1504 5179 1535 5218 se
1561 5159 1696 5217 vehiculo

870 5259 1036 5331 imponeret
1047 5262 1076 5315 et
1090 5257 1279 5325 silviniacum
1292 5253 1398 5312 deduci
1411 5249 1591 5310 faceretNec
1602 5266 1695 5319 mora,

872 5349 942 5406 dum
958 5346 1008 5405 illo
1024 5347 1164 5420 pervenit,
1180 5347 1259 5402 etad
1277 5342 1445 5417 sepulcrum
1464 5340 1558 5399 canuti
1573 5339 1698 5398 accessit

872 5453 995 5510 seseque
1010 5437 1040 5492 in
1060 5436 1221 5492 orationem
1250 5433 1340 5504 dedit,
1370 5419 1572 5489 membrorum
1601 5426 1698 5485 alticio

871 5525 1119 5601 redintegrantur,
1135 5529 1164 5581 et
1179 5541 1242 5599 que
1257 5524 1406 5582 contracta
1426 5523 1547 5580 venerat
1564 5517 1696 5592 erigitur,

870 5633 938 5678 cum
954 5616 1019 5695 ipsa
1033 5615 1090 5674 Dea
1107 5613 1210 5676 leudes
1225 5614 1262 5672 ab
1274 5613 1412 5673 carnibus
1422 5610 1473 5689 qul
1484 5626 1549 5671 eam
1559 5606 1701 5669 noverant
1773 5634 1797 5750 Ι

1497 5735 1537 5808 ³0
