3900 6098
165 283 226 344 ets
351 228 354 233 Ι
659 276 830 341 nonnam
853 276 995 341 GLdBlll
1018 277 1191 341 nonaum
1214 276 1390 344 CLUNIAG.
1811 274 1881 344 ,ΜΒ

166 420 236 472 sunt
254 415 403 487 elisoquio.
418 415 548 485 Namque
560 411 646 466 illius
658 411 722 464 vitan
734 410 998 467 substantiaGraeci
1014 416 1039 480 Α
1055 411 1226 467 vivificantis
1242 411 1340 467 antina
1355 410 1439 467 l'erbi
1455 410 1491 466 ad
1501 426 1554 467 uos
1567 424 1673 481 usque,
1683 407 1735 480 qui
1749 405 1882 473 claruere

166 505 335 579 philesophi
353 512 525 577 pceptsoapo,
542 501 634 555 idest
651 517 784 571 paruum.
797 501 942 557 mundum
956 500 998 557 di·
1053 501 1106 558 viri
1124 501 1151 556 in
1177 501 1308 557 Romano
1331 498 1465 556 videlicet
1484 500 1552 556 orbe
1574 497 1709 572 insignes
1732 494 1880 559 catholice

166 598 284 649 xerunt.
301 593 387 649 Visus
402 593 508 665 quippe
521 593 550 647 et
564 589 701 645 auditus.
715 587 765 661 qui
779 588 960 645 intellectum
970 593 999 647 et
1053 590 1131 658 fidei,
1148 590 1332 662 cultoresque
1333 589 1467 662 justitiae,
1474 584 1799 662 proutoertarelatione
1806 600 1881 645 con>

166 683 312 739 rationem
328 681 505 745 ministrant,
522 676 671 751 superiori
688 678 865 733 conveniunt
886 679 996 745 aetheri,
1051 678 1192 751 perimus,
1209 679 1253 734 vel
1269 676 1359 734 visuri
1373 677 1590 751 superluimus;
1607 691 1661 732 seu
1676 675 1768 731 ctiam
1780 671 1881 746 quim·

165 772 246 844 quod
261 774 374 826 constat
389 768 527 825 subtilius
543 768 573 823 in
584 766 895 840 elementis,quodque
907 786 997 842 quan·
1052 786 1117 825 rum
1134 774 1312 841 eventusque
1325 768 1369 825 vel
1385 766 1470 841 plura
1485 766 1671 840 contigerunt
1687 763 1881 821 memoranda

163 864 230 916 tum
247 858 355 915 ceteris
382 856 553 924 sublimius,
577 873 612 913 eo
629 855 784 912 honestius
799 873 832 912 ac
857 857 993 914 lucidius.
1050 858 1156 914 tamin
1172 851 1880 929 sacrisEcclesiis,quaminutroquepopulopri·

162 948 359 1021 Subsequitur
373 965 439 1004 voro
453 945 588 1014 oltactuS,
604 945 656 1019 qui
671 944 746 1001 aeris
770 950 799 1002 et
814 946 995 1003 tortitudinis
1050 947 1141 1004 mitus
1157 947 1192 1002 ad
1208 946 1281 1002 illud
1291 945 1534 1019 totiusquondam
1545 941 1879 1016 orbisimpsriumprin·

161 1035 390 1109 significantiam
404 1038 481 1090 sorte
496 1035 644 1107 exprimit.
662 1036 772 1090 Gustus
784 1051 910 1108 narnquc
921 1035 994 1091 satis
1049 1035 1152 1109 cipale,
1162 1029 1876 1104 scilicetRomanum‚convartimusstylum.Cum

161 1126 369 1183 convenienter
384 1141 465 1197 aque
481 1128 511 1180 et
524 1123 729 1196 temperantiae
738 1140 837 1196 parem
847 1124 995 1196 portendit
1049 1142 1117 1197 argo
1132 1124 1340 1197 omnipotentis
1356 1122 1464 1179 Christi
1488 1121 1580 1179 virtus
1604 1121 1709 1193 utique
1732 1124 1878 1187 terrarum

161 1212 402 1289 significantiam.
419 1215 528 1269 Tactus
547 1229 628 1286 ergo,
655 1212 705 1285 qui
722 1212 855 1268 omnium
879 1217 994 1268 constat
1048 1213 1195 1287 principes
1212 1214 1343 1269 adsuunt
1359 1209 1717 1284 incurvassetimperium‚
1729 1213 1814 1265 tanto
1824 1207 1877 1265 mi·

163 1301 296 1372 intimus,
313 1302 482 1373 caterisque
495 1301 619 1358 solidius
637 1317 671 1357 uc
690 1300 837 1372 stabilius,
853 1305 935 1357 torre
960 1317 993 1357 ac
1048 1320 1106 1359 nus
1121 1302 1212 1375 riguit
1225 1307 1318 1358 terror
1332 1305 1489 1368 Cesaram,
1500 1303 1609 1372 quanto
1619 1296 1878 1372 juraillorumvc-

145 1456 148 1461 ,
158 1391 284 1464 justitiae
300 1390 565 1464 congruentissime
582 1390 700 1462 prefert
715 1389 866 1445 indicium·
884 1391 927 1445 Ab
947 1388 993 1446 his
1048 1392 1146 1447 racius
1160 1391 1397 1463 comprobantur,
1413 1388 1480 1462 plus
1488 1388 1633 1445 exstitisse
1642 1404 1679 1443 ax
1688 1386 1798 1443 timone
1806 1385 1877 1443 lero·

162 1480 255 1554 igitur
269 1477 496 1536 evidentissimis
512 1478 715 1551 complexibus
739 1495 835 1534 rerum
860 1482 993 1552 patenter
1047 1480 1155 1548 citatis,
1167 1474 1876 1552 quamexomorepiaehumanitatis.8icdeniquc

163 1574 193 1624 et
208 1566 404 1642 pulcherrime
420 1567 598 1640 silenterque
615 1567 790 1640 praedicatur
814 1571 900 1635 Deus,
918 1583 991 1638 quo·
1046 1563 1876 1641 totapaulatimillorumstirpsaprelatoimpcriodisper

164 1657 246 1713 niam
262 1656 332 1712 dum
348 1655 445 1711 stabili
461 1661 542 1712 motu
557 1656 586 1711 in
596 1673 660 1712 sese
668 1655 797 1712 vicissim
808 1673 866 1712 una
876 1661 991 1728 portcn·
1044 1658 1099 1714 tita
1116 1663 1203 1730 atque
1218 1663 1365 1725 evacuata,
1383 1660 1415 1713 ut
1427 1652 1874 1729 majusindigeretsuidominio

164 1747 209 1803 dit
218 1744 445 1812 alteram,suum
456 1744 617 1818 principale
628 1745 822 1818 primordium
833 1744 991 1816 praedican-
1045 1742 1749 1819 urbsRomana,ejusquepopulus,quamutolim
1757 1758 1875 1799 consue·

163 1836 213 1901 do,
229 1851 246 1891 a
260 1850 317 1907 quo
333 1839 547 1906 processerunt,
565 1839 714 1907 expetunt,
732 1838 764 1889 nt
777 1834 807 1889 in
824 1833 989 1889 illoiterum
1045 1841 1126 1893 verat
1140 1852 1272 1909 promere
1284 1836 1362 1909 leges
1377 1839 1405 1892 et
1413 1836 1483 1907 jura
1497 1833 1624 1890 externis
1640 1831 1748 1906 patriis
1764 1831 1873 1888 accivi·

162 1923 327 1997 quiescant.
340 1922 459 1979 Constat
473 1923 562 1979 etiam
571 1925 657 1996 juxta
672 1923 815 1996 predictae
827 1921 990 1995 stipulatio·
1045 1924 1111 1980 bus.
1131 1924 1344 1998 Coeperuntque
1360 1924 1458 1997 pluris
1473 1940 1507 1979 ex
1527 1922 1678 1996 gentibus,
1704 1937 1782 1994 quas
1795 1920 1873 1994 priua

163 2011 211 2068 nis
227 2013 394 2068 condictum
420 2017 517 2069 mento
541 2019 627 2068 cauta
649 2012 755 2071 intueri
780 2012 912 2077 durium,
938 2011 988 2083 qui
1044 2014 1227 2081 subdiderat,
1253 2014 1362 2069 crebris
1387 2012 1467 2068 iilam
1491 2010 1735 2067 intestationibus
1762 2025 1871 2078 vexare,

163 2107 266 2157 manat
280 2118 314 2156 ex
328 2102 407 2157 Edon
419 2101 555 2167 Orientis,
567 2100 990 2173 partiturqueinnontinatissi-
1044 2101 1125 2159 illius
1141 2119 1247 2159 riomen
1263 2103 1351 2157 etiam
1373 2101 1486 2174 imperii
1497 2099 1696 2173 praeripiendo
1720 2114 1872 2171 usurpans.

164 2206 230 2245 rnos
245 2195 370 2261 quotuor
386 2207 498 2246 amnes.
515 2191 624 2245 Horum
650 2190 738 2262 igitur
754 2189 876 2262 primus,
899 2188 927 2243 id
944 2193 990 2244 est
1041 2190 1175 2247 nonnulli
1192 2208 1225 2246 ex
1238 2190 1490 2263 circumjectarum
1508 2187 1729 2261 provinciarum
1756 2186 1873 2260 regibus

163 2279 285 2346 Phison,
300 2280 416 2351 quierit·
431 2279 666 2350 operitiodicitur,
679 2278 865 2351 prudentiam
881 2277 989 2349 signat,
1043 2281 1125 2335 Tunc
1142 2279 1261 2352 perinde
1275 2277 1448 2336 valentiores
1459 2283 1487 2333 et
1497 2276 1679 2350 praemaximi
1687 2277 1873 2350 regesgentis

164 2384 229 2440 que
244 2384 359 2440 semper
374 2372 417 2422 ost
431 2369 460 2422 in
476 2367 595 2439 optimis
605 2365 845 2422 dillusaetutilis.
856 2365 989 2421 Periner-
1044 2369 1222 2424 Francorum
1239 2367 1467 2424 Christianitatis
1473 2365 1591 2439 justitia
1602 2364 1766 2438 pollebant,
1783 2382 1872 2421 armo

164 2455 235 2511 tiam
251 2457 359 2529 quippe
370 2456 526 2527 paradisus
535 2454 670 2511 sublatus
686 2454 989 2521 esthomini3necesse
1043 2474 1169 2530 rumque
1184 2457 1331 2513 industria
1346 2474 1379 2512 ac
1395 2455 1514 2511 militari
1524 2452 1873 2510 roborocaeterisexcelle·

165 2545 263 2612 hahet,
281 2549 454 2618 utprceunte
472 2545 628 2617 prudentia
653 2549 808 2617 repetatur.
837 2543 988 2599 Secundus
1043 2546 1124 2602 bant.
1146 2548 1275 2610 Quorum
1299 2545 1433 2601 videlicet
1456 2544 1559 2599 ditioni
1584 2542 1811 2616 triumphaliter
1825 2559 1873 2615 per

164 2637 253 2701 Geon‚
271 2634 320 2706 qui
335 2644 419 2690 terrm
442 2635 535 2689 tintus
557 2633 742 2706 intelligitur,
764 2620 1005 2706 corriperentiam*
1043 2635 1141 2708 plures
1157 2652 1250 2690 annos
1265 2634 1443 2708 applicatum
1458 2637 1503 2690 est
1516 2636 1611 2688 totum
1626 2631 1745 2704 imperii
1757 2631 1869 2688 culmen

165 2722 274 2796 signat,
299 2723 443 2778 nutricem
474 2723 576 2795 utique
603 2723 757 2786 castitatis,
790 2739 852 2794 quae
878 2721 990 2777 scilicet
1042 2720 1869 2796 Interquosetiamexccllentissimcmicuerunt,Carolus
1926 2760 1930 2765 -

166 2812 989 2885 frondessnlnbritorexstirpatvitiorum.Tertinsquoqne
1043 2812 1162 2881 scilicet,
1179 2814 1228 2885 qni
1246 2814 1343 2869 dictus
1359 2816 1402 2870 est
1415 2813 1549 2884 Magnus,
1567 2826 1620 2866 nac
1635 2815 1734 2866 nonet
1750 2809 1868 2866 Ludou'-

165 2901 271 2973 Tigris,
289 2918 376 2974 quem
392 2901 523 2957 incolunt
547 2902 668 2974 Assyrii,
686 2903 735 2973 qui
760 2900 989 2973 interpretantur
1042 2919 1095 2958 cus
1111 2907 1304 2975 cognomento
1319 2903 1398 2958 Pius.
1414 2902 1448 2958 lli
1465 2901 1588 2973 denique
1600 2900 1742 2973 prudenti
1750 2898 1869 2959 consilio

165 2991 322 3062 (litigantes.
342 2990 394 3045 l'or
404 2989 482 3046 hunc
491 2989 683 3046 nihilominus
694 2991 828 3063 signatur
837 2988 987 3054 tortitudo,
1043 2996 1071 3047 et
1084 2992 1192 3048 virtute
1207 3009 1340 3064 quosque
1355 2991 1384 3046 in
1394 3007 1463 3064 gyro
1472 2989 1613 3046 belliones
1623 2989 1665 3045 ita
1677 2989 1800 3063 proprio
1807 2989 1868 3047 sub

165 3097 228 3152 qua
245 3079 367 3146 scilicet,
380 3081 493 3151 reJectis
505 3080 744 3152 praevaricatoriis
754 3079 843 3144 vitiis,
860 3077 989 3151 dirigens
1039 3081 1181 3153 jugarcre
1195 3081 1337 3148 dominio,
1352 3087 1385 3136 ut
1399 3079 1481 3153 quasi
1491 3079 1664 3136 unadomus
1678 3078 1867 3136 famularetur

165 3169 300 3225 homines
315 3185 367 3241 pcr
382 3168 431 3224 Dei
447 3167 589 3224 auxilium
605 3170 640 3223 ad
658 3169 758 3224 eterni
773 3168 854 3239 regni
870 3166 987 3239 gaudia.
1003 3152 1024 3218 C
1044 3169 1105 3225 suis
1122 3170 1349 3243 imperatoribus
1365 3169 1443 3226 orbis
1460 3170 1623 3235 Romanus3
1641 3167 1805 3241 potiusque
1815 3183 1875 3225 res-¹

165 3259 291 3322 Quartus
303 3274 369 3313 uero
385 3257 555 3329 Euphrates,
573 3259 656 3329 cujus
672 3259 759 3314 etiam
776 3273 881 3312 nomen
901 3256 989 3311 ntun-
1044 3257 1161 3330 publica
1181 3259 1216 3314 de
1237 3262 1358 3330 paterno
1384 3256 1579 3331 gratularetur
1602 3259 1756 3328 provectu,
1782 3272 1866 3329 quam

165 3348 290 3404 ‹loratiom
305 3351 399 3415 sonat,
414 3350 546 3418 patenter
557 3347 705 3419 justitiam
715 3346 858 3419 designat,
869 3361 931 3417 quae
942 3361 991 3416 pa·
1044 3351 1106 3403 tuta
1121 3349 1285 3420 pompatice
1300 3347 1485 3404 extolleretur
1499 3347 1712 3418 imperatorum
1724 3344 1866 3403 metuSed

167 3437 221 3493 scit
236 3453 269 3492 ac
283 3435 378 3491 reficit
399 3451 516 3490 omnem
542 3434 767 3491 animamillam
792 3434 992 3495 desideranter
1046 3435 1595 3509 quiaborumgestariondlsposuimus,
1604 3451 1656 3490 seu
1667 3434 1866 3508 genealogiam

168 3528 326 3581 amantem.
341 3523 510 3597 Cunrigitur
520 3521 990 3595 significantiahorumiluminum
1045 3525 1187 3582 historiali
1202 3542 1281 3582 more
1296 3542 1424 3594 narrare,
1436 3525 1471 3580 ad
1488 3541 1574 3597 quem
1594 3528 1696 3580 wmen
1723 3523 1814 3581 finam
1828 3539 1868 3579 rc·

167 3618 249 3687 gerat
260 3611 813 3684 insespecicspraedictarumvirtutum,
825 3612 991 3684 pariterque
1045 3616 1155 3687 gnandi
1170 3614 1213 3671 rel
1231 3613 1521 3687 imperandiillorum
1534 3629 1626 3686 genus
1636 3611 1800 3681 devenerit,
1807 3612 1868 3668 bre·

168 3705 293 3776 liguram
310 3705 436 3773 quatuor
448 3698 680 3773 Evangeliorum,
694 3717 748 3755 non
760 3701 858 3755 rninus
874 3700 991 3755 easdem
1045 3703 1119 3760 viter
1133 3703 1300 3759 curavimus
1317 3704 1461 3760 intimare.
1479 3703 1674 3759 Perduravcro
1689 3701 1868 3776 igitnrtegoe

167 3791 289 3848 virtutes
306 3789 468 3863 figuraliter
482 3794 588 3863 gerunt
602 3793 735 3861 tempora
745 3788 886 3844 mundani
902 3788 991 3860 hujus
1046 3808 1079 3847 ex
1094 3807 1194 3848 eorum
1210 3792 1348 3865 prosapia
1361 3792 1551 3864 imperatores
1566 3788 1668 3846 tamin
1685 3789 1772 3847 ltalia
1785 3806 1870 3865 quam

168 3878 267 3936 seculi
283 3878 376 3934 divisa
392 3895 442 3951 per
455 3878 611 3951 quadrum.
625 3877 760 3933 elmundi
771 3894 897 3950 namque
909 3876 992 3932 initio
1046 3879 1075 3934 in
1091 3879 1203 3946 Galliis,
1220 3898 1315 3954 usque
1327 3881 1362 3937 ad
1378 3881 1515 3937 ultimum
1527 3895 1623 3951 regem
1634 3877 1776 3937 Carolum
1786 3878 1872 3936 lleba·

169 3985 262 4041 usque
278 3968 313 4024 nd
330 3967 471 4023 ultionem
487 3966 598 4036 diluvii,
615 3966 645 4022 in
661 3966 708 4022 bis
723 3966 875 4033 duntaxat,
888 3965 938 4037 qui
957 3981 991 4021 ex
1045 3973 1103 4025 tem
1120 3970 1371 4043 cognominatum.
1382 3973 1409 4026 Is
1421 3966 1871 4041 deniquebabebatnnumintcr

168 4057 310 4132 simplicis
320 4061 428 4113 nature
438 4057 659 4113 amandosuum
671 4054 991 4129 cognoveruntCreatc·
1047 4058 1128 4132 regni
1143 4057 1189 4114 sui
1202 4059 1342 4131 primates
1356 4058 1514 4132 quemdam
1531 4056 1729 4125 lloribertum,
1744 4057 1872 4130 cujuscx

167 4165 239 4215 rem,
257 4147 386 4204 bonitate
402 4146 558 4219 prudentia
569 4146 672 4220 viguit,
689 4151 722 4202 ut
738 4145 767 4201 in
782 4143 863 4213 abet,
882 4144 990 4214 Enoch,
1047 4163 1130 4203 sacro
1146 4147 1223 4203 lente
1239 4147 1333 4203 filium
1349 4149 1527 4219 susceperat,
1544 4145 1593 4218 qui
1609 4149 1708 4201 tamen
1722 4145 1750 4203 ei
1764 4142 1884 4214 mutat

167 4237 237 4304 Noe,
252 4235 297 4292 vel
316 4254 344 4292 m
360 4235 483 4303 caeteris,
499 4235 549 4308 qui
572 4235 679 4292 mentis
703 4234 815 4291 ratione
838 4232 991 4306 pollentes,
1046 4241 1105 4292 tate
1118 4254 1173 4292 sua
1187 4235 1350 4293 certissime
1365 4239 1520 4308 suspectus
1535 4250 1598 4291 esse
1612 4233 1806 4306 potuisset,si
1816 4250 1871 4291 non

168 4320 326 4399 utiliaque
342 4329 459 4397 agerent
475 4323 689 4381 intellexerunt.
705 4325 747 4380 ab
758 4323 991 4391 Abrahamvero,
1047 4325 1213 4398 excogitata
1224 4322 1700 4381 fraudissimultasintervenisset.
1710 4321 1872 4381 cumcuim

168 4421 197 4471 ct
210 4414 240 4470 in
256 4413 377 4487 reliquis
391 4413 574 4486 patriarchis,
596 4413 646 4486 qui
672 4413 764 4486 signis
780 4417 808 4468 ct
830 4412 993 4469 visionibus
1047 4412 1225 4470 decrerisset
1240 4413 1318 4469 idem
1334 4413 1503 4469 Heribertus
1522 4410 1693 4483 praedictum
1709 4428 1810 4486 regem
1824 4410 1872 4481 ds-

168 4503 247 4559 lruiti
264 4507 345 4568 sunt,
361 4507 393 4557 ut
407 4503 436 4557 in
454 4502 543 4572 isaac,
558 4503 658 4571 iacob,
685 4501 847 4574 iosaphat
863 4502 891 4556 iu
906 4505 989 4557 cete·
1006 4525 1030 4588 D
1047 4503 1152 4576 cipere,
1169 4503 1283 4576 fingens
1304 4502 1457 4574 cujusdam
1481 4499 1660 4556 deliberandi
1685 4501 1872 4558 occasionem

168 4593 220 4663 ris,
237 4591 430 4664 temperantia
446 4591 627 4648 conformata
642 4592 793 4665 probatur,
815 4591 864 4662 qui
881 4589 992 4645 scilicet
1046 4591 1164 4665 negotii,
1181 4590 1306 4663 qualitor
1322 4589 1418 4655 illum,
1433 4589 1661 4662 utpostmodum
1673 4587 1874 4657 facitusmnt

170 4683 245 4739 iliter
260 4680 380 4736 adversa
395 4683 422 4734 ct
442 4695 581 4754 prospera
607 4681 759 4753 proprium
782 4695 871 4751 super
894 4679 993 4734 omnia
1047 4681 1139 4736 cende
1154 4679 1183 4734 in
1201 4696 1293 4735 unum
1311 4683 1474 4736 castrorum
1490 4694 1611 4735 suorum
1623 4676 1873 4748 introduceretur

168 4770 332 4827 dilexerunt
347 4775 507 4826 auctorem.
524 4770 547 4823 Α
561 4769 658 4843 Mopse
674 4767 993 4841 quoqueetinreliquis
1045 4769 1226 4826 uinculatum
1244 4768 1349 4825 carceri
1368 4769 1563 4840 manciparet,
1579 4767 1698 4823 tandem
1712 4765 1875 4840 verosqui·

168 4861 330 4934 Prophetis,
346 4860 417 4916 viris
441 4857 575 4914 uidelicet
603 4857 829 4924 robustissimis,
854 4856 990 4931 legalium
1045 4859 1171 4914 busdam
1185 4861 1411 4932 suggestumest
1421 4857 1492 4931 regi,
1504 4856 1714 4913 utcautissime
1727 4859 1873 4931 saagcret,

168 4955 379 5022 praeceptorum
395 4947 632 5004 institutionibus
644 4946 735 5010 tultis,
748 4946 886 5003 fortitudo
898 4944 991 5003 sanci·
1047 4965 1082 5003 nc
1099 4946 1240 5004 llaribcrti
1254 4944 1617 5003 involvereturlraudibus.
1628 4944 1767 5019 Dumque
1782 4944 1876 5003 illacx

169 5043 226 5106 tur,
244 5039 314 5095 dum
330 5038 475 5094 laboriosa
486 5034 859 5110 siqnidemlegisprcecepta
868 5035 992 5091 sollicite
1047 5037 1101 5093 hoo
1130 5036 1208 5110 quod
1224 5036 1365 5102 audierat,
1381 5033 1529 5102 credulus,
1546 5032 1689 5090 cautelam
1700 5034 1760 5091 sibi
1775 5035 1813 5090 do
1825 5033 1876 5091 Hs·

170 5125 204 5179 ab
220 5124 261 5182 cis
276 5128 432 5185 exercitata
447 5131 658 5184 monstrantur.
676 5126 717 5182 Ab
733 5125 859 5182 adventu
869 5124 994 5197 denique
1050 5126 1157 5182 riberto
1172 5123 1310 5182 adhibere
1325 5122 1509 5193 decretissct,
1526 5122 1716 5196 contigituna
1730 5121 1876 5189 dienimia

169 5212 311 5270 incarnati
327 5214 414 5271 Verbi
430 5232 463 5273 ac
476 5215 614 5289 deinceps
629 5231 715 5272 omne
726 5213 865 5271 saeculum
878 5213 996 5285 justitia
1049 5214 1182 5287 expedite
1193 5213 1329 5270 eumdem
1341 5212 1524 5268 Heribertum
1539 5228 1607 5268 cum
1617 5228 1672 5268 suo
1687 5209 1876 5287 lilioinragia

170 5301 273 5376 implet
287 5304 429 5377 regitque,
440 5303 875 5361 circumdatveluticeterarum
884 5303 994 5359 finisac
1049 5303 1191 5376 palatium
1203 5301 1347 5358 devenire.
1359 5302 1489 5375 Surgens
1510 5300 1609 5376 itaque
1632 5317 1684 5358 rex
1696 5300 1725 5357 si
1740 5298 1877 5359 osculum

170 5390 407 5461 tundamentum,
422 5391 499 5448 sicut
509 5392 582 5448 dixit
594 5409 647 5451 suo
661 5392 798 5465 Baptistae
808 5390 995 5448 Veritastlle·
1049 5391 1185 5465 porrexit.
1202 5390 1251 5448 llle
1266 5407 1333 5448 uero
1349 5395 1408 5448 toto
1423 5407 1455 5448 se
1469 5390 1630 5447 humilians
1640 5406 1881 5464 ‚carpetanam-

170 5489 219 5550 cct,
235 5481 383 5555 inquiens,
398 5498 447 5538 noa
462 5482 575 5554 impiare
588 5498 696 5540 ornnem
703 5483 858 5556 justitiam.
1049 5482 1109 5539 lum
1126 5482 1203 5556 regis
1217 5477 1883 5555 suscepit.Deindecumejustlliumoaculalm

205 5569 316 5631 Dicturi
331 5569 422 5647 igitur
437 5568 474 5631 ab
488 5586 564 5631 anno
575 5572 629 5630 900
651 5570 795 5631 incarnati
820 5570 947 5631 creantis
961 5585 994 5629 aa
1048 5572 1163 5642 luisset,
1180 5568 1447 5646 stansqucjuvanis
1459 5569 1593 5645 quamvis
1603 5568 1743 5631 conscius
1750 5566 1884 5647 fraudis,
