3884 6084
110 281 177 355 tis

113 417 153 486 te
189 414 314 490 sapiens
329 414 437 488 inopem
449 413 482 473 de
495 431 580 472 manu
593 415 742 487 torturum
755 414 813 489 ejas
828 433 838 470 :

189 509 314 578 Egeram
328 512 355 561 et
365 521 513 577 pauperem
527 522 544 559 a
558 503 754 576 diripientem
767 521 840 562 eum.

154 595 175 653 C
189 595 304 668 Eripuit
318 593 452 653 Christus
466 610 539 667 pene
552 597 648 651 totum
664 611 758 668 genus
780 594 945 657 humanum

114 686 155 742 de
170 684 219 740 illa
234 685 375 757 potestate
388 680 499 739 diaboli
515 681 565 756 qui
580 687 650 739 tunc
665 700 718 758 per
736 684 882 741 mnndum
899 701 943 740 re-

111 773 332 850 gnitattmmo
346 771 425 842 enim
441 775 504 828 erat
520 771 604 845 inops
621 789 627 826 :
645 772 715 846 quia
730 771 945 846 mortalis,ege-

113 881 185 936 nus,
203 862 273 937 quia
284 862 314 918 in
330 860 429 918 labore
443 866 472 918 et
487 861 594 918 sudore
608 878 714 936 panem
728 861 946 936 quesivitPau·

113 972 179 1029 per,
193 953 265 1027 quia
279 953 315 1011 de
325 951 472 1026 sapientia
494 955 522 1008 ει
545 952 671 1024 puritate
695 952 826 1024 daJ‘ectus
841 970 859 1008 a
873 951 944 1008 diri-

112 1043 266 1118 pientibus
288 1040 449 1098 immundis
474 1040 638 1113 spiritibus,
655 1040 747 1098 solnm
774 1045 892 1098 tenuem
917 1043 946 1097 et
1000 1043 1198 1101 modisiudoei
1214 1043 1373 1100 Christum.
1394 1045 1654 1101 subsannaverunt
1668 1045 1823 1104 dicentes:
1927 1063 1932 1075 ·

113 1130 306 1204 umbratilem
322 1129 522 1188 ratiunculam
537 1130 716 1203 possidebat.

113 1223 150 1286 1³
184 1224 334 1293 Summi&
346 1227 425 1284 iestis
441 1221 534 1293 inqui·
547 1239 557 1276 .·

186 1314 258 1382 Qum
272 1311 435 1380 ignorabam
450 1310 662 1382 interrogabunt
675 1326 727 1365 nie.

150 1399 496 1459 CNuuceommemernt
517 1396 649 1454 christus
675 1398 710 1454 dc
736 1396 853 1470 proprie
876 1414 943 1470 pas-

109 1488 208 1555 eiene.
224 1486 333 1565 θεειεε
345 1503 413 1545 eum
429 1486 509 1544 enim
523 1490 613 1544 testes
628 1487 726 1545 subito
749 1487 858 1560 impetu
875 1503 943 1542 con·

111 1579 289 1654 mpgebant,
304 1593 403 1646 revera
418 1574 522 1652 iniqui,
538 1577 609 1650 quia
632 1580 716 1634 erant
738 1581 840 1633 contra
854 1575 942 1648 aequi-

110 1671 206 1732 aum
217 1665 489 1732 ieeuturidlddidit,
505 1665 687 1739 ignorabam,
704 1665 733 1721 id
750 1669 795 1721 est
810 1664 865 1738 ipsi
877 1681 943 1722 nar-

114 1758 222 1828 emunt
235 1755 288 1817 ilis
299 1773 364 1829 quta
380 1772 426 1812 me
441 1754 551 1813 dixisse
566 1754 743 1812 omnimodis
764 1753 940 1811 nesciebam.

116 1847 150 1918 ii
184 1846 382 1918 Retribuebant
395 1844 467 1901 eniti
479 1843 554 1901 male
566 1860 616 1918 pre
631 1845 708 1901 tenu
724 1862 733 1899 .·

186 1935 362 2004 smitemm
374 1934 479 1991 cabira
492 1949 563 1990 mec.

150 2029 170 2081 C
185 2023 395 2085 Retribuebant
410 2022 484 2080 mihi
500 2021 579 2079 mala
601 2038 653 2095 pro
679 2021 774 2088 bonis,
791 2022 860 2094 quia
874 2038 942 2077 cum

115 2115 249 2172 Christus
263 2114 353 2170 vitam
368 2111 554 2169 credentibus
569 2110 734 2179 contulerit,
750 2109 792 2165 illi
817 2113 941 2171 mortem

113 2207 246 2275 econtra
260 2202 379 2269 reddere
395 2200 572 2262 meluerunt.
589 2199 731 2257 sterilitas
753 2200 858 2257 anime
874 2200 940 2268 luit,

115 2293 232 2368 quando
248 2290 384 2364 Magister
397 2291 493 2347 bonus
507 2288 537 2346 in
552 2288 627 2362 ipsis
639 2288 669 2345 in
679 2287 806 2345 fructum
821 2287 889 2344 fidei
900 2304 942 2344 re-

108 2384 207 2458 perire
220 2399 280 2438 non
295 2379 400 2454 potuit.

115 2472 149 2531 ts
185 2474 239 2544 uno
252 2478 345 2529 meere
356 2486 421 2527 cum
433 2467 505 2527 mila
518 2469 624 2524 moesti
638 2474 726 2523 essent
742 2484 748 2520 :

185 2559 324 2629 trudentur
338 2560 442 2615 riticio.

150 2651 244 2723 Cilgo
259 2649 330 2704 dum
346 2645 420 2710 mibi
436 2646 550 2704 molesti
576 2649 686 2711 essent,
702 2645 730 2700 id
748 2649 792 2701 cst
806 2645 877 2700 dum
892 2645 942 2702 iu-

117 2739 169 2796 dai
178 2735 399 2809 essentmqlesti
411 2752 464 2809 per
472 2733 666 2791 contumelias
674 2738 702 2790 et
712 2733 834 2789 insidias
847 2733 942 2789 Chris-

117 2833 156 2897 te,
173 2827 314 2891 indultae
336 2823 438 2881 cilicio.
453 2824 476 2881 H
491 2824 579 2881 idest
593 2822 731 2879 divinitas
746 2840 833 2879 carne
855 2827 884 2880 et
907 2825 942 2879 de

115 2921 232 2992 peceato
253 2913 405 2973 damae-vit
427 2915 578 2985 peceatum
603 2913 689 2983 (Rom.
706 2911 776 2984 v111).
799 2911 819 2967 C
844 2911 943 2968 Induit

119 3023 182 3069 nere
196 3021 228 3064 ae
241 3019 330 3061 carne
343 3001 490 3069 divinitas,
507 3000 536 3056 id
551 3004 596 3057 est
610 3000 766 3056 occultavit
780 3018 831 3074 per
845 3001 941 3057 cernis

119 3094 245 3166 nahmen
260 3110 293 3149 se
306 3089 472 3154 tenebrosis
486 3089 647 3156 mentibus.

122 3185 152 3240 lb
185 3182 373 3252 llumitieimn
384 3181 417 3237 in
424 3179 534 3255 jejeeie
549 3181 676 3237 animm
691 3195 797 3236 ineam:

187 3273 217 3328 Et
232 3273 323 3328 oratio
337 3285 398 3345 mea
409 3270 440 3337 in
453 3269 521 3341 eina
535 3284 593 3324 mee
605 3284 707 3324 contar.
714 3273 777 3323 etur

155 3360 336 3433 Giejunium
352 3357 463 3423 dicium
476 3359 520 3415 est
529 3355 608 3414 euim
622 3357 705 3429 quasi
719 3356 940 3428 inedium‚qu0d

123 3451 297 3514 abstinemus
312 3445 424 3504 diutius
440 3446 475 3502 ad
491 3445 618 3503 inediam
635 3463 728 3519 usque
741 3445 942 3519 perduratio·

125 3537 228 3610 iuuerit
241 3534 410 3594 Christusin
418 3538 516 3592 monte
528 3535 940 3608 quadragintadiebustlicttb.

129 3627 168 3697 u).
182 3628 216 3683 ut
229 3624 322 3683 oratio
338 3640 412 3693 mea,
430 3623 458 3679 id
475 3629 519 3679 εει
531 3623 602 3679 dum
618 3624 796 3679 fundebatur
811 3642 828 3680 a
844 3625 940 3681 Domi·

130 3717 198 3772 nein
213 3732 309 3782 crure,
335 3718 363 3771 et
391 3730 456 3772 eam
479 3712 592 3771 miserit
616 3712 708 3770 iudai
733 3712 854 3771 minime
875 3731 941 3769 sus·

129 3804 212 3877 cipere
226 3807 417 3871 mererentur,
432 3801 581 3858 remeabat
596 3801 625 3857 in
642 3800 739 3858 sinum
756 3803 830 3875 ojus,
849 3803 877 3859 id
898 3807 943 3859 cst

126 3890 303 3956 bauaima
315 3890 455 3966 pectoris,
467 3891 544 3947 unde
557 3891 652 3947 iuerat
666 3905 793 3965 egressa.

127 3984 156 4038 tl
187 3983 274 4054 omri
284 3983 454 4056 precanum,
470 3982 551 4052 quasi
562 3983 678 4053 fratrem
692 3988 814 4038 nestrum
824 3983 943 4037 siccem

219 4071 364 4144 ptarciem
383 4088 390 4125 :

189 4162 271 4230 Quasi
285 4163 381 4231 tapetes
395 4168 422 4216 ct
433 4161 607 4217 contristatus
622 4161 662 4215 sic
675 4161 856 4217 inmittatur.

155 4253 174 4304 C
189 4250 317 4310 Mutatus
338 4253 384 4308 εει
407 4248 456 4306 hic
471 4265 557 4306 casus
573 4249 792 4321 nominum,pro
808 4249 943 4306 ablativis

127 4339 196 4395 euim
220 4344 289 4396 sunt
313 4336 470 4396 accusativi
494 4338 592 4410 positi.
609 4337 684 4393 Dicit
703 4338 791 4405 enim,
809 4338 892 4411 (pansi
908 4339 943 4394 de

125 4427 258 4499 proxim,
270 4427 356 4500 quasi
371 4427 407 4482 de
422 4425 510 4482 iretre
526 4430 625 4481 nostro
642 4426 682 4481 ita
695 4425 767 4482 mibi
784 4425 943 4499 complace-

728 281 936 346 uxrosino
959 282 1215 349 rstuuonuu.

1768 287 1828 363 teo

958 413 1154 484 Ascientiam
1169 417 1290 491 peccati,
1306 417 1517 492 propterquod
1534 416 1673 495 flagellari
1693 417 1736 479 vel
1762 438 1827 481 cru-

1001 507 1077 582 ciligi
1092 507 1256 564 debuerim.

1000 595 1035 652 19
1072 599 1207 669 Dissipati
1219 604 1283 655 iuret
1293 613 1343 654 nec
1356 601 1512 670 compuncti
1524 616 1530 654 :
1547 603 1723 656 mutarerunt
1736 616 1789 663 me.

1070 686 1312 758 Subsamicueraet
1325 704 1368 742 me
1380 687 1593 746 subsannatione
1608 706 1615 744 :

1070 777 1261 832 Frcadeeruat
1275 793 1357 849 super
1369 795 1413 834 me
1426 777 1551 834 dentibus
1565 780 1632 835 suis.

1034 865 1058 921 H
1074 865 1213 938 Dissipati
1230 870 1307 932 sunt,
1325 865 1471 922 avincula
1490 865 1653 937 eharitatis,
1669 885 1722 924 nec
1746 885 1826 927 eom·

998 954 1099 1029 puncti
1115 960 1147 1010 ut
1159 959 1281 1028 agerent
1297 955 1709 1028 penitentiam.Teniaverunt
1723 957 1826 1022 multis

998 1135 1065 1200 Ave,
1080 1151 1129 1190 rex
1143 1132 1319 1190 iudeorum.
1331 1134 1542 1201 Frenduerunt,
1560 1133 1739 1194 clamantes:
1754 1135 1826 1191 Gru·

999 1221 1201 1296 ciligatur.Per
1215 1227 1312 1278 motus
1327 1222 1456 1294 corporis
1471 1223 1636 1280 ostenditur
1650 1227 1748 1282 metus
1761 1223 1825 1299 ani·

999 1328 1064 1368 me.
1081 1312 1105 1368 H
1120 1316 1139 1367 C
1152 1312 1284 1368 stridunt
1299 1312 1364 1369 sevi
1385 1311 1519 1368 homines
1544 1312 1691 1380 dentibus,
1707 1313 1825 1386 quande

998 1401 1110 1458 ratione
1122 1401 1371 1470 vincunturpam,
1388 1400 1511 1457 cumeis
1530 1419 1582 1474 pro
1605 1401 1724 1460 veritate
1739 1402 1826 1460 verba

998 1490 1166 1557 defecerint,
1181 1490 1368 1563 impatienter
1382 1490 1521 1546 dentibus
1538 1490 1676 1560 fremunt,
1698 1506 1826 1563 suasque

996 1580 1164 1636 voluntates
1182 1581 1268 1636 tacita
1283 1578 1521 1637 interminatione
1536 1579 1722 1637 denuntiant.

997 1670 1038 1726 20
1072 1670 1313 1742 ,Dominaquonde
1330 1670 1588 1740 respuaazrarnae
1602 1669 1827 1728 animerameam

1105 1777 1122 1815 a
1137 1760 1311 1828 malignitate
1325 1774 1419 1815 eorum
1436 1774 1442 1812 ι

1069 1851 1087 1905 ,ι
1105 1848 1228 1904 iconibus
1241 1850 1353 1904 unicam
1366 1864 1465 1903 meana

1032 1942 1052 1992 C
1068 1937 1188 2006 Quando
1204 1935 1407 2009 respicies,pro
1420 1934 1632 1991 consuetudine
1643 1933 1825 1991 infirmitatis

997 2026 1131 2083 humanm
1148 2026 1263 2095 dicitur,
1276 2024 1322 2079 cui
1338 2040 1488 2080 morosum
1498 2023 1613 2079 videtur
1627 2023 1825 2096 quodcunque

997 2115 1129 2171 futorum
1145 2119 1202 2180 εει;
1220 2131 1283 2184 qua
1300 2129 1375 2180 mox,
1401 2117 1434 2167 ut
1458 2111 1547 2183 cupit,
1566 2111 1685 2167 festinat
1711 2111 1823 2185 aliquid

996 2205 1122 2277 impleri.
1140 2205 1281 2269 Ιιεειίιυε,
1298 2203 1383 2275 quasi
1398 2207 1526 2273 ereptam
1543 2200 1673 2256 animam
1689 2201 1788 2257 redde.
1798 2203 1824 2269 tl

997 2292 1187 2367 malignitate,
1203 2294 1272 2366 quia
1288 2293 1396 2365 injuste
1411 2292 1553 2364 probatur
1566 2289 1717 2347 occisusnl
1732 2287 1823 2346 leoni·

997 2383 1061 2439 bus.
1081 2382 1103 2438 ll
1120 2383 1146 2438 id
1173 2386 1217 2438 est
1241 2400 1258 2447 a
1281 2380 1532 2454 persecutoribus;
1550 2378 1678 2446 unicam,
1694 2377 1823 2434 animam

996 2488 1080 2528 suani
1096 2472 1183 2536 dicit;
1201 2489 1264 2543 qum
1282 2471 1369 2526 unica
1383 2474 1428 2526 est
1442 2469 1505 2524 sine
1521 2467 1676 2541 peccatos}
1691 2465 1742 2522 Vel
1759 2466 1823 2521 uui·

996 2578 1040 2627 ce,
1056 2562 1127 2634 quie
1140 2561 1175 2616 de
1188 2560 1306 2633 l'irgine
1322 2565 1409 2615 natus
1426 2558 1531 2614 unicus
1546 2560 1600 2624 ast,
1616 2556 1645 2622 id
1661 2559 1706 2612 cst
1727 2555 1822 2612 solum

997 2667 1074 2708 unus
1089 2651 1124 2706 de
1140 2650 1251 2722 virgine
1264 2653 1308 2705 εει
1321 2653 1420 2714 natus.
1437 2647 1500 2713 Vel,
1517 2647 1645 2712 unicam,
1663 2644 1822 2702 Ecclesiam

996 2758 1091 2797 suam.

995 2830 1026 2884 21
1068 2830 1218 2900 Cerrpiteber
1232 2830 1284 2885 tibi
1300 2831 1329 2884 in
1343 2829 1455 2884 eccesia
1469 2843 1591 2896 empne:

1067 2922 1098 2976 ln
1111 2919 1210 2991 poprie
1223 2919 1302 2991 prate
1317 2916 1434 2972 isturicie
1450 2924 1482 2972 tc.

1030 3008 1140 3064 cDuas
1155 3024 1219 3062 esse
1234 3005 1362 3060 diximus
1378 3004 1586 3071 confessiones,
1604 3019 1693 3058 unam
1714 3001 1823 3067 laudis,

995 3097 1116 3152 alteram
1132 3094 1325 3168 poenitentie;
1351 3094 1402 3149 sed
1428 3093 1475 3148 hic
1500 3093 1535 3147 ad
1561 3091 1680 3148 laudem
1698 3089 1825 3163 pertinet

956 3168 978 3234 C
996 3187 1101 3258 lingna
1115 3202 1181 3240 vero
1198 3182 1324 3239 Ecclesia
1338 3186 1383 3237 est
1398 3181 1523 3254 populus
1539 3178 1733 3249 Christianus,
1746 3181 1825 3234 reeta

997 3274 1053 3330 tide
1068 3275 1180 3330 firmus.
1198 3273 1230 3328 ln
1246 3270 1353 3344 populo
1368 3269 1463 3343 gravi3
1480 3269 1587 3341 Hquia
1612 3286 1669 3324 non
1693 3271 1738 3323 cst
1752 3265 1824 3323 levis

996 3365 1032 3420 ad
1050 3362 1312 3436 peccandum,ideo
1330 3360 1432 3414 bemus
1447 3359 1476 3414 in
1490 3359 1583 3414 tldcnl
1597 3357 1644 3413 Sic
1657 3356 1741 3430 palea
1753 3355 1824 3412 levis

995 3458 1080 3508 vento
1096 3449 1218 3512 tollitur,
1229 3465 1355 3522 granum
1373 3452 1481 3514 manet,
1495 3447 1566 3519 quia
1580 3461 1684 3518 grave;
1700 3443 1768 3500 talis
1780 3447 1825 3500 est

997 3542 1092 3597 bonus
1106 3539 1300 3605 Christianus,
1317 3535 1387 3609 quia
1401 3551 1526 3608 granum
1542 3539 1596 3589 est.

996 3633 1032 3685 22
1067 3631 1126 3686 Nee
1144 3626 1362 3700 supergaudeant
1384 3625 1455 3680 mibi
1478 3625 1526 3697 qui
1549 3623 1731 3679 adversentur
1755 3622 1826 3677 meti

1105 3720 1219 3789 inique:

1068 3807 1122 3875 Qui
1136 3806 1250 3861 ederiim
1267 3820 1308 3859 me
1321 3804 1417 3875 pratis
1436 3804 1466 3858 Et
1480 3808 1609 3856 annuunt
1624 3801 1721 3856 ocutis

1032 3895 1128 3950 CNon
1144 3893 1382 3966 supergaudeant
1405 3890 1489 3958 mibi,
1506 3890 1594 3946 idest
1611 3906 1670 3945 non
1685 3885 1827 3944 insultent

997 3983 1256 4055 baeretici,quando
1270 3980 1386 4052 aliquos
1401 3981 1437 4035 de
1453 3995 1574 4034 numero
1587 3976 1719 4034 fidelium
1730 3976 1827 4049 perdit

998 4076 1099 4129 sancta
1114 4071 1248 4138 Ecclesia,
1265 4070 1335 4142 quie
1347 4067 1473 4124 liaretici
1494 4083 1611 4138 semper
1636 4067 1826 4122 adversantur

998 4162 1113 4219 Christo
1127 4166 1156 4216 et
1170 4160 1312 4216 Ecclesia.
1330 4158 1383 4224 Oui
1399 4157 1523 4212 oderunt
1538 4171 1584 4212 me
1600 4154 1702 4226 gratis,
1716 4152 1771 4209 hoc
1781 4155 1826 4208 εει

997 4251 1134 4320 inaniter,
1151 4249 1260 4320 quibus
1276 4247 1348 4303 nibil
1366 4245 1461 4302 nocui.
1480 4245 1634 4300 CAnnuut
1648 4240 1756 4308 oculis;
1773 4257 1824 4295 an·

998 4341 1062 4397 nuit
1076 4337 1179 4402 oculis,
1195 4337 1313 4409 quando
1324 4335 1378 4390 hoc
1390 4334 1476 4393 tacite
1487 4337 1515 4389 ει
1525 4331 1624 4388 dolose
1637 4329 1700 4386 vult
1713 4323 1834 4402 aliquid

997 4428 1155 4486 declarare.
1173 4427 1195 4482 ll
1211 4426 1256 4482 Sic
1272 4426 1402 4481 lecerunt
1415 4421 1518 4491 iudai,
1536 4421 1606 4494 quia
1619 4419 1691 4476 nihil
1706 4419 1774 4476 beni
1796 4418 1825 4477 in

124 4515 197 4581 bam,
212 4516 242 4572 id
258 4522 303 4574 εει
317 4516 353 4571 de
368 4531 468 4574 eorum
485 4513 690 4587 conjunctione
705 4515 879 4589 gaudebam,
893 4517 941 4587 qui
961 4534 1084 4597 Depone
1107 4517 1307 4574 ostenderunt.
1332 4516 1356 4570 Α
1380 4511 1613 4570 pronuntiabant
1640 4509 1722 4567 vultu
1748 4508 1825 4582 quod

127 4623 168 4665 me
178 4603 323 4663 hostiliter
338 4602 579 4678 insequebantur.
603 4603 808 4676 complacebat
823 4603 900 4660 enim
915 4604 944 4659 in

127 4692 180 4751 illie
192 4694 323 4760 munao,
340 4692 457 4766 quando
472 4709 521 4748 eos
537 4692 659 4748 decebat
682 4710 740 4749 non
762 4692 941 4765 delinquere.

128 4782 235 4858 iugens
249 4787 277 4838 ει
292 4781 483 4839 contristatus
496 4786 524 4838 et
538 4780 712 4838 humiliatus
727 4781 859 4839 Christus
869 4787 941 4850 erat,

129 4872 191 4944 qiua
202 4871 232 4929 iu
249 4872 363 4928 eunetis
377 4870 573 4944 iudeis,quos
589 4872 622 4926 ut
636 4871 740 4927 iratres
755 4876 784 4927 ct
795 4871 943 4944 proximos

127 4959 229 5027 dilexit,
244 4961 334 5021 iidem
351 4959 480 5016 invenire
496 4976 554 5017 non
570 4960 675 5033 potuit.

130 5050 159 5104 18
190 5051 223 5106 Et
234 5050 379 5106 aduersum
392 5065 436 5106 nne
450 5050 540 5106 imteti
553 5057 616 5104 sunt
630 5056 656 5105 ct
669 5059 849 5106 cerrocncraut
865 5066 872 5103 ε
919 5099 921 5104 .

192 5141 357 5211 Conprepetc
371 5146 435 5195 eunt
448 5154 530 5212 saper
544 5155 586 5195 mc
599 5139 709 5208 depelle
724 5147 748 5195 et
766 5140 900 5208 igriorem.

160 5227 294 5287 illmlati
309 5231 379 5284 sunt
395 5227 499 5294 iudei,
516 5229 633 5300 quande
649 5227 795 5284 Christ-um
816 5245 946 5302 compre-

1000 4608 1086 4664 eorde
1101 4624 1158 4661 non
1174 4605 1337 4679 gestabant.

996 4698 1032 4752 23
1069 4694 1283 4764 otroreinmmibi
1296 4693 1404 4767 puidam
1417 4695 1530 4765 paciticc
1545 4693 1725 4764 loquebantur
1741 4706 1747 4742 :

1068 4787 1100 4840 Er
1115 4786 1144 4839 in
1161 4784 1305 4840 iracundia
1322 4776 1366 4852 εχ·
1389 4791 1472 4839 terrea
1492 4783 1650 4852 :taqueum
1665 4779 1739 4833 dotes
1754 4777 1825 4846 cepi·

1107 4875 1179 4929 beat.

1034 4967 1059 5016 H
1075 4967 1094 5017 C
1109 4961 1230 5017 Pacifico
1240 4959 1437 5031 loquebantur
1448 4955 1578 5011 dicentes
1594 4951 1824 5025 :Magister,sci-

1002 5069 1068 5106 mus
1085 5051 1154 5122 quia
1168 5067 1253 5104 verax
1268 5065 1298 5102 es
1315 5047 1418 5114 (liattb.
1434 5043 1512 5115 xxu).
1530 5043 1551 5098 C
1568 5044 1601 5097 ut
1617 5041 1824 5110 iniracundia,

1003 5145 1035 5199 ut
1050 5138 1122 5194 illud
1136 5138 1270 5210 :Oportet
1285 5152 1376 5190 unum
1393 5150 1444 5207 pro
1458 5133 1596 5188 omnibus
1607 5131 1825 5204 mori(.¹ocn.x1),

1003 5230 1088 5302 quasi
1105 5228 1264 5283 invidentes
1280 5223 1330 5280 toti
1348 5222 1454 5297 populo
1471 5227 1562 5279 terrm.
1578 5223 1666 5279 Porro
1682 5221 1761 5277 enim
1778 5221 1827 5276 ali·
1866 5287 1870 5293 „

127 5316 293 5373 henderunt.
310 5316 523 5383 Converrerunt,
541 5322 573 5371 ut
586 5334 653 5371 cum
669 5316 882 5392 crucifigerent,
890 5336 947 5375 non
1003 5320 1071 5391 quis
1088 5317 1184 5374 dolum
1203 5313 1291 5386 loqui,
1309 5331 1375 5368 cuin
1393 5331 1450 5368 non
1467 5312 1574 5385 cogitat
1588 5311 1728 5378 occidere,
1745 5315 1778 5366 ut
1801 5309 1827 5367 si

128 5409 156 5460 ut
168 5405 328 5462 crederent.
346 5404 526 5479 Congrcgata
547 5410 616 5462 sunt
642 5405 763 5479 flagella,
781 5411 814 5462 ut
836 5406 947 5462 Pilatus
1002 5409 1070 5481 quis
1083 5403 1234 5479 pecuniam
1252 5402 1382 5475 proximo
1400 5407 1521 5457 conatur
1541 5401 1654 5456 auferre
1675 5405 1827 5472 propterea
1863 5462 1868 5467 ,

126 5495 212 5551 dixit:
229 5493 426 5575 Emendatum
442 5511 521 5560 eum,
542 5494 570 5549 id
586 5499 631 5550 est
645 5494 831 5569 flagellatam,
848 5496 947 5551 danit-

125 5591 182 5643 tam
196 5585 273 5656 (Luc.
290 5581 381 5654 aaut).
396 5583 432 5649 m
448 5582 588 5656 ignoravi,
602 5584 686 5640 idest
701 5602 759 5640 riou
775 5584 863 5640 babiti
880 5602 946 5640 con·

1002 5494 1157 5558 addiditin
1173 5492 1323 5548 iracundia
1341 5495 1472 5560 terreant
1487 5490 1572 5547 dolus
1587 5507 1688 5546 eorum
1703 5486 1826 5545 exitialis

1004 5586 1093 5642 tuisse
1109 5583 1263 5641 deleretur.
