3884 6084
107 286 174 353 'too

625 249 629 253 ’
726 280 937 345 axrosrmo
958 278 1215 361 esxuuoaoo.

1763 244 1823 345 rto

115 438 181 482 esse
195 420 342 479 videatur:
361 423 460 476 tamen
485 415 525 473 ibi
552 415 679 473 maxime
703 414 870 488 apponitur,
893 411 943 469 ubi
957 414 985 482 Α
999 411 1132 488 telligant
1146 431 1212 470 eum
1226 431 1290 472 esse
1314 414 1406 472 Deum
1434 416 1593 483 eredentes,
1617 420 1646 472 et
1666 433 1757 473 eausa
1778 433 1822 473 ae·

116 529 227 588 magna
241 508 435 568 exsultatione
450 508 604 582 gaudetur.

118 621 133 678 l
188 617 345 691 confitetor
366 617 452 684 3-ttti
473 620 482 684 ζ
505 617 628 681 Domine,
645 617 674 670 ia
690 619 744 671 toto
767 612 846 668 corde
867 628 944 668 mco:

189 708 222 765 la
231 708 350 764 mareilto
360 708 500 779 justorum
514 710 540 762 et
549 706 766 776 carnoreootioae.

153 798 372 856 GConlitentur
393 801 422 852 et
440 797 491 868 qui
515 799 634 868 pecc-ala
654 792 817 865 deplorant,
843 797 871 847 ct
895 792 945 864 qrri

121 887 235 944 christo
264 886 374 960 gratias
400 886 546 941 referunt:
576 883 626 939 sed
643 881 715 937 illud
744 882 773 935 in
796 879 945 952 lacrymis,

122 977 199 1036 istud
215 977 247 1031 in
261 975 429 1048 gaudiocst.
443 974 493 1030 llic
506 977 604 1029 autem
612 971 731 1044 profusa
741 970 841 1025 laetitio
850 969 946 1026 exsul-

123 1071 161 1124 tat
174 1064 306 1140 populus
321 1063 426 1130 fidelis,
443 1063 602 1136 quamdam
616 1060 777 1135 imaginem
792 1060 882 1115 futuri
891 1077 946 1115 sre-

124 1156 177 1214 ouli
194 1155 367 1227 designans,
382 1153 433 1209 ubi
449 1153 551 1208 laudes
567 1151 683 1207 Domini
708 1166 824 1222 semper
844 1150 947 1204 devota

125 1249 220 1302 ruente
234 1243 451 1307 concelebrant,
468 1241 518 1297 ubi
533 1245 561 1295 et
573 1239 768 1296 verbaetistre
782 1254 866 1294 rocas
881 1254 948 1293 con-

124 1335 210 1391 tiouae
226 1337 307 1389 sunt.
323 1330 484 1387 Consilium
494 1332 643 1403 justorum
659 1332 713 1394 est,
736 1331 759 1383 A
775 1327 853 1400 quod
871 1327 947 1399 justi

127 1422 292 1480 consulunt.
307 1420 384 1476 lusti
400 1418 672 1486 autemcousulunt,
684 1416 949 1478 Doumlaudare.et

126 1511 161 1569 illi
176 1511 289 1569 sarrire
303 1526 355 1583 pro
370 1508 586 1574 eternisbonis,
599 1507 775 1579 laudatergo
790 1509 818 1562 et
832 1504 922 1562 contlt
938 1536 949 1547 ·

127 1604 169 1657 tur
181 1600 214 1655 in
230 1597 356 1656 concilio
367 1598 528 1670 justorum,
552 1597 602 1669 qui
620 1613 676 1652 non
701 1600 818 1662 temere,
844 1595 895 1650 sed
914 1612 949 1651 cx

128 1689 234 1745 ratione
250 1692 281 1743 ot
294 1686 500 1744 deliberatione
516 1689 626 1754 sancta,
642 1684 820 1757 prosternis
837 1684 946 1746 laudat.

999 502 1110 576 quitur.

998 594 1016 648 6
1073 595 1105 651 Dt
1119 593 1163 650 det
1177 595 1235 649 illis
1250 595 1434 652 lerrcditotem
1449 599 1589 665 aeneam:

1072 687 1161 756 Opera
1178 701 1310 740 rnorraam
1325 687 1382 757 ejus
1399 688 1496 743 ueritas
1511 695 1536 742 ct
1542 687 1690 759 judiciam.

1036 773 1056 828 C
1073 774 1157 828 Dedit
1171 778 1268 830 autom
1284 775 1337 841 eis,
1353 774 1380 829 ld
1395 780 1440 831 ost
1451 775 1558 848 populo
1574 775 1749 846 Christiano,
1762 778 1824 834 ha-

1001 863 1153 919 reditotcm
1167 863 1312 936 gentium:
1335 865 1451 937 quando
1476 864 1634 921 Ecclesiam
1651 867 1686 921 de
1710 866 1823 923 cunctis

1000 951 1169 1008 nationibus
1184 952 1255 1008 rivis
1270 952 1418 1026 lapidibus
1433 953 1592 1045 fabricarit.
1611 954 1690 1026 Opus
1701 955 1765 1026 ejus
1779 972 1825 1012 re·

1001 1041 1072 1097 ritus
1087 1045 1115 1096 ct
1126 1040 1288 1113 judicium3
1306 1041 1422 1109 veritas,
1440 1042 1516 1114 quod
1531 1041 1667 1098 fidelibus
1679 1043 1825 1114 promissa

1000 1129 1143 1197 restituil;
1156 1130 1313 1201 Jurlicium,
1330 1130 1405 1202 quod
1416 1129 1824 1205 impiisminaturluturaquae

1001 1218 1145 1274 debentur
1160 1218 1245 1275 malis
1262 1218 1415 1291 supplicia.

1001 1307 1019 1361 7
1072 1308 1176 1364 Fr'rtelio
1195 1311 1288 1363 omnio
1311 1307 1440 1364 ronrrdoto
1455 1309 1522 1380 ejas.
1544 1310 1711 1380 Gorrfimooto
1726 1312 1756 1365 io
1770 1326 1825 1368 ικ-

1108 1398 1201 1453 coliem
1213 1398 1320 1454 secoli.

1073 1490 1154 1542 Facto
1170 1488 1324 1543 inveritate
1337 1496 1362 1543 et
1377 1489 1516 1560 monitate.

1037 1577 1058 1632 C
1074 1574 1183 1632 tidelia
1196 1576 1261 1648 ejus
1277 1575 1827 1650 mandatasuntquonlamnullomcn·

1002 1665 1084 1721 dacio
1099 1666 1177 1722 dicta
1191 1665 1351 1735 variantur,
1368 1667 1418 1722 sed
1433 1668 1556 1727 Drniitcr
1571 1685 1624 1724 nos
1646 1669 1826 1737 custodiunt,

129 1779 198 1836 ,ima
208 1793 314 1833 omncs
325 1776 400 1848 jusri
414 1774 535 1857 faciunt,
551 1773 743 1848 Congregaffio
755 1790 837 1829 vers„
850 1777 949 1829 estes).
964 1789 987 1854 B
1002 1773 1069 1812 curn
1085 1773 1119 1812 ea
1134 1757 1281 1813 custodire
1297 1762 1345 1812 Dor
1366 1756 1474 1813 auxilio
1500 1758 1685 1815 festinamus.
1712 1759 1827 1816 Conllr·

130 1884 193 1924 rona
208 1868 297 1922 beata
312 1865 347 1921 do
362 1863 485 1921 divorsis
498 1863 632 1937 partibus
646 1863 748 1918 mundi
762 1863 898 1918 adunata.

130 1975 143 2027 t
192 1978 301 2045 Momm
315 1973 540 2044 opero-Domini:

190 2064 340 2135 Exquisite
351 2063 378 2116 io
390 2077 482 2117 omncs
498 2061 646 2117 oolrrototes
661 2061 730 2130 ejas.

155 2152 308 2225 HMagna
322 2166 409 2223 opera
433 2149 563 2206 Domini:
590 2153 683 2205 rectos
705 2149 784 2214 dicit,
811 2150 861 2221 qul
883 2153 950 2204 ante

126 2246 291 2315 peccatores
302 2242 394 2295 erant.
406 2238 427 2293 C
442 2239 516 2305 Quid
528 2238 850 2311 enimmognificentius
860 2254 950 2310 quam

123 2331 156 2388 da
170 2331 266 2403 impio
280 2329 374 2384 lacere
385 2329 513 2399 justum,
530 2328 565 2384 do
576 2327 658 2383 boote
668 2325 950 2399 lilium‘lllxquisita.

122 2418 149 2477 id
165 2424 215 2475 est
228 2416 420 2491 singulariter
435 2420 545 2484 exacta,
565 2416 611 2471 cui
636 2414 732 2472 simile
756 2413 829 2470 nihil
854 2419 952 2487 potest

117 2507 256 2583 reperiri.
273 2505 348 2563 Sinit
363 2507 440 2562 enim
456 2511 485 2562 et
500 2504 651 2561 diabolum
667 2505 778 2571 sarire,
796 2508 828 2559 ut
850 2503 949 2559 oxini-

117 2598 237 2671 quitate
251 2595 342 2659 illius,
359 2594 547 2651 fidelissimos
563 2594 618 2650 sibi
634 2610 732 2650 servos
753 2592 891 2648 inveniat.
910 2594 953 2648 lta

114 2690 152 2743 et
166 2687 198 2743 in
212 2685 353 2741 omnibus
369 2684 401 2739 ot
416 2683 577 2740 secundum
594 2698 696 2738 omnes
711 2681 876 2738 voluntates
888 2681 953 2752 ejus

115 2774 369 2849 exquisitissime.
386 2773 462 2828 utin
478 2772 603 2846 singulis
617 2770 955 2843 velmeliusetiamoogi-

116 2864 185 2921 tari
197 2862 309 2936 aliquid
324 2879 382 2918 non
399 2861 501 2935 possit.

118 2968 147 3027 3
202 2969 339 3042 Confessio
353 2976 378 3025 et
391 2969 598 3040 moonificmtio
611 2984 677 3040 opos
691 2970 750 3040 ejas
770 2971 777 3036 ζ
800 3009 807 3021 .

202 3060 233 3117 lit
242 3058 355 3133 justitio
369 3058 427 3130 ojus
443 3059 574 3113 menotio
590 3057 723 3115 sarmatam
746 3057 890 3125 ζ-ιιιῑέιιίῑε

1003 1850 1092 1913 mata,
1110 1845 1203 1902 nescit
1217 1845 1295 1902 enim
1311 1863 1408 1902 serino
1420 1846 1557 1914 titubare,
1575 1862 1663 1919 quom
1678 1848 1828 1905 veritaslo-

1003 1934 1112 2008 quitur.
1129 1936 1215 1991 Facta
1225 1935 1297 1991 dixit
1312 1952 1376 1991 esse
1391 1936 1421 1990 in
1437 1936 1566 2002 veritate,
1583 1937 1652 2009 quia
1666 1936 1828 1994 dietoeom·

1003 2023 1131 2096 plentur,
1147 2028 1176 2080 ct
1187 2024 1333 2096 equitate,
1343 2024 1481 2098 quonlam
1493 2025 1751 2097 ponderejustitiae
1759 2043 1828 2098 pro-

1004 2114 1152 2181 teruntur,
1170 2113 1278 2169 babent
1292 2115 1371 2169 enim
1387 2113 1634 2170 omniamandata
1648 2116 1747 2187 ejuset
1758 2116 1829 2171 veri-

1004 2207 1093 2259 tatem
1109 2208 1137 2259 et
1147 2203 1312 2275 equitatem
1325 2203 1458 2275 justitia.

1004 2293 1021 2345 8
1077 2285 1295 2364 meanptioaem
1310 2294 1386 2349 arisit
1396 2294 1525 2349 Dominus
1537 2293 1637 2364 popolo
1654 2308 1712 2349 sao.

1076 2382 1214 2438 lluttdom't
1229 2384 1257 2437 io
1273 2390 1408 2439 aeternam
1423 2386 1613 2438 testamentum
1626 2400 1717 2438 saum.

1041 2475 1061 2526 C
1075 2471 1154 2527 lllisit
1168 2472 1246 2527 enim
1263 2471 1369 2527 Filium
1381 2471 1467 2528 Pater
1475 2471 1512 2527 ad
1524 2472 1727 2528 redimendum
1737 2489 1831 2545 genus

1006 2560 1181 2617 humanum.
1194 2560 1376 2616 Mandavitin
1388 2564 1539 2629 aeternum,
1549 2561 1830 2628 nrandaraoirimus,

1007 2648 1180 2706 absentibus
1195 2649 1282 2705 verbu
1296 2667 1347 2721 per
1370 2649 1483 2706 medias
1507 2650 1654 2706 destinare
1679 2666 1830 2722 personas.

1007 2739 1089 2804 Quod
1107 2738 1215 2794 iactum
1230 2742 1357 2806 constat,
1373 2740 1490 2811 quando
1501 2741 1712 2794 testamentum
1723 2754 1830 2794 novum

1009 2844 1060 2901 per
1075 2826 1223 2900 apostolos
1238 2827 1442 2883 transmisitad
1451 2832 1563 2899 gentos,
1580 2826 1834 2900 utusqueinater·

1010 2934 1081 2973 num
1098 2916 1341 2972 asuocessoribus
1357 2916 1832 2988 praedicaretur;nonenimeisuc-

1009 3004 1832 3063 ccditaliudtestamentumsicutvotcrinovumsuceessit.

1010 3095 1112 3152 Merito
1127 3111 1195 3167 ergo
1210 3097 1350 3149 aternum
1366 3092 1481 3157 dieitur,
1499 3094 1576 3165 quod
1594 3092 1674 3149 nullo
1689 3092 1746 3149 alio
1760 3092 1835 3148 indi-

169 3146 360 3216 econtessm,
377 3145 405 3200 id
421 3150 475 3207 est.
491 3143 688 3219 lausetgloria
704 3145 991 3225 almagnifieentiac
1011 3201 1078 3258 gere
1094 3183 1289 3256 cognoscitur·

124 3248 206 3308 opus
218 3237 292 3309 ejus.
310 3234 482 3292 Laudabilia
496 3235 573 3290 enim
596 3238 666 3290 suut
688 3234 771 3290 valde
787 3239 816 3291 et
839 3234 953 3302 decora,

126 3338 197 3395 qua
209 3323 352 3381 Dominus
366 3321 442 3379 lecit.
458 3322 577 3377 Jusliliu
589 3324 654 3395 ejus
666 3327 764 3378 manet
779 3322 955 3379 insaeculum

129 3411 239 3467 seculi.
256 3428 323 3467 cum
338 3411 540 3484 peccatoribus
554 3410 640 3467 dicit:
656 3412 696 3468 lto
712 3411 739 3466 in
756 3410 854 3483 ignem
870 3415 955 3466 aeter-

131 3514 205 3556 num
227 3499 330 3574 (llottt.
356 3502 437 3571 xxv),·
462 3500 506 3556 rel
530 3501 647 3573 qnando
672 3500 772 3556 lidoles
795 3499 952 3556 vocaverit:

131 3588 503 3663 Vanite.benedicti(lbirt.);
519 3590 560 3646 sic
571 3589 601 3644 in
613 3587 955 3662 utraqueparte,justitla

136 3674 190 3733 bo
200 3683 336 3751 perpetua
346 3682 375 3734 et
387 3678 638 3735 incommutabilis
655 3681 828 3751 perseverat.

138 3780 162 3835 ἦ
205 3785 359 3842 lienteriam
372 3786 437 3857 fecit
451 3786 625 3840 mirabilium
636 3802 749 3841 suoram
759 3787 914 3841 oriserlcors
929 3793 955 3841 et

237 3872 381 3931 miserator
390 3875 538 3930 Dominae:

207 3964 296 4020 Deam
309 3962 383 4021 dedit
393 3963 552 4020 torrentibus
567 3980 605 4018 se.

182 4046 337 4109 llemoriam
352 4050 816 4129 ergosecitmirabilium,quando
828 4052 954 4126 plurima

141 4144 210 4194 nora
221 4139 366 4197 mirabilia
379 4144 408 4195 et
422 4139 564 4197 inusitata
579 4140 763 4196 monstravit.
775 4141 952 4210 Misericors,

141 4225 266 4285 ”ituram
280 4230 346 4302 ejus
362 4228 478 4302 pietatis
494 4229 636 4297 ostendit;
654 4227 818 4297 miserator,
844 4247 911 4286 eum
925 4230 953 4286 in

141 4306 254 4373 &antu
270 4334 324 4374 suo
339 4317 469 4375 humano
477 4318 576 4392 generi
590 4317 672 4391 larga
687 4319 792 4390 pietate
807 4319 952 4388 subvenit;

141 4388 214 4460 dedit
226 4423 333 4475 eseam,
350 4405 449 4463 eibum
466 4407 568 4480 utique
584 4405 758 4479 spiritalem,
784 4408 851 4480 quis
874 4409 953 4464 enirn

1008 3273 1027 3328 9
1080 3274 1208 3329 Sanctam
1223 3281 1250 3328 rt
1264 3274 1388 3328 terribile
1401 3288 1501 3329 ammo
1514 3273 1583 3345 ejas.

1080 3363 1194 3419 initiam
1207 3363 1353 3434 sapientise
1367 3365 1450 3418 tiator
1463 3363 1583 3418 Domini.

1045 3452 1065 3507 C
1079 3455 1344 3516 Sanctum,non1en
1356 3451 1524 3524 pertinetod
1535 3451 1765 3508 incarnationem
1776 3452 1832 3509 sio-

1010 3543 1042 3594 ut
1057 3538 1112 3594 ait:
1128 3538 1384 3595 Custodianimom
1391 3537 1632 3611 meamquoniam
1642 3543 1834 3597 sanctussum

1009 3627 1094 3700 (Psul.
1112 3626 1223 3696 cxxxv).
1239 3625 1390 3692 'terribile
1408 3627 1443 3682 ad
1454 3627 1698 3700 omnipotentiam
1706 3627 1833 3685 deitatis.

1009 3715 1074 3772 Haeo
1089 3715 1147 3771 duo
1163 3715 1320 3787 conjuncta
1332 3718 1412 3782 sunt,
1426 3733 1462 3771 ne
1479 3732 1532 3771 nos
1545 3714 1683 3773 autsolus
1696 3733 1778 3773 amor
1788 3734 1834 3774 ne·

1008 3804 1152 3878 gligentes
1159 3805 1270 3872 reddat,
1278 3807 1434 3861 auttantus
1440 3805 1528 3861 timor
1540 3804 1832 3877 desperatoselfieiat.

1008 3892 1082 3961 Quid
1099 3909 1165 3949 vero
1181 3894 1219 3949 sit
1242 3892 1330 3948 timor
1351 3892 1488 3961 ostendit,
1513 3893 1625 3951 seilicet
1648 3893 1767 3950 initium
1783 3911 1832 3950 sa·

1009 3982 1135 4054 pientiae.

1009 4072 1043 4126 10
1079 4070 1234 4126 lotetleetas
1249 4071 1333 4125 bonas
1347 4072 1473 4127 omnibus
1487 4071 1653 4142 facientibus
1667 4087 1744 4126 eom:

1079 4158 1214 4214 Laudatio
1228 4158 1287 4229 ejas
1300 4163 1393 4215 monet
1407 4160 1437 4212 io
1451 4160 1583 4214 secatam
1603 4159 1732 4225 &accoli
1750 4164 1759 4226 ζ
1781 4201 1787 4213 .

1043 4250 1136 4305 Glste
1151 4264 1219 4320 ergo
1232 4245 1397 4303 intellectus
1412 4247 1518 4316 bonus,
1534 4246 1562 4304 id
1579 4251 1633 4317 est,
1649 4265 1734 4304 verus
1748 4252 1776 4304 et
1786 4265 1834 4304 sa-

1007 4336 1121 4405 lutaris,
1138 4336 1188 4409 qui
1204 4335 1233 4390 in
1249 4334 1353 4390 timore
1378 4335 1494 4392 Domini
1518 4336 1660 4409 probatur
1681 4337 1831 4404 intentus;

1009 4426 1089 4483 utilis
1106 4431 1191 4500 atque
1207 4426 1376 4481 lruetuosus
1391 4430 1445 4493 est,
1461 4428 1601 4499 quoniam
1617 4427 1685 4483 iude
1701 4428 1832 4484 nascitur

140 4488 228 4632 ἵζω
239 4511 426 4551 ⁰⁰mml¹¹¹0¹¹²
441 4499 523 4594 pulei
539 4494 676 4595 fidflffiiuss
691 4496 726 4552 id
738 4497 890 4596 premium
907 4498 956 4597 ‘¹⁸2²'
970 4525 993 4591 D
1009 4516 1086 4589 quod
1103 4515 1139 4570 arl
1167 4530 1324 4587 perennem
1350 4515 1474 4587 gloriani
1499 4517 1656 4588 perducere
1682 4517 1831 4590 probatur.

197 4623 204 4649 ι
219 4600 282 4656 (lllffl
297 4587 326 4640 θῑ
338 4584 541 4656 P0⁰⁰⁸i0l¹bl¹³
556 4601 666 4658 Daisun
677 4585 954 4660 ⁰⁰8¹1⁰S⁰¹il¹ll⁸stl¹·
1010 4605 1150 4661 Laudatio
1166 4604 1229 4675 ejus
1244 4604 1333 4677 digna
1345 4608 1399 4673 est,
1416 4604 1833 4678 quiapeecatoresliberatbic‚

136 4642 225 4726 buta?
239 4671 262 4728 H
275 4672 378 4729 Escam
394 4689 462 4746 ergo
477 4672 566 4741 dedit,
587 4672 615 4727 id
642 4676 696 4741 est,
721 4691 827 4747 panem
851 4676 902 4748 qui
918 4676 953 4732 de

141 4748 377 4818 elblodesoeodit.

140 4837 159 4896 ⁵
202 4872 307 4926 tleoaor
320 4870 375 4924 erit
389 4870 419 4924 m
430 4869 564 4927 recolam
578 4871 731 4926 testamenti
744 4873 804 4926 sui:

204 4956 331 5015 Virtutem
346 4972 458 5030 operum
473 4973 586 5013 suorum
599 4960 778 5016 annuntiabit
792 4961 952 5033 populosae.

82 5076 97 5095 -
175 5038 231 5102 Cla
247 5045 400 5114 seculum
415 5046 607 5103 eternitatem
619 5047 774 5121 signifieat,
784 5048 853 5122 quia
868 5050 956 5106 verba

151 5114 366 5220 hjitattientiaui,
383 5134 566 5193 solidissima
588 5135 708 5192 veritate
731 5138 868 5206 custodit,
886 5140 956 5212 quia

154 5218 209 5306 Dect
227 5224 256 5280 in
271 5223 369 5281 Veteri
386 5225 573 5281 Testamenta
584 5223 718 5282 Christus
730 5228 954 5299 promissusost,

155 5302 216 5368 taio
229 5314 309 5370 Novo
321 5313 413 5382 vonit,
422 5313 955 5389 Virtusoperumluitquaminlivan-

154 5395 206 5463 itlio
218 5402 305 5460 dicit:
321 5402 394 5459 Caci
411 5402 518 5472 vident,
529 5403 956 5477 surdiaudiunt‚leprosimun·

153 5480 245 5560 tatur,
261 5492 373 5548 mortui
389 5494 665 5567 resurguntlldottt.
681 5497 732 5563 ιι).
754 5493 837 5551 lllam
863 5495 956 5552 virtu·

82 5654 86 5665 Ι
149 5575 189 5637 lom
202 5580 389 5641 annuntiavit
404 5581 512 5657 populo
525 5599 578 5641 auo
590 5582 765 5651 Christiano,
780 5588 812 5640 ut
823 5601 858 5642 ex
872 5586 957 5642 eain-

1006 4697 1036 4752 et
1049 4693 1079 4750 in
1094 4694 1192 4749 lutura
1207 4701 1326 4750 coronat
1336 4711 1343 4761 ;
1355 4683 1484 4751 laudatio
1498 4712 1565 4751 vero
1581 4696 1709 4767 eJ‘usnon
1720 4692 1830 4748 claudi-

1007 4786 1056 4839 tur
1067 4781 1337 4854 termino,quianec
1354 4781 1833 4854 linembaberepotestbeneficium

1008 4872 1120 4928 datum.
1139 4872 1158 4926 ll
1173 4872 1194 4927 C
1208 4870 1309 4926 Marito
1325 4887 1393 4944 ergo
1409 4871 1439 4926 in
1455 4871 1540 4927 titulo
1555 4868 1674 4926 alleluia
1689 4869 1833 4942 scriptum
1931 4924 1933 4929 .

1008 4964 1063 5028 est,
1079 4960 1150 5032 quia
1163 4963 1192 5015 et
1206 4957 1323 5014 laudem
1332 4959 1380 5014 Dei
1395 4958 1596 5026 iecitinitium,
1606 4956 1833 5032 ctinejuslaude

1009 5048 1110 5105 linitus
1127 5051 1171 5104 ost
1185 5047 1330 5120 psalmus,

1258 5153 1360 5193 onemo
1378 5153 1413 5191 ax
1438 5152 1516 5193 esau.
1538 5153 1583 5192 cx.

1045 5227 1218 5283 Sanctorum
1246 5225 1380 5282 omnium
1405 5224 1532 5299 gloriosa
1556 5225 1709 5293 consessio,
1738 5227 1833 5283 tribue

1010 5315 1094 5372 nobis
1118 5314 1253 5370 timorem
1284 5314 1412 5370 nonrinis
1441 5315 1483 5370 tui
1514 5315 1603 5388 (quod
1626 5332 1690 5372 esse
1715 5314 1833 5371 initium

1010 5403 1158 5478 sapientiae
1185 5402 1364 5475 praedixisti),
1388 5407 1420 5459 ut
1448 5407 1566 5460 tuorum
1591 5404 1710 5461 admisti
1735 5405 1832 5460 eonci-

1010 5494 1068 5561 liis,
1096 5491 1300 5549 misericordiae
1328 5496 1383 5548 ture
1416 5493 1541 5568 dapibus
1571 5493 1750 5566 saginemur,
1779 5493 1833 5549 Per

1010 5582 1168 5641 Dominum
1183 5585 1317 5639 nostrum
1329 5582 1441 5656 desum,
1458 5588 1513 5641 otc.
