3884 6084
61 243 140 303 1257

60 374 97 432 Ut
112 375 136 431 si
154 374 261 431 charus
276 374 344 431 item
359 391 409 432 rex
424 376 500 432 idcm
515 377 609 450 gratia
624 378 737 435 suadet.

59 463 165 537 Legem
180 465 298 537 scripsit
313 465 411 531 homo,
429 465 581 522 descondit
594 467 687 540 gratia
702 464 773 522 coelo
790 481 796 520 ι

60 553 117 609 Lex
132 554 256 609 seravire
272 555 365 620 docet,
382 554 527 609 dominari
542 556 636 628 gratia
651 557 814 619 monstrat;

60 642 117 697 Lex
133 642 350 709 condemnabit,
366 643 415 698 sed
434 643 529 714 gratia
543 642 724 714 justificabit.

59 730 119 786 Hoc
134 730 268 797 dicende,
286 731 392 786 bonam
408 748 528 803 prorsus
544 749 602 787 non
618 731 727 804 denego
743 729 857 803 legem;

59 819 116 875 Sed
132 818 258 874 laudans
274 820 400 886 veniam,
416 822 589 875 commendo
605 820 723 893 regibus
740 818 831 875 illam.

59 908 123 964 Non
139 907 210 963 sotis
226 925 284 963 unu
299 907 383 976 valet,
400 909 424 964 si
441 926 499 964 non
516 913 615 964 uianet
630 908 721 965 altera
734 925 844 964 secum.

58 996 217 1068 Frangitur
231 995 302 1062 hae,
321 996 423 1065 lortis3
439 996 637 1052 contemnitur
652 997 753 1066 altera,
770 995 867 1052 mollis

59 1085 111 1141 Est
126 1086 202 1140 bona
216 1084 382 1157 temperies,
399 1102 488 1158 qnam
504 1085 549 1141 lex
563 1090 591 1141 et
605 1087 700 1160 gratia
714 1089 840 1142 miscent

59 1174 108 1230 Ha
125 1174 149 1230 si
166 1174 339 1245 conjuncta,
356 1174 539 1247 generabunt
553 1175 632 1247 pacis
648 1191 788 1230 amorem.

59 1262 123 1319 Non
139 1262 226 1318 laudo
242 1263 367 1334 pondus,
384 1263 461 1334 quod
478 1278 564 1326 nemo
576 1261 650 1318 ferre
663 1261 780 1317 valebit.

61 1351 179 1407 Viribus
193 1349 333 1423 inspectis
350 1351 483 1407 onerabit
497 1351 592 1424 gratia
605 1349 715 1422 lapsos.

59 1441 120 1497 Rex
137 1440 278 1495 Dominus
293 1439 368 1507 cmii,
385 1440 562 1507 miserando,
575 1437 733 1511 judiciales

58 1530 248 1586 abscondens
264 1546 376 1601 peenas.
392 1545 547 1584 conversos
563 1529 689 1601 protegit
703 1527 812 1583 hostes.

58 1619 97 1692 (9)
115 1619 197 1675 Hunc
214 1617 481 1690 imitare,pet0,'pie
492 1635 540 1673 rex
553 1617 696 1693 Heinrico‚
712 1617 884 1684 Tonantem,

58 1709 113 1773 Oui
131 1707 238 1765 misero
252 1707 355 1781 parcit,
371 1708 518 1780 parcendo
533 1705 655 1762 crimine
670 1705 764 1779 punit,

603 240 876 306 PANEGYlllCUS
900 238 1058 302 HllNlllCl
1080 241 1122 303 lll
1146 240 1228 304 lMP.

1690 249 1768 312 lata

901 372 1056 448 APcsquc
1073 375 1176 448 pedem
1192 376 1313 444 reddot;
1331 377 1431 433 manui
1447 393 1553 435 manus
1568 376 1659 436 altera
1672 381 1766 452 cedat3

940 462 1068 519 Vulnera
1081 463 1253 521 vulneribus
1269 482 1441 539 responsum
1458 467 1579 525 reddere
1592 473 1711 527 certant.

941 552 994 616 Qui
1012 552 1173 609 detestatur
1188 554 1344 627 genitores,
1360 555 1408 612 hic
1422 554 1583 624 moriatur;

940 640 993 706 Qui
1011 640 1122 696 furtum
1140 642 1234 711 faciet,
1251 643 1315 699 sine
1329 661 1415 717 poena
1430 661 1488 700 uon
1505 645 1685 710 remanebit:

940 729 1767 804 Quinquebovesnnumredimautcumlrauderemotum3

940 819 994 885 Qui
1011 819 1125 875 iuratur
1139 836 1232 887 ovem,
1250 821 1352 877 reddat
1367 838 1434 878 cum
1448 826 1576 896 quatuor
1590 839 1700 893 unam3

940 907 969 964 Si
987 907 1141 964 maledicet
1155 908 1254 979 homo,
1268 910 1411 966 moriatur
1425 927 1478 983 pro
1493 909 1651 969 maledicto

940 996 968 1053 Si
985 997 1029 1052 lex
1044 998 1200 1054 verborum
1215 1003 1411 1072 contorquens
1426 999 1484 1056 tela
1498 1017 1630 1069 suorum,

939 1086 1079 1142 Terrebat
1093 1084 1201 1158 piures,
1219 1091 1247 1142 et
1261 1087 1415 1160 desperaro
1427 1088 1530 1163 coegit,

939 1173 1091 1231 Clamabat
1104 1174 1230 1247 populus
1245 1176 1300 1231 sub
1315 1180 1396 1232 tanto
1412 1177 1543 1250 pondere
1558 1194 1690 1250 pressus,

939 1263 1123 1320 vociferabat
1137 1263 1225 1320 homo
1241 1264 1337 1321 lessus
1354 1264 1525 1339 religamine
1539 1266 1623 1334 duro,

939 1352 999 1408 Hoc
1014 1370 1070 1408 non
1088 1369 1174 1426 posse
1190 1354 1259 1426 pati,
1277 1353 1337 1410 fore
1351 1358 1468 1428 tempus
1479 1355 1543 1427 jam
1559 1354 1730 1412 miserendi.

938 1440 1055 1496 Audiuit
1065 1441 1207 1498 Dominus
1223 1441 1394 1512 clamantes,
1411 1447 1440 1499 et
1454 1442 1630 1500 miserorum

939 1530 1100 1603 Respondit
1115 1530 1244 1603 gemitus
1259 1529 1345 1588 solite
1360 1532 1468 1605 pietate
1482 1536 1604 1589 creator.

938 1617 1025 1674 Venit
1039 1619 1068 1674 in
1082 1618 1161 1675 hunc
1177 1621 1322 1676 mundum
1337 1617 1434 1676 carnis
1448 1619 1562 1678 velatus
1577 1620 1607 1676 in
1622 1621 1738 1695 umbra,

900 1740 924 1805 B
939 1706 1065 1763 Humani
1080 1709 1195 1780 generis
1206 1709 1351 1774 ,formator
1365 1713 1395 1766 et
1409 1711 1472 1782 ipse
1484 1710 1661 1784 redemptor.

58 1798 107 1854 Sic
123 1799 281 1868 utrumque
296 1797 406 1852 bonum
423 1796 524 1852 doceat
536 1811 658 1867 regnare
674 1798 841 1867 patronum,
941 1797 1003 1853 Non
1021 1796 1128 1871 repulit
1143 1796 1247 1871 legem,
1265 1799 1315 1854 sed
1327 1799 1444 1869 justum
1460 1799 1535 1855 dans
1550 1800 1751 1871 moderamen,

57 1888 112 1943 Per
125 1903 211 1959 quem
229 1885 275 1941 lex
290 1884 385 1950 ierint,
403 1901 460 1954 quo
476 1884 568 1955 legem
585 1883 680 1957 gratia
696 1887 789 1938 sanet.

58 1975 128 2043 Hoc,
144 1974 318 2040 venerande,
332 1973 385 2028 tibi
400 1971 564 2045 praedixerit
581 1973 651 2026 ordo
667 1970 812 2035 sacrandi,

58 2065 132 2121 Cum
149 2063 253 2138 presul
270 2061 401 2135 gladium
417 2060 538 2117 lemoris
553 2059 694 2133 vertigine
707 2059 808 2132 cingit,

58 2155 135 2211 Dum
152 2170 200 2208 rex
215 2152 308 2208 iratus
323 2151 413 2206 fueris
428 2150 594 2206 miserando
610 2149 736 2220 quiesce.

59 2247 138 2299 Dura
153 2242 286 2298 foventur
300 2240 396 2312 aquis,
413 2239 571 2295 durescant
585 2238 662 2293 lcnia
679 2237 805 2292 flammis
818 2256 824 2306 ;

58 2333 247 2403 Alternntque
260 2330 337 2387 vices
353 2330 508 2385 moderatae
519 2329 571 2400 jus
585 2327 718 2383 rationis.

58 2422 132 2478 llinc
148 2422 269 2476 adumns
284 2419 377 2474 durus
392 2416 520 2474 solvetur
530 2416 671 2489 sanguine
687 2415 767 2470 molli
782 2433 789 2480 ·,

59 2511 230 2568 Conseritur
243 2509 352 2564 vitrum
368 2506 473 2563 melius
489 2523 540 2578 per
554 2504 671 2561 vincula
685 2504 797 2578 plumbi
815 2521 821 2560 :

60 2602 181 2657 Ferrum
197 2614 265 2654 cum
279 2595 350 2652 limo
366 2612 464 2652 massa
480 2595 600 2651 cadente
617 2593 762 2664 liquescit.

59 2689 94 2745 at
109 2691 214 2744 natura
224 2686 309 2758 jubet
323 2683 432 2740 mutari
448 2683 544 2740 tristia
559 2682 676 2738 blandis
693 2701 699 2738 ε

61 2779 128 2836 Post
142 2777 269 2844 acidum,
286 2772 400 2830 dulcem
418 2776 536 2846 prestat
551 2777 670 2845 gustare
684 2788 829 2845 saporem,

60 2867 129 2923 Post
145 2863 254 2931 dulces,
270 2862 370 2919 acidos
385 2863 491 2917 iterum
507 2860 684 2916 contundere
700 2865 804 2934 gustus

58 2957 123 3013 Non
138 2955 200 3011 hac
214 2957 368 3027 propteroa
382 2951 448 3021 tibi,
465 2967 524 3019 rex,
541 2967 660 3005 narrare
676 2949 785 3021 paravi,

59 3046 97 3102 Ut
111 3049 140 3101 le
155 3043 326 3100 clementem
342 3039 494 3097 dominum
510 3038 650 3112 regnique
662 3043 812 3111 parentem

940 1886 980 1941 Ne
996 1890 1157 1942 moreretur
1171 1887 1270 1953 homo,
1286 1887 1401 1944 veniam
1413 1904 1480 1943 cum
1497 1886 1560 1961 lege
1573 1888 1678 1945 locavit
1692 1907 1699 1958 ;

940 1974 977 2031 Ut
992 1992 1060 2030 eum
1071 1975 1117 2031 lex
1132 1981 1256 2032 mortem
1274 1977 1436 2050 promittat,
1451 1977 1546 2051 gratia
1560 1977 1650 2035 vitam
1667 1994 1675 2035 s

940 2064 1038 2137 Erigat
1053 2062 1108 2120 bac
1119 2064 1258 2132 humiles,
1274 2069 1307 2120 ut
1322 2064 1445 2138 dissipet
1456 2064 1507 2120 illa
1522 2064 1646 2123 rebelles

939 2152 1101 2208 Conversus
1118 2153 1230 2209 veniam
1240 2154 1332 2225 judex
1346 2170 1404 2209 uon
1420 2153 1545 2227 abneget
1559 2153 1650 2210 ullus.

939 2241 986 2298 Sic
1001 2242 1078 2297 Deus
1092 2241 1277 2314 omnipotens
1292 2259 1344 2315 per
1357 2246 1438 2298 vates
1453 2242 1567 2298 dixerat
1581 2242 1651 2299 olim
1668 2262 1675 2300 :

939 2328 1010 2384 Nolo
1027 2330 1174 2402 peccantis
1190 2333 1325 2398 mortem,
1342 2345 1395 2386 nec
1408 2330 1522 2404 gaudeo
1537 2346 1620 2403 pena
1636 2348 1643 2386 :

938 2422 1138 2485 convertatur,
1154 2417 1205 2485 ait,
1222 2418 1309 2487 vivat,
1325 2418 1396 2474 mihi
1415 2418 1521 2476 serviat
1535 2419 1608 2492 ipse,

938 2510 1131 2562 conservatus
1147 2506 1246 2574 homo,
1263 2523 1351 2579 quem
1367 2507 1464 2580 prisca
1478 2507 1509 2563 in
1524 2509 1593 2565 sede
1607 2523 1727 2581 repono.

939 2595 1022 2651 Nunc
1038 2596 1114 2651 idern
1130 2594 1272 2651 Dominus
1285 2595 1404 2652 veniens
1420 2596 1449 2652 in
1465 2596 1595 2670 tegmine
1610 2598 1707 2655 carnis

940 2684 1039 2756 lnquit
1054 2701 1060 2738 :
1077 2683 1234 2756 Discipulis
1246 2684 1301 2739 hoc
1317 2684 1435 2750 maudo,
1452 2684 1566 2753 discite,
1583 2685 1697 2742 cunctis
1714 2702 1722 2741 τ

939 2771 1069 2828 Crimina
1081 2773 1252 2846 poeniteant,
1266 2777 1294 2828 et
1305 2772 1365 2829 vita
1379 2777 1496 2846 perpete
1507 2772 1614 2831 vivant.

938 2861 1094 2916 Peccatum
1110 2864 1219 2933 pereat,
1236 2864 1372 2932 peccator
1384 2861 1480 2917 vivere
1494 2861 1599 2918 discut.

939 2949 993 3014 Qui
1009 2965 1041 3005 se
1055 2950 1207 3017 convertit,
1222 2966 1280 3004 non
1296 2954 1342 3006 est
1357 2949 1403 3005 hic
1418 2949 1469 3023 qui
1486 2950 1541 3007 tuit
1556 2950 1639 3008 olim.

940 3039 1001 3094 Non
1018 3039 1113 3094 dicam
1129 3037 1177 3094 hic
1192 3039 1255 3094 vite
1269 3039 1339 3111 quid
1353 3039 1392 3095 sit
1406 3038 1562 3096 clementia
1574 3057 1660 3097 verax
1677 3058 1683 3096 :

60 3135 132 3201 Quis
148 3133 272 3196 dubitet,
289 3130 340 3186 sed
356 3145 405 3185 eos
421 3128 470 3200 qui
485 3132 599 3184 tantum
616 3126 677 3199 lege
692 3131 845 3182 moventur
899 3105 920 3172 c
940 3128 1021 3192 Quod
1038 3128 1129 3200 gratis
1144 3127 1262 3184 dabitur
1276 3127 1431 3184 clementia
1442 3128 1511 3200 jure
1523 3134 1654 3186 vocatur.

60 3223 210 3294 Castigare
224 3219 302 3286 libet,
319 3219 427 3291 quibus
440 3219 500 3274 hacc
518 3217 565 3290 pio
580 3217 717 3289 dogmata
732 3218 825 3273 trado.

96 3313 170 3369 Cum
186 3311 264 3366 Deus
279 3308 464 3380 omnipotens
475 3306 505 3361 in
522 3307 632 3362 mundo
648 3310 752 3361 cuncta
767 3307 885 3373 creavit,

60 3401 148 3459 Solus
163 3399 251 3456 bomo
261 3398 336 3454 liber
350 3396 478 3469 percepit
492 3397 568 3452 dona
583 3394 718 3451 creantis.

61 3492 127 3549 Mox
142 3489 307 3546 libertatem
323 3486 449 3560 primam
464 3502 537 3558 vaga
552 3502 636 3541 mens
651 3485 772 3540 vitiavit.

61 3582 217 3654 Creperunt
231 3576 330 3633 miseri
346 3577 422 3633 dono
438 3574 561 3630 rationis
575 3573 657 3629 abuti
670 3593 677 3642 ·,

61 3672 98 3728 et
112 3667 242 3743 potuisse
258 3665 378 3731 malum,
396 3663 483 3720 traxit
497 3667 613 3730 natura,
629 3680 680 3736 per
695 3680 793 3719 usum.

61 3762 135 3817 Ecce
151 3757 229 3814 Deus
244 3755 338 3828 legem
354 3752 559 3826 superaddidit
574 3751 628 3807 hoc
644 3753 862 3823 reprimentem,

61 3849 155 3921 Cujus
169 3849 370 3917 transgressor
385 3859 442 3898 uon
459 3841 625 3914 impunitus
641 3840 744 3907 abiret,

61 3941 103 3995 Ao
119 3951 233 4009 paenam
249 3935 383 3989 metuens
398 3931 497 3987 redeat
512 3946 647 4002 pervorsa
661 3927 797 3984 voluntas

61 4025 274 4095 iudiciumque
289 4021 391 4094 probet
404 4036 492 4092 quam
509 4018 548 4074 sit
562 4034 682 4091 peccare
696 4017 870 4091 malignum.

63 4116 114 4173 Sic
128 4096 271 4170 Dominus
285 4110 414 4166 clemens
429 4124 528 4165 servos
543 4123 676 4163 revocare
690 4105 813 4163 volebat.

63 4206 129 4262 Non
144 4200 213 4258 tulit
223 4199 296 4255 illud
311 4197 410 4265 homo,
427 4195 534 4268 poenali
549 4195 612 4268 lege
627 4199 773 4268 gravatus,

64 4295 102 4352 Ut
118 4308 170 4366 per
180 4289 339 4346 vindictam
354 4289 452 4360 posset
462 4301 645 4358 compescere
660 4283 777 4357 culpam
794 4301 801 4351 ;

63 4384 102 4440 Et
117 4379 240 4437 mortale
251 4379 358 4451 jugum
374 4376 443 4432 lasa
458 4375 568 4431 cervice
583 4373 708 4430 dolebat.

64 4471 231 4534 occidatur,
248 4467 299 4533 ait,
313 4466 369 4532 lex,
387 4465 437 4538 qui
452 4463 542 4521 semel
559 4467 603 4520 est
618 4462 775 4529 homicida,

65 4562 101 4617 st
117 4558 167 4633 qui
183 4556 344 4613 moechetur
359 4571 425 4610 cum
442 4552 555 4608 moecha
571 4569 635 4607 mox
652 4551 819 4623 lapidetur;

66 4650 145 4707 Dens
161 4663 213 4721 pro
229 4646 315 4701 dente
327 4644 432 4711 cadat;
449 4641 548 4698 lumen
565 4658 617 4714 pro
632 4640 744 4696 lumine
760 4641 866 4708 cadat;

104 4773 143 4845 (9)
157 4773 186 4827 ln
203 4787 259 4825 ms.
278 4767 410 4841 margine
427 4785 434 4823 :
451 4766 612 4822 Cossuran
628 4764 752 4820 Geraia.

940 3216 993 3281 Oui
1010 3216 1114 3288 recipit
1128 3217 1279 3285 meritum,
1291 3217 1407 3273 veniam
1422 3218 1489 3290 quis
1505 3217 1610 3274 dixerit
1625 3218 1718 3276 illud?

940 3305 970 3360 Si
987 3305 1054 3377 quis
1068 3305 1200 3377 peccanti
1215 3322 1353 3361 converso
1367 3304 1431 3361 vult
1445 3305 1588 3375 misereri,

941 3393 984 3463 Et,
1001 3410 1124 3467 parcens
1141 3393 1258 3461 misero,
1274 3395 1433 3450 vindictam
1447 3412 1564 3452 sumere
1578 3396 1682 3464 nescit,

942 3481 994 3538 Hic
1007 3482 1121 3538 veniam
1137 3482 1260 3550 tribuit,
1275 3482 1318 3539 sic
1333 3499 1448 3555 paenam
1464 3484 1558 3557 gratia
1572 3484 1694 3558 spernit.

943 3571 1119 3644 Propitietur
1132 3570 1220 3627 homo
1236 3571 1375 3628 confratri
1387 3571 1511 3628 crimine
1525 3571 1619 3646 lapso.

942 3661 995 3725 Qui
1012 3659 1133 3716 caditat
1147 3660 1324 3734 surgit,spes
1338 3664 1383 3717 est
1397 3664 1430 3716 ut
1444 3660 1538 3718 vivere
1553 3663 1656 3735 possit.

943 3750 1051 3806 Omnes
1064 3766 1229 3821 peccamus,
1247 3749 1437 3821 peccantibus
1452 3749 1508 3807 hoc
1523 3751 1667 3810 faciamus

943 3839 1025 3904 Quod
1040 3837 1183 3894 Dominus
1200 3838 1286 3892 nobis
1301 3838 1350 3909 qui
1368 3836 1496 3894 clemens
1512 3842 1557 3896 est
1571 3838 1711 3909 inimicis,

944 3932 1014 3984 cum
1029 3926 1143 3982 veniam
1159 3925 1257 3994 laudo,
1273 3942 1331 3981 non
1347 3923 1441 4000 legem
1457 3929 1588 3984 temnere
1602 3945 1711 4001 quero.

945 4017 1003 4073 Lex
1017 4016 1095 4070 bonu
1110 4014 1264 4071 streniam
1280 4015 1367 4070 dorso
1378 4017 1494 4087 portare
1510 4015 1651 4084 studebit,

945 4105 1044 4162 Gratia
1059 4109 1128 4159 tunc
1144 4104 1274 4176 prodest,
1291 4119 1358 4159 cum
1375 4103 1421 4159 lex
1436 4105 1618 4176 precesserit
1630 4104 1722 4164 illam.

944 4193 980 4248 Et
994 4192 1040 4249 lex
1051 4191 1190 4258 obstanti,
1207 4191 1257 4248 sed
1271 4191 1365 4266 gratia
1380 4191 1421 4248 sit
1435 4192 1568 4250 redeunti
1586 4212 1593 4251 :

946 4283 992 4338 Sic
1010 4281 1038 4336 iu
1056 4286 1180 4353 utroque
1196 4281 1272 4336 bono
1288 4279 1408 4337 dabitur
1422 4281 1583 4338 consistere
1597 4283 1720 4339 mundo.

982 4371 1065 4427 Nunc
1080 4368 1133 4425 tibi
1150 4368 1188 4426 sit
1204 4369 1262 4443 regi
1275 4386 1331 4442 pax
1345 4372 1374 4425 et
1387 4368 1544 4427 clementia
1557 4369 1667 4428 Christi
1684 4388 1691 4427 :

908 4479 931 4544 D
947 4461 990 4516 Tu
1006 4459 1141 4531 princeps
1156 4458 1236 4513 orbis
1251 4457 1293 4514 sis
1307 4457 1415 4513 Christi
1430 4475 1552 4515 munere
1567 4456 1662 4531 Portis,

948 4550 991 4605 'Pu
1009 4548 1151 4603 Dominus
1166 4547 1248 4620 regni
1263 4547 1343 4603 vivas
1358 4547 1388 4602 in
1404 4565 1474 4621 pace
1488 4549 1622 4621 perenni.

948 4638 995 4694 Sic
1009 4636 1072 4693 vult
1085 4637 1193 4708 Wippo
1208 4642 1278 4692 tuus
1289 4653 1357 4692 cum
1373 4636 1431 4692 fido
1447 4639 1562 4710 pectore
1574 4652 1687 4695 murus.

69 4915 1769 4946 ..w-*M

508 5055 666 5128 VERSUS
693 5051 903 5126 WlPPONlS
928 5052 986 5124 AD
1013 5049 1194 5124 MENSAM
1220 5049 1344 5122 REGlS

781 5210 813 5256 Ill
834 5209 950 5256 lidffll
971 5208 1080 5254 Donum

69 5442 186 5519 Regalis
201 5445 294 5499 coetus
309 5439 347 5498 sit
362 5439 391 5494 in
407 5437 464 5494 isto
482 5440 613 5509 tempore
627 5433 722 5506 laetus,

105 5534 169 5599 Ouo
183 5532 234 5588 lux
247 5530 276 5586 io
294 5527 419 5586 tenebris
434 5523 563 5582 exoritur
577 5520 692 5599 populis

232 5659 366 5722 Persea.
390 5653 506 5718 CXLll.

954 5436 1034 5489 Inter
1047 5427 1206 5488 laetandum
1224 5443 1271 5484 res
1286 5427 1390 5485 suadet
1405 5424 1709 5492 commemorandum,

991 5519 1073 5590 Quod
1087 5518 1165 5576 Deus
1180 5519 1225 5576 cst
1239 5520 1338 5587 natus,
1355 5512 1446 5574 Filius
1461 5517 1524 5591 ipse
1539 5516 1637 5574 datus.

1582 5640 1623 5704 40
