3900 6098
145 239 222 317 aas
616 246 649 312 a.
672 246 872 313 acuamus
894 244 1210 314 unaersoearns
1231 250 1418 316 crisconi.
1607 321 1617 341 ,
1816 250 1877 314 aar

160 392 191 447 et
206 385 339 463 implevit
353 400 409 461 praa
425 382 562 460 promisit
576 380 1030 456 tubanus-petramanciquo-it
1045 388 1146 442 numm
1169 383 1359 461 intelligimus
1381 383 1506 461 impium
1530 382 1875 454 ercammarum!

159 495 239 535 rum.
1040 491 1146 532 omnes
1157 476 1400 550 adversarios,qui
1410 481 1554 533 venerunt
1564 477 1701 534 ntturbo
1714 479 1751 532 ut
1764 474 1874 548 disper

158 568 197 627 lb
231 570 342 628 Patrios
356 565 458 624 ernas
473 569 555 622 terra
570 584 580 620 .·
595 563 724 621 viderunt
742 567 773 618 to
796 577 877 635 oque
898 570 924 618 ot
938 561 984 618 do·
1039 569 1145 639 gerent
1161 582 1216 633 me,
1233 564 1320 623 idest
1340 570 1372 622 ut
1394 570 1556 623 everterant
1571 564 1666 623 'lsrael
1686 568 1723 622 et
1746 565 1874 638 mptiva-

269 661 379 715 tueruut
388 663 493 714 murtea
508 673 519 712 .·
1040 658 1118 710 rent.

234 749 332 821 Gurges
345 763 478 821 equorum
493 745 606 801 tramit.
1040 742 1077 800 22
1114 744 1271 800 tentilatio
1285 760 1378 800 eorum
1394 762 1404 800 :

195 837 311 895 Fluvios
326 835 483 901 seiudes‚id
499 838 545 891 est
556 849 640 906 regas
650 835 734 888 torre
744 831 885 887 adversus
899 834 984 886 tuum
1113 834 1192 889 Siout
1205 835 1262 907 ejici
1277 835 1325 906 qui
1338 834 1448 890 minorat
1456 850 1603 907 pauperem
1618 835 1649 889 to
1663 832 1835 889 abscondito.

158 926 301 1003 populum
325 925 498 981 dimicantes
521 923 634 979 divides
660 924 747 992 atque
771 920 931 993 disperges.
945 921 984 975 'I'e
1076 921 1236 978 assultatio
1249 939 1350 979 eorum
1367 941 1373 978 :
1391 921 1586 978 Exsultabunt
1600 938 1762 995 pauperem
1784 921 1869 977 deso-

155 1017 294 1074 vidcrunt
308 1013 420 1072 excelsa
434 1030 536 1087 reguo,
551 1016 580 1068 et
604 1007 747 1067 sublimes
773 1009 863 1082 hujus
885 1008 983 1064 soeculi
1038 1015 1178 1067 rantas'at
1193 1012 1357 1083 subjeetum
1373 1010 1428 1066 sibi
1446 1010 1597 1082 populum,
1613 1013 1641 1067 et
1657 1002 1713 1067 boo
1728 1008 1816 1082 quusi
1840 1009 1871 1064 in

144 1107 316 1182 ¹poteatatcs
330 1106 531 1160 tremuerunt.
545 1105 669 1172 Gorgos,
687 1097 716 1153 id
741 1104 795 1167 est,
821 1100 983 1170 persecutio
1038 1099 1212 1156 abscondito
1228 1099 1342 1168 sacient,
1358 1099 1448 1155 idest
1463 1098 1546 1170 qnasi
1562 1103 1605 1164 tu,
1623 1103 1709 1165 Deus,
1728 1097 1869 1154 nescires,

142 1210 258 1253 'emm
273 1193 324 1266 qni
337 1193 482 1250 vexabant
495 1189 638 1264 populum
651 1192 735 1244 tuum
750 1186 878 1242 transiit.
1035 1186 1147 1245 Venisti
1165 1188 1253 1262 igitur
1267 1188 1302 1243 ad
1318 1186 1451 1261 praelium
1467 1204 1518 1261 pro
1534 1187 1641 1262 populo
1658 1192 1719 1256 tuo,
1738 1192 1768 1243 et
1793 1204 1870 1260 qua-

140 1284 193 1342 ³13
227 1276 430 1352 ”dereliquens
445 1295 534 1335 rorem
547 1294 627 1334 auem
643 1293 650 1330 ι
1038 1275 1138 1350 drigas
1154 1277 1273 1333 mittens
1296 1277 1326 1332 iu
1341 1293 1434 1348 aquas
1450 1275 1491 1347 (id
1511 1280 1555 1333 est
1580 1277 1610 1332 in
1626 1279 1732 1350 gentes
1748 1275 1871 1347 multas)

228 1371 349 1428 ardendo
363 1389 460 1425 ereum
476 1355 540 1424 arius
551 1367 664 1423 'buerit
1037 1365 1133 1422 fecisti
1145 1367 1187 1422 eis
1201 1365 1288 1433 vium,
1306 1370 1360 1422 ete.

181 1460 277 1519 ''Dcdit
291 1461 416 1532 abyssus
433 1475 439 1512 :
456 1457 510 1513 boc
526 1460 570 1513 est
585 1458 742 1527 postquam
761 1470 869 1527 gurges
891 1472 981 1528 nqua-
1035 1455 1072 1511 28
1111 1457 1187 1512 Viam
1200 1457 1294 1528 fecisti
1307 1456 1514 1527 iomeriequia
1529 1456 1607 1511 tuis:

156 1568 233 1617 rum,
250 1548 277 1604 id
293 1552 338 1604 est
354 1544 589 1620 persecutionum
606 1541 708 1599 transii
713 1546 733 1610 t,
745 1542 832 1599 idest
846 1543 980 1610 cessavit,
1110 1545 1141 1600 ln.
1155 1545 1211 1600 luto
1225 1561 1361 1617 operarum
1373 1545 1534 1601 multorum.

155 1641 186 1698 id
201 1643 247 1696 est
260 1641 325 1711 post
339 1635 507 1709 passionem
532 1637 623 1700 tuam,
637 1630 760 1700 Christe,
776 1632 871 1700 inferi,
888 1633 917 1688 id
937 1638 982 1689 est
1070 1633 1156 1689 Viam
1187 1633 1289 1691 iecisti.
1315 1631 1388 1705 liqui
1414 1638 1485 1689 sunt
1509 1622 1602 1689 sancti
1632 1632 1869 1707 praedieatores:

153 1727 294 1788 nendilo
310 1724 400 1781 limbo
411 1727 530 1796 patrum
546 1720 832 1777 leudare1·untte.ll·t
846 1720 980 1788 altitudo,
998 1758 1021 1823 Β
1036 1724 1146 1796 quibus
1162 1723 1254 1779 iecisti
1269 1721 1344 1777 viam
1361 1723 1390 1778 in
1406 1721 1523 1795 populis
1538 1723 1745 1789 nationum,ct
1756 1722 1787 1778 in
1797 1740 1872 1796 que·

144 1814 356 1888 'idestangoli
371 1813 589 1870 terescnabant
602 1826 668 1866 esse
682 1809 820 1866 victoiem
833 1827 839 1864 :
852 1813 881 1865 et
897 1810 982 1883 quasi
1036 1828 1103 1869 rum
1120 1811 1323 1884 predicatione
1339 1811 1459 1867 turbate
1474 1814 1545 1867 sunt
1560 1818 1641 1884 aqua
1654 1827 1660 1867 :
1672 1810 1731 1868 hoe
1744 1814 1871 1885 cstgcu·

139 1907 260 1981 'plausu
275 1920 416 1960 munuum
427 1901 607 1958 elevatarum
622 1902 650 1955 te
664 1897 980 1972 victorem‚triumphe·
1036 1901 1112 1957 tium
1126 1901 1222 1958 corda.
1237 1901 1316 1956 blare
1331 1901 1408 1956 enim
1425 1899 1618 1973 spiritualiter
1641 1901 1776 1957 mundus
1801 1905 1848 1957 cst
1863 1920 1870 1956 :

141 1999 306 2067 sumque
314 1992 534 2050 monstrarunt.
1035 1988 1143 2060 lutum,
1160 1993 1278 2063 peecata
1291 1994 1319 2045 et
1334 2006 1407 2045 cura
1423 2005 1502 2045 vena
1520 2004 1527 2044 :
1543 2005 1626 2062 aque
1643 1988 1756 2058 multo,
1767 1989 1871 2063 populi

141 2072 188 2143 tll!
223 2084 270 2141 dot
284 2090 309 2140 ct
323 2083 389 2139 luno
403 2081 537 2137 remeunt
552 2079 582 2133 in
597 2078 753 2133 habitaculo
767 2093 840 2133 auo:
1038 2079 1134 2136 multi.

223 2174 257 2229 ln
272 2173 332 2228 tuce
343 2171 513 2239 sagittarum
536 2174 647 2222 morum
670 2167 769 2221 ibunt:
787 2167 817 2222 io
839 2166 982 2238 splendore
1030 2169 1069 2224 24
1106 2168 1206 2225 Audiui
1220 2173 1246 2224 et
1260 2168 1436 2224 conturbatus
1447 2172 1713 2224 oatoenteroaous:

254 2260 429 2332 *fulgurantis
445 2258 533 2313 omae
545 2263 610 2313 ata.
1107 2259 1205 2315 Aooee
1218 2263 1439 2314 contremuerunt
1451 2257 1527 2312 lobio
1540 2273 1611 2321 ouo.

189 2349 237 2406 Sal
252 2349 382 2406 et'luna:
392 2349 459 2419 post
474 2345 640 2418 passionem
657 2360 742 2400 suam
758 2347 786 2399 et
797 2344 981 2401 resurrectio·
1070 2346 1172 2403 Audiri
1197 2351 1225 2402 et
1249 2345 1439 2402 conturbatus
1448 2352 1499 2402 est
1510 2349 1609 2402 venter
1622 2346 1776 2402 meusznd
1792 2351 1875 2403 cotir-

153 2456 222 2498 uam
236 2438 365 2495 elevatus
376 2440 425 2492 est
437 2433 594 2499 Dominus,
605 2432 648 2488 sol
664 2432 797 2489 videlieet
813 2432 935 2503 justitia
950 2434 979 2489 in
1035 2435 1237 2501 minationem,
1255 2435 1352 2508 inquit
1366 2434 1517 2508 propbeta,
1534 2438 1627 2506 tuam,
1640 2437 1704 2490 toto
1718 2434 1869 2504 ventre,id

143 2527 271 2596 ‘omium
286 2524 438 2583 atomisso
446 2521 559 2595 Spiritu
573 2520 729 2577 illustrauit
744 2519 980 2594 scelestamque
1034 2530 1080 2582 cst
1095 2526 1194 2581 animo
1208 2525 1401 2581 contremisco
1419 2541 1425 2578 :
1441 2522 1588 2580 labiorum
1600 2523 1682 2580 enirn
1697 2526 1815 2580 tremor
1824 2523 1873 2580 de-

141 2612 350 2675 ³ilioitur¹luna
365 2630 371 2668 :
384 2629 448 2686 que
465 2617 534 2667 tunc
557 2610 599 2667 ita
621 2610 711 2677 stet-it,
728 2609 831 2665 roboro
853 2610 980 2683 Spiritus
1034 2615 1133 2689 signat
1145 2631 1280 2689 pavorem
1292 2614 1411 2687 trepide
1423 2612 1540 2669 mentis.
1551 2612 1649 2670 Audiui
1666 2611 1870 2689 igituruiudi-

139 2709 284 2779 occepta,
296 2708 332 2760 ut
355 2719 408 2758 noo
432 2705 557 2757 mortem
581 2698 705 2754 timeret.
722 2699 839 2771 Sagittae
866 2703 934 2768 tun,
950 2699 979 2755 id
1031 2707 1111 2760 ctum
1127 2708 1209 2759 tuum
1225 2703 1253 2758 in
1268 2706 1432 2775 peccatores
1447 2702 1548 2774 (quam
1562 2700 1658 2758 iecisti
1673 2699 1870 2774 bie,ctqaom

146 2793 307 2868 stiplaga
322 2796 379 2848 tue
393 2795 423 2847 et
434 2787 571 2854 eruditio,
586 2787 693 2862 populo
707 2791 760 2843 tuo
784 2787 883 2844 lumen
908 2806 979 2861 pre·
1033 2792 1163 2866 amplius
1178 2792 1268 2848 incias
1284 2793 1314 2847 iu
1329 2796 1457 2848 extremo
1468 2790 1591 2863 judicio)
1604 2795 1632 2847 et
1647 2791 1869 2849 cornemisco:

146 2883 293 2940 buerunt.
309 2881 342 2938 lu
363 2877 424 2936 sola
445 2876 527 2935 enim
550 2877 694 2946 Christus,
710 2876 741 2932 in
763 2876 833 2932 luna
851 2876 981 2935 Ecclesia
1034 2897 1071 2938 ne
1086 2885 1114 2937 ct
1129 2898 1182 2953 ogo
1197 2881 1340 2953 reprobus
1355 2878 1494 2936 inveniar.

151 2971 342 3047 magnam„
1030 2971 1069 3025 25
1104 2969 1281 3040 Ingrediutur
1292 2969 1405 3040 putredo
1418 2969 1566 3024 inertibus
1580 2969 1673 3025 meio:

157 3062 191 3118 18
227 3062 258 3118 ln
272 3059 703 3132 fremitueonouteobioterrem:
1105 3060 1138 3114 Et
1151 3059 1243 3114 subter
1255 3063 1423 3116 meaooteol.

227 3152 365 3222 inforare
379 3148 574 3219 obstupefacies
588 3153 688 3217 gentes.
993 3125 1015 3193 C
1071 3147 1256 3221 ingrediatur
1270 3148 1403 3221 putredo,
1416 3147 1444 3202 id
1459 3149 1514 3214 est,
1524 3145 1698 3203 non‘solurn
1716 3147 1799 3203 bunc
1811 3152 1868 3204 tre-

192 3240 223 3296 lu
239 3238 356 3295 fremitu
373 3235 558 3293 conculcabis
575 3251 581 3289 :
599 3235 717 3307 quando
727 3233 866 3306 injuriam
877 3233 977 3308 populi
1034 3253 1145 3293 morem
1161 3237 1501 3309 libantsrpatior‚verum
1513 3235 1601 3292 etiam
1613 3236 1691 3308 quod
1701 3243 1869 3309 passusest

155 3326 199 3384 tui
213 3326 384 3391 vindicabis,
400 3328 614 3396 terrenaregna
625 3321 863 3391 oeneuloabis,ot
876 3334 979 3380 omnes
1032 3326 1088 3382 Job
1103 3325 1166 3394 (roo
1180 3326 1201 3397 1)
1223 3325 1348 3382 libenter
1367 3325 1521 3383 sustinebo
1537 3325 1576 3397 (id
1603 3327 1649 3382 est
1674 3326 1866 3399 putredinem

143 3419 260 3490 *gornen
272 3412 411 3470 admirari
421 3413 521 3468 iacias.
1028 3416 1184 3489 corporis:
1202 3415 1243 3470 ita
1257 3419 1289 3470 ut
1303 3413 1467 3471 innumeris
1482 3417 1591 3471 scateat
1613 3413 1771 3472 vermibus
1795 3430 1865 3474 caro

149 3503 193 3562 uo
223 3507 357 3575 'maru
370 3518 399 3558 es
412 3503 442 3557 iu
456 3501 572 3557 amneio
584 3502 681 3572 populi
694 3503 736 3556 mi
752 3517 758 3555 :
1029 3507 1109 3573 *moal
1118 3508 1150 3561 et
1164 3519 1266 3560 omnes
1278 3504 1431 3577 angustias
1442 3503 1755 3562 estabulationesade
1767 3504 1799 3562 in
1810 3505 1867 3564 buo

222 3590 465 3648 'ln-solutemcum
480 3590 645 3646 caroloco
1033 3593 1101 3650 vita

185 3680 381 3754 agamus-es
396 3693 404 3735 t
421 3678 476 3734 boe
491 3677 568 3733 Patri
582 3677 692 3734 dictum
713 3676 895 3751 intelligitur,
911 3679 981 3753 quia
1032 3683 1069 3737 26
1108 3683 1138 3740 Ut
1150 3681 1320 3755 requiescum
1334 3683 1364 3738 io
1378 3682 1423 3739 die
1437 3682 1622 3739 redemtionis
1638 3700 1647 3736 .-

139 3768 260 3829 miorit
283 3768 320 3825 sd
344 3766 517 3825 salvandam
542 3766 684 3840 populum
708 3783 796 3823 suum
812 3784 864 3839 por
878 3769 979 3826 lesum
1107 3772 1139 3828 tlt
1155 3770 1301 3826 ascendum
1314 3770 1350 3826 od
1363 3772 1494 3844 poputum
1509 3773 1661 3827 ominatum
1672 3779 1814 3829 uenenum

138 3857 305 3917 '‘mansurm
314 3856 420 3914 Filium
433 3872 523 3913 suam
537 3873 543 3912 :
555 3857 633 3913 bons
642 3855 722 3912 anim
733 3861 795 3912 erat
807 3856 837 3912 in
852 3857 978 3928 Christo,
1070 3858 1107 3915 Ut
1117 3858 1341 3932 requiescam,id
1351 3864 1400 3917 est
1414 3863 1447 3916 ut
1462 3859 1509 3915 hic
1519 3860 1620 3916 amois
1632 3860 1870 3931 emodeneteri-

139 3949 301 4006 'munnam
315 3946 508 4004 reconcilians
522 3945 578 4002 eibi
594 3946 630 4019 (li
644 3946 703 4001 Cor.
719 3946 757 4019 v).
774 3946 824 4002 Vel
844 3963 980 4021 egressus
1033 3946 1098 4020 piar
1110 3947 1279 4021 peccatis,et
1293 3948 1323 4003 in
1334 3948 1381 4005 die
1392 3947 1660 4015 tribulationis‚boo
1671 3953 1719 4006 est
1729 3962 1869 4009 consum·

141 4046 174 4096 -ε
185 4036 521 4112 synogogadadearum
537 4035 703 4108 adgentes.
1034 4035 1173 4093 metionis
1188 4035 1286 4093 saeculi
1300 4041 1330 4092 et
1342 4036 1447 4110 judieii
1464 4037 1505 4110 (in
1524 4037 1580 4105 die,
1596 4035 1708 4094 scilieet
1722 4038 1868 4107 ismenia-

140 4121 192 4184 ’Ἦ
223 4127 392 4184 *macuti
404 4134 486 4199 ceput
497 4124 531 4182 do
546 4124 624 4182 domo
639 4126 721 4198 impii
736 4141 742 4179 :
1034 4124 1190 4182 mitatiset
1205 4125 1340 4199 miserie)
1354 4126 1645 4200 requiescum,otque
1655 4127 1819 4184 ascendam
1830 4129 1865 4185 ad

224 4215 375 4274 amadati
388 4215 601 4288 firmamentum
617 4230 699 4287 uoqaoe
712 4215 747 4271 ud
761 4214 872 4272 collum.
1031 4215 1214 4272 consortium
1229 4229 1330 4271 eorum
1345 4215 1396 4288 qui
1412 4215 1442 4271 in
1465 4214 1579 4272 Christo
1594 4221 1822 4289 praecesserunt,
1838 4222 1869 4273 et

191 4303 364 4363 Hercussisti
374 4308 461 4377 eaput
474 4321 481 4361 :
493 4304 626 4360 veniente
641 4307 739 4360 autem
750 4302 822 4360 Filio
837 4307 898 4372 tuo,
915 4321 979 4378 per·
1033 4303 1225 4361 accinxerunt
1239 4320 1271 4360 se
1284 4304 1321 4360 ud
1336 4305 1529 4378 pugnandum
1545 4309 1647 4362 eontra
1657 4321 1759 4362 aereas
1770 4309 1869 4378 potes·

155 4394 274 4452 cussisti
288 4391 501 4449 antichristum
512 4392 553 4448 vdo
567 4392 654 4448 dorne
668 4389 763 4464 impii,
773 4391 803 4447 id
818 4394 864 4447 est
878 4391 907 4448 in
924 4392 979 4450 boc
1033 4396 1108 4450 tates
1122 4392 1266 4466 etlomniu
1278 4392 1349 4450 vitia
1366 4393 1457 4449 anuis
1469 4393 1611 4450 virtutum
1627 4393 1759 4468 undique
1776 4394 1866 4452 cincti

155 4481 261 4539 saeculo
270 4498 276 4536 :
285 4481 355 4554 quia
365 4480 395 4536 in
404 4478 533 4552 maligno
542 4479 977 4554 muuduspositusestwooav).
991 4498 1018 4563 q)
1034 4486 1062 4538 et
1069 4480 1194 4556 expediti
1208 4498 1214 4537 :
1227 4481 1529 4540 cumillisascendam
1541 4484 1570 4540 in
1582 4482 1868 4558 gaudiabcatorum,

150 4568 374 4629 litnbscondita
387 4569 453 4641 elus
467 4573 568 4641 aperta
581 4569 686 4638 locasti,
703 4585 796 4642 usque
819 4568 848 4624 iu
871 4572 979 4644 sempi·
1034 4575 1063 4626 et
1075 4571 1105 4627 in
1121 4571 1176 4626 hae
1190 4570 1250 4626 vita
1263 4571 1299 4626 de
1313 4570 1419 4627 virtute
1434 4571 1464 4627 in
1486 4572 1867 4645 virtutem(l²out.·amr11).

139 4656 645 4717 ssmumrunaanenuenimsiro
657 4657 902 4731 absconditaejus
912 4664 983 4716 sunt
1023 4658 1123 4717 'Picus
1136 4658 1216 4716 enim
1232 4676 1290 4716 non
1306 4659 1429 4729 florebit,
1444 4677 1498 4735 ogo
1513 4666 1611 4719 autem
1624 4661 1758 4718 dorcam.

146 4745 816 4825 uagiutoms,·quenuauseurvelrnjudieio
831 4749 980 4818 omnibus,
1032 4750 1070 4805 27
1103 4750 1188 4805 vFicus
1201 4751 1344 4806 enimuero
1358 4752 1487 4821 florebit:

138 4837 261 4896 ‘sal-uio
275 4850 328 4911 par
341 4833 569 4900 conlessionam,
586 4851 680 4909 usquc
695 4836 731 4893 ad
746 4835 866 4903 collum,
883 4837 912 4894 id
937 4841 983 4895 ast
1106 4839 1139 4895 dt
1151 4854 1207 4894 oon
1221 4841 1275 4895 erit
1288 4855 1398 4911 genuen
1413 4842 1444 4895 ie
1459 4841 1557 4896 vineis.

138 4926 403 5000 usqseedserm
423 4928 459 4982 et
478 4940 580 4999 opera.
596 4924 648 4982 Vel
672 4941 723 4998 per
745 4928 835 4998 caput
845 4925 982 4983 diabolus
1071 4925 1157 4983 Ficus
1172 4925 1251 4983 enim
1264 4941 1324 4984 nou
1338 4927 1471 4984 donabit:
1485 4927 1658 4997 donavisse
1668 4927 1872 4999 abalienaret

154 5013 339 5088 intelligitur.
1036 5031 1186 5089 synagoga
1207 5015 1391 5084 iudeorum
1408 5017 1548 5089 quoniam
1571 5015 1757 5074 dulcedinem
1783 5019 1869 5075 bone

155 5104 188 5161 21
226 5103 396 5162 lloledietoti
406 5105 517 5177 sceptris
532 5104 590 5176 ojus
604 5120 610 5160 :
626 5105 713 5176 copiti
727 5103 890 5160 bdmwrmo
901 5105 981 5176 ejus:
1035 5103 1213 5176 operationis
1227 5104 1393 5176 proterebat
1408 5122 1415 5161 ε
1432 5105 1483 5162 sed
1506 5106 1630 5163 Domino
1644 5106 1794 5179 veniente,
1809 5106 1871 5164 vir·

228 5193 405 5251 Venientibus
419 5195 451 5248 ut
466 5191 545 5248 turbo
554 5192 590 5248 od
603 5191 811 5264 dispergendum
824 5207 877 5248 me.
1031 5192 1106 5249 tutis
1121 5192 1249 5249 inactum
1265 5193 1341 5250 farre
1356 5194 1490 5267 neglexit.
1502 5194 1642 5251 Similiter
1653 5193 1819 5268 exponitur
1832 5198 1870 5256 da

193 5279 367 5337 Maledixisti
385 5295 392 5334 ι
409 5295 467 5335 non
488 5277 584 5334 solum
606 5280 740 5352 sceptris,
758 5279 787 5335 id
812 5283 866 5348 ost,
891 5295 981 5353 regno
1020 5281 1121 5338 malis
1137 5281 1311 5339 Christianis
1326 5281 1381 5339 iste
1395 5288 1425 5339 et
1436 5288 1596 5359 sequentes
1610 5284 1668 5340 duo
1680 5299 1800 5342 amous.

138 5366 265 5426 discoli
280 5366 467 5437 maledixisti,
483 5383 584 5423 verum
599 5368 688 5424 mium
704 5367 791 5442 capiti
805 5367 980 5426 bellatorum
1032 5370 1070 5427 28
1104 5370 1330 5443 ilentieturopua
1344 5373 1449 5430 otivae:

148 5455 236 5530 :quod
252 5455 507 5528 pamasserus,qui
521 5461 663 5514 rodmunt
672 5461 707 5514 ut
717 5458 806 5514 turbu
821 5475 827 5513 :
845 5460 878 5514 ut
890 5461 981 5514 verte-
1105 5461 1138 5516 Et
1147 5477 1219 5516 *arou
1230 5476 1288 5517 non
1301 5461 1417 5534 offerent
1430 5463 1533 5518 cibum.

139 5547 223 5609 ‚unt
243 5542 387 5616 pupulum
407 5549 508 5614 tuum,
523 5544 654 5602 Domine.
667 5547 836 5603 seeundum
851 5545 979 5604 litteram
1071 5549 1229 5606 blentictur
1243 5566 1318 5623 opus
1333 5549 1424 5624 olive,
1437 5550 1516 5607 aliud
1533 5551 1734 5625 promittentis
1745 5552 1872 5611 etaliud
