3884 6084
112 321 154 383 8⁰
724 327 936 392 expostulo
958 327 1215 392 rsmnonou.

112 458 132 514 8
188 456 307 531 Hirtfico
320 459 522 525 misericordius
538 464 621 523 tuns:

189 549 243 618 Qui
253 550 344 607 sciuros
357 551 428 623 fucis
441 560 580 626 spemntes
595 553 624 609 in
640 560 673 610 te.

152 639 178 696 il
206 640 290 695 Tunc
314 639 481 699 mirificavit
506 641 722 701 misericordias
750 649 833 721 pater
860 662 941 712 suas,

114 729 235 807 quando
249 746 302 804 per
315 730 462 805 apostolos
476 734 505 789 el
521 737 639 793 ceteros
654 739 771 791 sanctos
787 734 942 793 infirmita·

1786 325 1828 387 90
1905 406 1910 414 .

956 460 984 530 Α
999 463 1033 525 15
1067 463 1191 530 Domine,
1209 479 1226 519 o
1238 461 1336 539 paucis
1350 459 1384 521 dc
1406 468 1480 519 terro
1493 458 1584 518 divide
1597 474 1640 518 cos
1654 457 1685 517 in
1708 461 1766 519 oito
1780 476 1826 533 eu·

1106 571 1168 611 rum
1184 572 1193 611 :

1068 647 1106 703 Dc
1120 644 1282 703 absconditis
1296 644 1351 701 tute
1365 641 1527 716 adimpletus
1542 648 1581 699 est
1594 649 1687 699 uentu
1700 657 1805 698 corum.

1035 736 1055 790 ii
1070 735 1132 793 Vox
1146 734 1254 794 Christi
1267 734 1303 789 ad
1319 733 1432 789 Patrem
1450 730 1824 805 utpraeveniatanimaesum

114 822 160 875 ios
175 816 372 893 indigentium
385 817 530 879 curante
544 819 643 879 Salvos
656 820 768 891 iacis,id
780 826 823 881 esi
835 826 944 883 aterna
997 841 1033 887 ne
1049 822 1202 880 luderetur
1217 840 1233 878 a
1248 821 1378 896 principe
1393 819 1518 887 diabolo,
1537 820 1734 895 praevenitque
1755 836 1824 878 eum

112 907 175 967 uita
189 904 352 967 constitues
368 911 520 983 sperantes
534 909 564 966 iu
574 915 610 966 te.

113 997 133 1052 D
186 998 206 1057 A
223 998 411 1057 resistentibus
426 997 549 1059 dextmae
563 1007 619 1060 tute
633 1000 740 1057 cutstodi
754 1018 821 1059 uec:

188 1087 221 1146 m
231 1086 370 1160 pupilium
383 1088 465 1144 occuli.
760 1094 763 1099 '

150 1174 171 1233 C
186 1176 310 1234 Dextera
322 1175 400 1233 enim
416 1177 511 1235 Patris
532 1177 624 1237 i'iiius
649 1185 703 1248 est,
720 1180 767 1237 cui
789 1181 883 1238 Judaei
898 1199 942 1239 re·

113 1265 230 1334 sistere,
245 1263 276 1323 id
298 1270 344 1323 est
367 1283 530 1342 repugnare
553 1269 617 1325 ausi
633 1275 713 1327 suut.
730 1270 845 1345 Pupilla
862 1271 941 1330 enim

114 1372 182 1428 pars
197 1359 244 1412 cst
258 1353 345 1422 oculi,
362 1372 421 1429 qua
435 1354 636 1415 discernimus
647 1358 803 1432 qualitates
829 1378 940 1428 rerum,

114 1443 193 1508 dicta
207 1443 380 1518 apamitate
395 1446 480 1520 quasi
493 1448 608 1520 pusilio.
627 1447 679 1504 Cui
695 1455 883 1524 comparatus
897 1455 941 1509 est

115 1530 261 1602 Christus,
277 1531 373 1609 quiin
388 1549 443 1589 suo
454 1531 566 1607 judicio
576 1536 674 1607 justos
698 1553 716 1593 a
738 1537 941 1610 peecatoribus

115 1623 313 1697 segregandos
328 1622 480 1696 conspicit.
496 1624 654 1699 Aptissima
670 1643 700 1682 se
714 1627 786 1701 petit
799 1625 940 1684 custodiri

116 1716 147 1767 nt
159 1710 317 1787 popilium,
333 1729 400 1769 cum
415 1730 468 1787 per
482 1711 577 1787 ipsam
594 1733 640 1772 res
656 1714 782 1775 visuales
796 1712 939 1774 dis'cerni-

116 1804 226 1871 mus,et
238 1801 269 1866 in
284 1807 384 1865 nostro
399 1819 519 1877 corpore
535 1804 576 1868 nil
586 1805 937 1879 praestantiusinuenitur.

116 1909 148 1963 10
183 1908 241 1966 Sat
256 1910 359 1970 umore
371 1911 483 1971 ntorum
497 1919 609 1969 tuarum
622 1920 732 1986 protem
746 1930 790 1971 une
804 1933 814 1970 :

182 2000 203 2053 ,t
219 2000 292 2069 lucie
306 2000 455 2072 impiorum
467 2002 518 2074 put
530 2018 573 2058 nac
587 2004 760 2075 afflixerunt.

146 2103 242 2162 CAiss
254 2108 324 2161 sont
338 2104 432 2167 Patris
448 2124 455 2162 :
472 2107 675 2167 misericordia
689 2115 718 2169 et
732 2109 941 2184 1111111111,ᾳυὶ-

114 2190 168 2252 bus
182 2209 216 2253 sc
230 2193 343 2267 protegi
358 2199 460 2257 saucia
475 2196 526 2255 Dei
550 2196 678 2257 motem
691 2198 866 2273 expostulat.
883 2199 941 2262 et

113 2281 186 2339 note
209 2281 382 2354 impiorum,
405 2284 553 2345 temones
578 2287 725 2359 significat
750 2293 780 2346 et
800 2305 941 2362 sequaces

113 2385 227 2437 aaron,
243 2371 294 2444 qui
310 2373 446 2436 ardorem
460 2373 636 2436 insidiarum
651 2378 682 2434 iu
697 2393 798 2435 necem
823 2377 940 2439 Domini

112 2457 155 2516 mi
170 2459 203 2521 ia
218 2464 337 2521 mactae
346 2461 651 2525 cumulabautd‘aaies
660 2465 940 2541 instantiamimpio·

115 2563 182 2611 taur
199 2553 291 2615 aaut,
306 2549 350 2608 vai
365 2551 498 2623 ipsorum
512 2553 709 2613 tmoulentam
724 2557 921 2630 presentiam.

117 2639 148 2701 ii
188 2639 301 2699 heum
313 2642 604 2701 numennumen
613 2643 866 2705 eimumdedcrunt:
877 2646 941 2703 odi·

220 2744 282 2800 um
295 2746 376 2791 suem
389 2732 602 2795 emmane.-

187 2817 222 2873 tis
235 2833 330 2873 eorum
344 2819 462 2874 locutum
476 2828 515 2876 est
523 2823 690 2893 superbiero.

147 2907 170 2960 C
185 2905 333 2971 inimicos.
344 2907 462 2971 lueiaoe
475 2908 557 2966 dicit.
572 2910 710 2969 Animam
723 2911 816 2971 uitam
831 2917 937 2988 tempo·

114 2995 218 3060 mem,
234 3011 322 3067 quam
339 2995 467 3068 arripere
481 2996 645 3066 voluerunt,
659 3016 727 3057 cum
740 3018 810 3064 eum
833 3001 940 3076 gladiis

112 3086 141 3137 et
156 3082 286 3140 fastibus
299 3084 751 3148 circumdederuntionoiuduut
763 3090 880 3164 adipem
889 3092 939 3165 qui

112 3169 208 3231 muita
220 3172 377 3239 mmeitste
392 3173 607 3248 pingmscunt;
624 3177 666 3236 eie
680 3178 773 3243 iudei
795 3179 937 3239 scelerum

114 3258 268 3324 nimietate
282 3260 447 3330 incrassati,
463 3261 551 3321 locuni
568 3270 638 3322 eunt
652 3265 823 3339 superbiam
836 3274 939 3331 contra

109 3347 261 3413 mum
284 3349 386 3423 impiis
411 3351 435 3409 li
456 3351 502 3416 uel
524 3358 627 3418 eontra
652 3354 861 3427 pessume
883 3376 939 3419 sua

111 3435 279 3503 meletenia
291 3439 485 3499 richmundo.

113 3544 146 3600 ta
180 3545 361 3618 ijimettcs
373 3562 419 3605 nu
430 3564 505 3605 nune
513 3551 749 3610 circumdederunt
763 3569 807 3612 nte
821 3572 831 3612 .·

181 3633 279 3692 onus
290 3651 354 3692 moe
366 3641 524 3696 statuerumt
536 3639 677 3698 helmarc
690 3644 721 3699 in
735 3647 847 3703 terrum

143 3740 166 3798 C
180 3738 380 3817 Projicieules,
395 3741 507 3802 sslicet
520 3746 668 3806 Christum
683 3753 764 3806 extra
778 3750 935 3810 civitatem.

111 3828 447 3900 Circumdederunt,non
462 3835 603 3910 obsequio
618 3839 669 3894 sed
687 3839 784 3896 lurore
798 3839 828 3897 in
839 3858 935 3900 cruce·

111 3917 216 3976 maios
230 3918 301 3978 maii
316 3920 466 3979 declinant
481 3923 510 3980 in
525 3928 645 3994 terram,
656 3930 775 4001 quando
791 3930 870 3988 mala
891 3948 938 3989 oo·

112 4007 249 4082 gitatione
263 4009 364 4084 aliqua
378 4010 409 4068 in
424 4016 522 4071 mente
535 4013 664 4072 volvant.
681 4016 771 4073 ichl
791 4018 891 4076 oculos
906 4020 936 4078 in

111 4100 218 4155 meram
232 4103 400 4157 statuerunt
413 4101 691 4181 declinare,quaodo
705 4107 741 4163 dc
754 4109 879 4166 terreris
889 4126 936 4167 co-

112 4186 253 4260 gitabant,
270 4192 298 4245 et
312 4190 349 4246 de
363 4189 531 4248 caelestibus
546 4209 604 4250 non
617 4195 847 4254 meditabantur.

111 4285 144 4341 13
178 4287 361 4360 Smcepcrunt
372 4305 416 4345 mc
429 4291 502 4346 sicut
515 4292 556 4348 teo
565 4300 680 4365 perones
693 4295 729 4350 od
737 4295 882 4368 predum:

178 4377 210 4431 at
224 4377 295 4432 sicut
308 4378 417 4434 catulus
431 4379 517 4436 leonis
532 4380 661 4439 tutilone
675 4384 706 4439 in
720 4382 831 4441 additis.

143 4472 164 4530 C
176 4473 377 4551 susceperunt
390 4474 488 4542 me,'id
504 4482 558 4545 est,
570 4478 662 4536 Judaei
674 4497 691 4536 o
701 4479 804 4553 Pilato,
814 4485 934 4561 quaudo

111 4559 181 4623 dixit
191 4578 199 4617 :
211 4561 319 4620 Tollite
332 4580 400 4620 cum
410 4569 440 4627 et
449 4567 610 4641 crucifigite
622 4587 629 4636 ;
645 4567 690 4630 leo
702 4570 837 4635 diabolus
847 4571 933 4635 intei-
949 4590 972 4656 ὓ
1023 4613 1063 4670 00

111 4646 217 4733 ligitur,
238 4652 285 4708 cui
310 4652 359 4709 hic
381 4653 473 4714 ludml
498 4656 602 4723 merito
624 4663 841 4735 comparantur,
866 4677 933 4726 curn

112 4737 196 4803 etiam
211 4757 245 4801 eo
261 4741 378 4815 pejores
391 4742 445 4805 visi
460 4743 532 4817 sint,
549 4745 688 4818 quoniam
704 4744 752 4806 iiie
774 4749 832 4813 luit
843 4767 935 4808 ausus

112 4827 265 4886 Dominum
280 4834 404 4899 tentare,
420 4832 512 4889 iudai
527 4838 624 4895 aulem
640 4835 798 4902 Dominum
818 4838 935 4896 crucili-

112 4932 183 4988 gcre.
198 4917 320 4983 Catulus
335 4917 428 4978 leonis
442 4920 588 4995 reliquum
604 4923 746 5007 populum
765 4926 935 4986 iudeorum

112 5005 214 5079 signat,
226 5006 280 5080 qui
296 5024 328 5064 se
343 5006 451 5066 diaboii
467 5010 545 5068 iiiios
558 5011 725 5072 eiiecerunl.
742 5013 884 5074 liabiiaas
904 5018 934 5074 in

110 5093 226 5162 abditis,
241 5095 271 5152 id
287 5100 342 5165 est,
358 5096 388 5153 in
404 5097 522 5156 insidiis
537 5100 679 5171 occultis,
695 5103 841 5169 maiorum
856 5107 935 5166 enim

110 5180 260 5249 hominum
275 5188 459 5244 consuetudo
478 5193 523 5246 est
538 5189 617 5247 maia
636 5194 701 5248 vota
721 5196 828 5267 tegere,
845 5196 935 5255 uteie

108 5272 229 5331 consilia
241 5289 345 5333 eorum
359 5276 474 5354 possint
487 5278 523 5335 ad
536 5279 671 5343 ellectum
684 5281 791 5339 venire.

109 5362 139 5417 il
172 5369 201 5428 -ζ-
223 5364 266 5418 Ex
286 5371 294 5430 ζ
314 5367 536 5437 surpc,Dornine,
548 5371 675 5442 praeueni
689 5387 751 5426 eum
765 5379 792 5428 ct
803 5375 933 5448 suppinn-

210 5460 239 5508 to
253 5469 317 5509 cum
332 5472 342 5509 .·

174 5542 259 5614 Eripe
272 5544 397 5600 antinum
410 5561 499 5600 mcum
520 5546 555 5602 ni
570 5548 656 5621 impio
673 5568 682 5604 .·
701 5551 836 5620 iraeneum
857 5562 934 5611 tuom

211 5631 247 5686 uir
262 5633 384 5690 tntnnts
395 5646 495 5691 monus
505 5643 572 5694 tuae.

997 917 1125 988 potestas
1140 910 1345 978 divinitatis,et
1359 908 1489 984 alligavit
1501 914 1528 965 et
1544 910 1580 966 ad
1595 909 1743 973 internum
1755 926 1823 983 per·

996 1003 1089 1060 duxit.
1115 1002 1136 1057 C
1161 1003 1292 1066 Frumes,
1307 986 1403 1057 'modo
1430 1002 1560 1068 contum,
1581 998 1668 1055 modo
1689 998 1822 1066 ioricam,

996 1094 1084 1150 modo
1097 1090 1228 1165 gladium
1251 1089 1399 1164 significat
1423 1087 1469 1145 bis
1493 1091 1624 1154 acutum,
1640 1104 1703 1162 quae
1723 1090 1822 1145 tamen

996 1181 1095 1239 omnia
1111 1181 1147 1238 ad
1162 1181 1359 1237 instrumenta
1373 1194 1522 1235 armorum
1538 1181 1650 1234 certum
1671 1182 1718 1234 est
1732 1178 1825 1252 perti·

996 1287 1074 1328 nere.
1091 1271 1115 1327 ii
1128 1271 1249 1327 Promea
1264 1272 1309 1325 est
1323 1266 1402 1324 enim
1414 1267 1518 1333 Patris,
1535 1266 1634 1324 anima
1652 1266 1821 1335 Salvatoris,

995 1361 1113 1434 quando
1129 1377 1180 1433 per
1196 1359 1293 1432 ipsum
1310 1355 1462 1414 diabolum
1476 1355 1579 1411 vicitc
1590 1356 1750 1412 Suntenim
1760 1357 1823 1413 dia-

994 1449 1055 1506 boii
1069 1447 1182 1507 inimici
1198 1464 1305 1505 manus
1319 1444 1449 1512 Domini,
1464 1443 1515 1518 qui
1539 1442 1704 1503 humanum
1728 1461 1822 1519 genus

995 1542 1098 1597 eontra
1110 1537 1291 1595 voluntatem
1306 1535 1424 1595 nomiae
1438 1550 1555 1608 semper
1571 1549 1709 1610 perversa
1718 1533 1822 1592 voiun-

994 1632 1054 1686 tate
1068 1628 1240 1684 dilacerant.

1029 1718 1204 1776 nemeen
1224 1716 1313 1773 etiam
1338 1715 1454 1773 Mem
1475 1713 1577 1785 Filius,
1597 1716 1630 1771 ut
1654 1712 1824 1772 dividmtor

997 1807 1108 1866 creduli
1123 1824 1141 1863 a
1154 1806 1266 1880 paucis,
1282 1804 1312 1862 id
1327 1808 1373 1861 cst
1387 1802 1589 1877 alimonialis,
1603 1807 1636 1861 ut
1649 1805 1821 1861 convertan-

993 1902 1043 1955 tur
1056 1897 1093 1955 ad
1108 1896 1266 1953 Dominum
1282 1895 1319 1951 de
1332 1898 1420 1961 tarra,
1437 1891 1548 1951 seilicet
1560 1891 1652 1964 bunius
1667 1890 1770 1950 munti
1780 1890 1822 1949 vi-

993 1987 1078 2045 tiosa.
1094 1990 1127 2041 in
1142 1985 1201 2041 rita
1215 2000 1328 2052 corum,
1345 1983 1376 2040 id
1389 1986 1434 2043 cat
1447 1982 1477 2039 iu
1493 1982 1604 2041 mundo
1618 1979 1744 2047 isto,ubi
1760 1997 1820 2054 pm·

993 2075 1124 2133 nitentia
1146 2075 1228 2132 iocus
1248 2077 1304 2143 cst,
1322 2076 1354 2130 ut
1376 2073 1406 2130 in
1430 2071 1578 2131 Christum
1601 2070 1763 2129 eraderent.
1779 2069 1821 2127 De

994 2163 1174 2224 absconditis
1188 2163 1258 2220 tuis.
1275 2163 1367 2221 Omne
1383 2165 1535 2235 memtum
1556 2159 1599 2219 iiii
1622 2156 1820 2223 momentis

993 2259 1139 2328 astatque
1155 2271 1172 2309 a
1186 2257 1342 2325 conspectu
1359 2252 1423 2324 ejus
1438 2247 1821 2324 quasiabscondilum,quia

994 2348 1164 2401 extraneum
1179 2345 1225 2400 est
1238 2341 1291 2397 iiii.
1308 2341 1378 2397 Inde
1393 2341 1465 2399 dicit
1480 2337 1673 2412 adimpletum
1683 2353 1820 2396 casaven-

993 2439 1079 2502 trem,
1091 2433 1119 2488 id
1137 2436 1190 2502 est,
1203 2448 1326 2488 sensum
1341 2429 1571 2489 incredulorum.
1585 2428 1609 2485 Α
1623 2427 1645 2485 C
1658 2427 1711 2492 Vel
1723 2426 1820 2486 divide

993 2524 1110 2581 iudmos
1126 2539 1143 2580 a
1157 2525 1234 2579 tarra
1248 2537 1351 2579 eornm
1366 2520 1396 2578 in
1413 2519 1583 2579 uniuersum
1599 2517 1711 2582 arbem,
1721 2519 1752 2573 at
1762 2515 1819 2575 hoo

993 2611 1024 2670 in
1038 2611 1097 2668 vita
1113 2609 1162 2667 ilia
1186 2627 1404 2682 ennumquam
1427 2607 1520 2667 solam
1542 2622 1627 2670 suem
1651 2609 1769 2679 puteat,
1783 2606 1821 2666 de
1920 2678 1923 2685 Ι

993 2705 1101 2758 aterna
1125 2701 1324 2774 desperantes.
1352 2703 1385 2755 tn
1406 2698 1505 2759 tuturo
1530 2700 1628 2759 auum
1652 2695 1723 2769 quin
1748 2699 1820 2758 tuns

994 2791 1069 2848 erit:
1387 2836 1391 2842 .

995 2881 1030 2938 te
1065 2881 1190 2937 Sotnrmi
1203 2886 1268 2938 sunt
1277 2878 1364 2950 filiis:
1401 2905 1403 2909 ·

1064 2971 1098 3027 iit
1111 2967 1277 3026 ttmtsenunt
1291 2969 1423 3040 mimulos
1436 2981 1501 3026 tuos
1513 2965 1640 3038 pmuulit
1653 2965 1722 3023 auis.

1029 3056 1196 3115 iiSaturati
1212 3060 1282 3113 sunt
1297 3054 1377 3123 liliis,
1393 3054 1504 3113 seilicet
1517 3053 1611 3111 iudei
1631 3051 1727 3126 quiin
1752 3068 1819 3124 pro·

994 3146 1140 3204 creatione
1152 3144 1280 3204 filiorum
1295 3141 1482 3218 multiplicati
1491 3137 1817 3210 contenebrescent.

992 3237 1173 3293 Dimimrunt
1197 3232 1336 3307 reliquias
1349 3229 1575 3298 meledictionis,
1591 3229 1646 3289 hoc
1664 3232 1708 3291 est
1722 3229 1818 3288 uinci·

992 3330 1069 3383 ctam
1085 3324 1166 3381 iliam
1182 3341 1272 3397 quam
1294 3322 1494 3390 merebantur,
1515 3319 1668 3381 dieentest
1692 3318 1819 3393 Sanguis

991 3417 1057 3488 ejus
1073 3432 1163 3488 super
1177 3431 1232 3472 nos
1247 3417 1275 3470 et
1287 3429 1377 3486 super
1391 3409 1469 3470 illios
1482 3414 1611 3471 amires·
1626 3407 1820 3481 Deliqueruni

992 3501 1061 3559 liliis
1077 3500 1150 3570 suis,
1167 3501 1237 3574 quia
1253 3499 1294 3559 iili
1309 3499 1387 3560 aient
1410 3501 1508 3572 putres
1530 3495 1664 3560 umuli
1678 3494 1817 3569 dispersi-

991 3608 1049 3665 que
1063 3595 1143 3651 sunt.

992 3682 1026 3739 17
1062 3683 1157 3754 [poia
1179 3688 1271 3739 mun
1293 3686 1300 3748 ζ
1329 3681 1360 3738 in
1371 3677 1631 3750 jurmucppomie
1654 3675 1685 3735 is
1706 3690 1818 3748 compe·

1095 3780 1141 3829 ctu
1152 3788 1201 3829 suo
1216 3789 1226 3828 :

1063 3861 1191 3919 §minim
1202 3876 1266 3917 mm
1278 3861 1440 3933 apperuerit
1452 3856 1542 3930 pierio
1554 3863 1611 3914 uuo.

1027 3950 1048 4007 G
1061 3952 1208 4025 Apparere
1220 3949 1334 4008 sedicit
1348 3948 1378 4005 in
1393 3950 1551 4020 conspeetu
1567 3944 1662 4005 Patria
1685 3959 1753 4003 cum
1770 3943 1819 4016 ju-

992 4039 1081 4105 stitia,
1099 4039 1240 4113 quoniam
1254 4040 1319 4112 ejus
1332 4037 1513 4095 voluntatem
1528 4033 1710 4108 impleuerat.
1728 4032 1821 4091 satis

990 4128 1044 4184 bor
1060 4129 1095 4184 de
1110 4128 1231 4186 humani
1248 4127 1364 4201 generis
1379 4123 1560 4190 credulitate,
1577 4121 1698 4196 quando
1711 4136 1816 4181 uume-

991 4235 1042 4274 rus
1057 4223 1226 4278 sanctorum
1241 4221 1286 4274 eet
1299 4214 1493 4288 supplendus.
1507 4209 1605 4271 Gloria
1616 4208 1710 4271 Patris
1725 4209 1817 4269 mani·

989 4305 1158 4363 testatoris
1179 4304 1293 4377 judicio
1308 4301 1423 4363 Domini
1445 4299 1614 4368 Saisatoris,
1630 4314 1698 4357 eum
1722 4313 1815 4355 unus·

990 4395 1116 4469 quisque
1132 4394 1251 4468 recipiet
1264 4410 1317 4468 pro
1332 4392 1449 4451 actibus
1463 4389 1536 4449 auis.

1234 4517 1336 4559 omero
1355 4517 1391 4558 ax
1413 4515 1492 4557 esau.
1512 4514 1570 4557 xm.

1066 4616 1174 4679 nrcrte,
1190 4608 1322 4678 Domine,
1337 4607 1439 4665 oeulos
1453 4606 1550 4663 cordis
1575 4603 1669 4662 nostri
1692 4603 1729 4659 ad
1752 4617 1814 4658 cer·

989 4704 1116 4760 nendum
1132 4700 1175 4757 tui
1187 4698 1293 4772 judicii
1314 4698 1513 4764 veritatem,ut
1527 4695 1598 4750 dum
1614 4693 1661 4748 hic
1678 4692 1743 4764 igue
1753 4689 1814 4761 spi-

988 4791 1087 4848 rituali
1102 4790 1271 4864 pmbamur,
1287 4787 1396 4844 deluis
1411 4785 1442 4840 in
1457 4789 1598 4840 aternum
1609 4777 1814 4852 conspectibus

989 4898 1054 4938 cum
1072 4882 1168 4935 iruetu
1188 4875 1309 4950 justitie
1333 4875 1485 4931 satiemur.
1501 4870 1555 4926 Por
1577 4868 1735 4925 Dominum
1749 4883 1815 4923 uos-

987 4975 1078 5036 trum,
1095 4973 1150 5026 etc.

1268 5082 1537 5145 esaumus'xvti.

1203 5192 1403 5236 anouueurmu
1427 5191 1509 5232 esna.
1528 5190 1597 5230 xvrr.

973 5326 979 5334 ·
1024 5291 1045 5348 C
1060 5289 1204 5363 Propheta
1219 5285 1341 5348 Domino
1351 5282 1619 5359 gratiasagit,qu0d
1634 5279 1815 5355 eumdegru-

988 5381 1074 5439 vibus
1088 5376 1228 5454 perieulis
1243 5372 1584 5446 liberavit,lequiturque
1599 5367 1813 5440 Ecclesiaquod

988 5473 1055 5526 ante
1069 5457 1226 5527 aduentum
1242 5462 1358 5520 Domini
1373 5463 1543 5519 innumeras
1564 5457 1716 5539 pertulerit
1735 5455 1814 5513 caia-

989 5559 1118 5614 mitutes:
1128 5573 1182 5613 vox
1196 5554 1284 5616 ctiam
1294 5552 1401 5611 Christi
1418 5551 1568 5639 inducitur
1582 5548 1631 5605 ubi
1645 5545 1813 5615 virtusejus

990 5653 1178 5722 potestasque
1193 5642 1378 5703 describitur.
