3884 6084
121 223 201 288 loto

781 226 832 290 ult
853 224 1008 290 cumulo
1030 222 1172 289 MISSAE.

1748 215 1828 287 {078

115 356 423 430 ruturedolescentiae,
440 377 504 434 que
520 359 627 418 habilis
646 366 691 419 est
715 361 895 436 generationi
911 363 946 419 fi·
960 361 988 429 Α
1002 363 1136 417 cantetur
1164 363 1194 418 et
1221 357 1335 432 legatur
1359 354 1540 431 antiphona:
1559 355 1668 416 licendi
1689 357 1804 416 Domine
1815 371 1828 415 .·

113 447 234 506 liorum.
250 450 385 507 Secunda
397 451 576 507 consecratio
606 456 650 508 est
665 452 694 507 in
710 457 813 525 quarto
833 470 943 519 mense,

114 541 245 596 seeundo
258 541 477 613 Sabbato,quod
494 546 538 597 est
552 541 669 598 initium
685 540 805 598 secundi
821 541 945 616 catalogi

114 629 340 709 quatuordecim
365 629 627 686 hebdomadarum.
647 631 711 687 llaec
733 631 890 704 deputatur
914 633 943 687 in

111 716 177 775 loco
192 717 320 774 liliorum
337 720 437 775 David.
454 720 542 775 David
566 721 774 793 iuterpretatur
789 738 875 777 irroun
890 724 945 794 sor-

111 807 228 880 tic,ipse
242 807 398 880 prostravit
414 807 538 875 Goliath,
553 809 583 863 id
596 814 650 877 cst,
668 809 820 866 humilitus
843 828 946 882 super·

112 896 206 954 bianr.
220 897 273 964 Qui
290 902 508 963 consecrantur,
522 903 674 971 propterea
690 905 898 956 consecrantur
912 904 945 956 ut

113 985 205 1043 sortes
221 985 280 1042 siut
293 991 321 1042 et
334 1003 385 1058 per
400 987 597 1043 humilitatem
613 987 751 1060 dejiciant
765 989 943 1061 superbiam.

113 1075 184 1149 Ipsa
198 1074 361 1132 celebratur
373 1076 404 1131 in
418 1077 434 1132 J
438 1076 507 1131 unio
523 1078 755 1149 monse,quando
771 1079 865 1134 terror
880 1095 944 1134 ma-

113 1181 195 1239 gnus
209 1163 279 1220 solis
294 1169 339 1220 est
363 1182 452 1237 super
475 1169 593 1221 terrum.
610 1166 753 1222 Omnibus
774 1171 876 1223 notum
901 1171 945 1224 ast

114 1252 207 1310 David
223 1251 396 1308 bellicosum
412 1252 513 1309 luisse.
530 1256 659 1327 Tempus
677 1256 759 1310 lunii
783 1261 885 1329 aptum
900 1259 945 1311 est

114 1340 211 1399 bellis.
228 1342 326 1398 Tertia
341 1343 519 1398 consecratio
538 1343 701 1399 celebratur
716 1345 746 1399 in
761 1344 943 1417 Septembris

113 1431 201 1487 tertio
217 1430 438 1502 Sabbatc,quod
454 1437 497 1488 est
514 1432 630 1488 initium
645 1434 720 1488 tertii
737 1432 943 1507 catalogillrce

112 1519 272 1591 deputatur
284 1519 463 1591 generationi
478 1520 794 1577 lechcniadechonias
806 1520 945 1592 interpre-

111 1611 193 1664 tatur
205 1609 373 1679 praeparatio
391 1609 652 1682 dominilt'ulliquc
667 1611 830 1679 ‹lubiun1‚si
841 1628 943 1667 omnes

999 451 1091 507 missa
1107 451 1231 523 tor-atich
1243 468 1334 523 procos
1349 457 1453 506 nostras
1469 465 1625 521 quaeamus
1638 450 1761 506 Domine.
1774 449 1827 506 Rc·
1851 450 1854 455 ’

999 538 1083 612 quire
1098 540 1127 595 in
1143 539 1238 613 prima
1253 539 1437 596 hebdomada
1450 537 1799 611 Quadragesimemectio
1817 555 1824 595 ε

997 630 1076 684 ouen
1091 629 1228 685 Salomon.
1246 630 1317 686 ltcm
1333 629 1424 685 oratio
1441 647 1447 684 :
1464 629 1635 684 iterationem
1647 629 1825 700 papatihcc·

999 716 1038 774 tio
1054 718 1134 774 Isaiae
1157 719 1305 792 propheta
1324 736 1330 773 :
1347 719 1426 785 sinedi,
1442 717 1532 774 taeolr.
1550 716 1673 773 Alleluia
1688 735 1695 773 :
1710 719 1826 774 Domine

997 807 1068 862 Deus
1083 809 1190 863 satiatis.
1206 807 1341 879 Crangcl.
1359 807 1522 862 seeundum
1539 806 1646 861 Lucam
1663 822 1669 861 :
1688 806 1824 862 Acceden-

999 904 1037 953 tea
1052 896 1191 968 discipuli.
1208 897 1319 953 Offcrt:
1339 898 1397 952 liri
1420 896 1539 952 Girlileci.
1558 893 1730 950 Communia
1744 911 1751 949 :
1768 900 1825 951 Pa·

999 994 1049 1053 ter,
1065 1003 1128 1041 eam
1142 1003 1235 1043 cesena.
1252 987 1334 1041 Faria
1348 990 1428 1042 sexta
1443 984 1604 1058 antiphona
1619 1002 1626 1040 :
1641 983 1760 1051 Eeaudi,
1772 986 1824 1041 Do-

998 1076 1072 1131 mine
1087 1095 1096 1132 :
1112 1075 1203 1131 missa
1218 1075 1333 1147 [oratio]
1350 1093 1357 1130 :
1375 1078 1446 1142 licto,
1461 1076 1586 1140 Domine,
1600 1075 1747 1146 propitius.
1760 1075 1826 1130 Leo·

998 1164 1039 1219 tio
1056 1182 1062 1219 :
1078 1166 1230 1233 Easrttlme,
1254 1166 1323 1235 filiae
1346 1164 1422 1220 Simo.
1447 1163 1570 1219 Alleluia
1584 1180 1590 1219 :
1606 1164 1729 1232 Domine,
1748 1165 1825 1235 resa·

998 1255 1073 1325 pium
1103 1256 1192 1326 [ircim
1220 1271 1257 1310 es.
1282 1253 1468 1327 Evangelium
1500 1253 1661 1308 secundum
1689 1253 1823 1308 Lucam:

1001 1344 1080 1398 Venit
1109 1343 1144 1397 art
1170 1349 1264 1401 aeson
1295 1345 1339 1399 rir
1365 1343 1476 1398 nornine
1502 1343 1618 1421 Jairua
1637 1341 1726 1396 Ollcrt
1742 1357 1748 1398 :
1767 1338 1827 1398 Viri

999 1433 1119 1490 Galiboi.
1149 1432 1323 1488 Communia
1347 1450 1353 1487 :
1375 1433 1456 1487 l'uter
1484 1448 1546 1487 cani
1573 1448 1666 1486 essem.
1697 1430 1824 1487 Sabbata

999 1538 1101 1577 omnes
1125 1522 1217 1594 parati
1245 1522 1380 1594 primitus
1405 1526 1523 1577 cantent
1547 1520 1689 1577 litaniam.
1717 1519 1824 1575 Deinde

997 1612 1084 1683 liprie
1095 1611 1211 1676 elstram
1225 1613 1320 1668 Gloria
1335 1614 1363 1666 in
1380 1613 1492 1666 eccelsia
1507 1612 1568 1666 Deo.
1585 1611 1688 1665 Postea
1706 1609 1797 1665 oratio
1815 1627 1821 1664 :

111 1698 391 1770 oportetpraparari
402 1697 606 1755 inAdventurn
618 1699 818 1772 Domini‚quin
829 1700 944 1772 potissi·
958 1737 982 1802 B
998 1701 1130 1756 llerrtibua
1146 1702 1255 1780 rrootria.
1271 1701 1335 1756 Alia
1352 1718 1357 1755 z
1376 1702 1425 1756 llio
1448 1716 1497 1757 nos
1521 1702 1593 1771 ipae.
1614 1698 1712 1755 Tertia
1729 1717 1735 1754 :
1752 1701 1822 1755 Deua

111 1802 197 1842 mum
212 1803 262 1842 eos
277 1785 327 1859 qui
343 1792 564 1843 consecrantur.
573 1789 671 1860 Neque
687 1789 740 1843 hoe
755 1788 817 1844 sinc
833 1790 943 1844 ratione
998 1791 1046 1863 qui
1058 1790 1092 1844 rot
1107 1792 1274 1845 rarrirnurnm.
1291 1789 1398 1853 Quarta
1415 1807 1421 1844 :
1436 1791 1551 1857 Praesta,
1573 1804 1739 1860 pararemus,
1765 1806 1824 1843 onr-

110 1880 157 1932 est
172 1875 198 1931 si
213 1879 399 1948 computetur
419 1876 569 1949 catalogus
597 1877 761 1932 novissimae
787 1879 944 1935 tesserade·
997 1882 1123 1951 nipoteua
1135 1881 1214 1944 liora,
1231 1882 1261 1933 at
1275 1879 1443 1933 salutaribus
1453 1879 1581 1951 jejuniis.
1598 1877 1705 1942 Quinta
1721 1894 1728 1932 :
1744 1881 1822 1935 rne-

110 1964 341 2031 cudis,ctsemel
358 1966 720 2038 computetuchehonias,
739 1985 795 2022 non
817 1968 943 2040 amplius
996 1973 1048 2034 atro,
1076 1984 1231 2040 qumanana
1258 1970 1429 2039 ornnipolens
1457 1969 1536 2034 Dato,
1562 1970 1602 2023 aie
1629 1984 1687 2023 noa.
1712 1968 1823 2024 Subse-

113 2053 304 2110 inueniuntur
320 2071 387 2110 eum
404 2055 467 2126 ipso
484 2054 598 2111 Christo
612 2073 700 2128 quam
712 2057 848 2112 tredecim
861 2074 945 2129 geue-
998 2063 1131 2129 quuntur
1158 2057 1298 2113 lectiones
1326 2074 1394 2112 eum
1422 2056 1612 2129 gradualibus
1638 2074 1644 2112 :
1672 2059 1822 2128 Propitius,

112 2143 260 2211 rationem
277 2143 302 2198 si
319 2143 381 2216 ipse
396 2144 442 2199 bis
458 2148 653 2216 computetur,
666 2145 885 2216 quatuordeeim
902 2145 943 2200 in·
998 2151 1145 2213 Protea-tor,
1162 2147 1372 2211 Arthetaurum,
1389 2148 1532 2216 Diriqntar
1554 2155 1580 2201 et
1602 2145 1764 2201 berredicite.
1780 2145 1822 2200 Ad

111 2231 410 2289 veniuntnesanctus
424 2233 609 2304 Augustinus
623 2250 711 2288 eausa
731 2233 861 2306 mysterii
877 2251 929 2307 per
997 2234 1119 2290 missam
1138 2253 1144 2290 :
1162 2238 1278 2301 Prmato,
1305 2250 1473 2306 qruaaaumus,
1495 2236 1664 2306 omnipotens
1688 2235 1769 2302 Deua,
1793 2241 1824 2288 ut

112 2320 196 2377 hibet
211 2320 320 2376 iactum
336 2338 399 2377 esse
415 2322 491 2393 quod
503 2321 721 2394 lechonias,qui
738 2323 943 2395 interpretatur

110 2412 282 2483 praeparatio
296 2408 474 2478 Domini,'bis
491 2415 661 2467 numeretur
675 2411 704 2466 in
722 2412 779 2466 linc
795 2413 899 2484 prieris
914 2416 942 2468 et

113 2499 253 2571 incapite
270 2497 418 2570 sequentis
430 2497 567 2572 catalogi,
585 2499 703 2570 lapidem
723 2502 896 2571 (tripularenr,
912 2500 941 2556 id

110 2592 169 2656 cst,
186 2586 333 2643 Christum
349 2587 520 2661 significans
537 2606 543 2643 :
560 2588 590 2643 iu
605 2606 663 2660 quo
679 2590 849 2661 praeparauit
864 2590 941 2647 Deris

110 2681 195 2751 pater
205 2677 281 2732 duos
297 2676 421 2749 populos
436 2676 519 2748 quasi
537 2677 663 2748 parietes
678 2678 707 2734 in
721 2680 941 2752 unamjuugerc

110 2765 245 2823 domum.
261 2765 435 2838 Quanquam
451 2765 554 2822 beatus
570 2767 764 2839 Hieronymus
783 2768 853 2824 titio
868 2768 940 2823 scri·

108 2858 231 2929 ptorum
246 2859 274 2911 et
290 2854 472 2926 longitudine
496 2859 661 2927 temporum
687 2857 761 2912 inter
785 2858 897 2913 Grecos
913 2863 941 2913 et

996 2325 1143 2379 claritatis
1162 2323 1255 2379 Loutia
1274 2341 1280 2377 :
1297 2325 1364 2379 Cam
1389 2324 1483 2395 Apollo
1506 2330 1573 2378 essm
1597 2323 1730 2378 Corinthi.
1746 2321 1824 2377 nile-

997 2411 1057 2468 luia
1082 2430 1089 2467 :
1114 2413 1298 2484 Corrtlternirn'.
1328 2414 1452 2468 Tractus
1478 2429 1484 2466 :
1514 2411 1633 2468 Laiadete
1664 2412 1822 2468 Coruinum.

997 2501 1184 2575 Ei'etugelium
1205 2501 1367 2558 secundnm
1391 2500 1535 2557 loannem
1553 2503 1606 2556 :Si
1629 2501 1747 2571 dilipitis
1770 2517 1823 2556 mc.

996 2591 1119 2648 onera:
1144 2591 1243 2648 Elaitte
1269 2593 1409 2662 spiritum.
1426 2590 1539 2646 Comm.
1558 2606 1564 2645 :
1584 2590 1694 2647 utitem.
1720 2589 1825 2661 Utique

996 2680 1159 2736 seeundum
1189 2679 1431 2735 consuetudinem
1465 2678 1627 2750 antiquam.
1655 2675 1824 2744 Gradualia,

997 2769 1072 2824 sieut
1086 2786 1142 2823 narn
1158 2768 1294 2823 salumin
1310 2767 1419 2823 nostris
1435 2767 1518 2822 libris
1532 2765 1821 2835 habeturiusortum,

996 2858 1047 2914 sed
1064 2858 1162 2923 etiam,
1180 2862 1212 2912 ut
1227 2858 1255 2912 in
1272 2857 1399 2928 quodam
1414 2856 1517 2912 ordino
1539 2856 1702 2912 secuudum
1727 2856 1821 2913 saneti

113 2943 941 3018 Latinoseoulusumessenarretetpatremquiinlle·
994 2946 1101 3002 Gelasii
1134 2963 1214 3018 papa
1244 2945 1448 3000 alletoritatem
1477 2944 1569 3017 reperi
1599 2944 1821 3017 praetitulatum.

112 3032 194 3091 braeo
207 3032 342 3089 Joachim
359 3031 527 3088 nominatus
542 3037 656 3099 estnon
673 3034 702 3088 in
715 3034 879 3091 Chaldaeum
890 3037 941 3091 du·
997 3036 1050 3101 Qui
1068 3052 1132 3090 nros
1149 3051 1241 3107 usque
1256 3033 1354 3100 hodie,
1371 3038 1599 3107 utccmpcrtum
1621 3033 1775 3099 hahemus,
1793 3034 1823 3090 in

111 3122 259 3191 etum,scd
275 3120 445 3177 defunctum
462 3123 490 3177 in
508 3125 690 3189 terrueua,et
702 3123 940 3181 liliumlaarhim
957 3107 977 3173 C
999 3130 1099 3183 sarreia
1114 3125 1246 3180 ltomaua
1267 3129 1398 3179 servatur
1410 3121 1546 3179 Ecclesia.
1562 3122 1684 3179 Videtur
1706 3139 1824 3196 quoque

112 3209 940 3284 decapticitaleredeuntemSalathielgenuissealfirmet.

113 3298 207 3373 Igitur
221 3298 409 3372 supradictus
419 3299 520 3354 doctor
529 3298 621 3355 voluit
630 3299 751 3374 intelligi
763 3307 794 3357 ut
803 3302 940 3359 tredecim

113 3392 143 3447 ot
156 3387 381 3462 quatuordecim
396 3388 585 3444 hebdomada
602 3391 824 3462 pratlgururcnt
837 3391 866 3446 in
884 3410 943 3465 my·

114 3479 216 3545 staria,
232 3478 310 3551 quod
325 3477 480 3534 Jcchonias
496 3478 585 3534 senrel
602 3483 651 3533 aicit
672 3479 717 3533 bis
743 3485 897 3550 poneretur
912 3482 942 3536 in

114 3566 257 3641 catalogo.
274 3567 426 3638 Enimvero
442 3567 580 3623 erunibus
596 3567 681 3623 annis
707 3568 845 3623 tredecim
863 3569 941 3626 inac-

113 3656 376 3729 niuutur,exceptis
393 3656 450 3724 his,
464 3657 518 3712 hoc
534 3660 588 3724 est,
600 3657 717 3731 quaudo
734 3657 857 3712 Martius
873 3658 944 3713 laria

111 3746 200 3804 tertia
214 3746 257 3802 vel
274 3745 535 3818 quartah'atiuitas
551 3764 617 3802 uero
634 3745 749 3801 Dorrrini
765 3748 857 3801 nostri
872 3748 941 3803 iesu

112 3835 221 3893 Christi
237 3835 392 3891 Domiuiea
406 3840 457 3891 aut
472 3837 602 3892 secunda
625 3835 697 3891 seria
720 3835 943 3892 ceciderintue

112 3924 168 3983 hoo
179 3924 388 3998 jejunio,quod
404 3923 433 3980 in
446 3925 510 3997 ipsa
518 3924 756 3998 solebantvigilia
764 3925 943 3998 antiquiores

111 4014 272 4082 celebrare,
288 4032 379 4088 supra
404 4014 573 4070 norninatus
602 4014 675 4070 dixit
702 4014 834 4071 Aurelius
852 4033 858 4069 :
876 4016 944 4081 Quae

112 4105 295 4163 consecratio
308 4104 396 4160 habet
411 4104 498 4159 finem
514 4102 545 4158 in
561 4104 626 4176 ipsa
644 4102 799 4159 Nativitatc
824 4103 943 4170 Christi,

115 4195 193 4252 sieut
208 4194 405 4267 quorumdam
421 4192 572 4261 italorum,
584 4192 681 4248 nescio
698 4210 734 4248 an
751 4193 946 4262 omnium,ud·

996 3213 1024 3270 id
1053 3214 1121 3269 huie
1151 3213 1310 3268 narrationi
1340 3228 1494 3267 assensum
1523 3212 1660 3284 praebere,
1686 3211 1764 3283 quod
1792 3211 1822 3268 in

997 3301 1174 3360 authenticis
1189 3301 1409 3373 ilntiplronnriis
1424 3302 1483 3356 duo
1507 3305 1622 3357 tantum
1646 3301 1762 3357 alleluia
1778 3301 1823 3356 in-

997 3393 1154 3448 veniuntur
1169 3391 1332 3462 descripta;
1348 3390 1401 3446 hoc
1417 3395 1480 3447 est:
1498 3393 1610 3448 Errrittcs
1633 3392 1779 3463 Spiritum,
1795 3396 1825 3447 et

997 3484 1116 3554 Spiritus
1146 3481 1256 3535 herarmi
1264 3499 1275 3544 ;
1304 3487 1406 3535 caetera
1435 3496 1502 3535 uero
1532 3498 1549 3535 a
1578 3479 1728 3536 modernis
1754 3483 1825 3536 sunt

997 3569 1169 3643 composita.
1185 3570 1367 3641 Quapropter
1391 3569 1565 3625 intuendum
1591 3573 1635 3625 est
1658 3569 1728 3642 quia
1751 3568 1824 3625 siin

998 3659 1184 3716 monasteriis
1199 3659 1315 3714 attalaia
1330 3662 1434 3714 cautus
1459 3660 1598 3727 abundat,
1614 3659 1685 3731 quid
1710 3657 1824 3732 simpli·

998 3767 1046 3806 ces
1074 3746 1210 3803 uillarum
1237 3747 1396 3820 preshq'tcri
1425 3751 1525 3821 egeant,
1548 3747 1599 3819 qui
1624 3747 1670 3802 vix
1697 3748 1824 3804 duorum

997 3841 1112 3894 tanturn
1130 3836 1263 3891 notitiam
1279 3835 1409 3891 habent?
1426 3834 1461 3890 Ut
1476 3834 1609 3891 omnium
1624 3835 1737 3910 vulgari
1758 3853 1826 3909 pro-

997 3927 1096 3983 verbio
1120 3930 1195 3993 utar,
1212 3929 1263 3980 aut
1287 3929 1406 3979 cantant
1430 3924 1508 3995 quod
1532 3923 1639 3990 sciunt,
1656 3929 1707 3980 aut
1730 3929 1826 3982 tacere

999 4014 1216 4087 compelluntur
1232 4013 1309 4084 quod
1327 4012 1472 4068 nesciunt.
1488 4012 1551 4067 Non
1568 4016 1664 4068 tuanen
1680 4012 1741 4068 haec
1756 4013 1827 4068 scri-

998 4104 1082 4167 bens,
1117 4101 1371 4157 sanctissimorum
1405 4099 1607 4157 auctoritatem
1641 4101 1826 4157 sacerdotum

999 4190 1169 4264 praejudiec,
1194 4208 1269 4263 quos
1300 4190 1330 4244 in
1359 4193 1459 4245 sancto
1485 4189 1594 4262 Spiritu
1624 4193 1825 4262 congregatos,

117 4282 175 4340 hue
190 4300 255 4339 mos
270 4288 409 4356 estagcre
421 4286 514 4355 utcgo
526 4281 588 4353 ipsc
599 4281 707 4337 ibidem
719 4282 832 4353 positus
843 4299 946 4355 cogno·
995 4280 1173 4352 jamdudum
1203 4278 1299 4335 audiui
1329 4278 1358 4332 in
1389 4277 1578 4351 synodalibus
1612 4278 1673 4334 suis
1702 4277 1828 4335 decretis

117 4372 161 4440 νίς
177 4371 231 4428 sed
247 4388 319 4428 usus
334 4371 364 4426 in
381 4370 490 4426 nostris
512 4369 636 4426 exerevit
649 4368 787 4426 Ecclesiis
800 4374 833 4426 ut
848 4369 877 4426 in
894 4387 945 4426 au·
1000 4369 1139 4425 statuisse
1155 4372 1187 4423 ut
1203 4366 1297 4433 mauis
1313 4368 1437 4422 debeant
1458 4367 1575 4423 alleluia
1596 4366 1827 4436 decantar13sed

118 4460 218 4519 teriori
234 4459 419 4518 bebdomada
433 4450 618 4531 anticipetur,
631 4457 700 4530 quia
715 4457 766 4514 illa
778 4460 835 4515 duo
852 4460 947 4515 officia
961 4479 984 4543 D
1000 4457 1172 4530 simpliciter
1188 4475 1251 4529 qua
1268 4456 1374 4512 sentire
1400 4456 1478 4528 potui
1507 4457 1544 4513 ad
1568 4456 1747 4530 interrogata
1767 4473 1828 4513 res·

116 4548 223 4623 jejunii
234 4554 262 4605 et
271 4546 383 4604 Natalis
394 4547 510 4603 Domini
522 4564 579 4602 non
591 4546 767 4603 conveniunt
776 4547 864 4603 simul
877 4547 947 4604 eele-

119 4636 207 4695 hrari.
222 4637 296 4693 Nam
312 4642 340 4694 et
356 4637 431 4693 sieut
441 4635 946 4709 praeveniendoistudantieipamus,

119 4725 159 4784 itu
171 4728 336 4784 secuudum
351 4726 513 4782 Sabbatum
527 4724 608 4780 Juuii
624 4725 734 4780 mensis
757 4742 824 4781 cum
848 4725 948 4799 vigilia

119 4815 304 4875 Pentecosten
316 4816 340 4871 si
352 4814 729 4888 provenerit,prolungando
741 4815 769 4869 in
781 4814 947 4887 proximum

118 4904 462 4972 ditt‘erimnalicctnostri
470 4908 670 4959 antecessores
680 4904 948 4976 utrumqueinipsu

118 4993 218 5068 vigilia
228 4998 331 5050 saneta
341 4991 431 5049 simul
442 4990 712 5060 celebrarent,sieut
723 4991 947 5064 pretitulaticno

119 5080 263 5139 librorum
276 5082 394 5138 evidens
410 5081 554 5137 habemus
569 5080 859 5146 testimouiumtiuid
876 5073 950 5138 adeo

120 5188 195 5245 opus
213 5176 269 5237 est,
286 5188 363 5227 nrrnc
388 5169 506 5242 inquiri,
523 5170 599 5241 quod
625 5175 686 5225 tam
709 5169 796 5242 lango
820 5176 949 5242 ternpore

119 5262 208 5334 cmpit
219 5260 352 5317 dedisci?
366 5264 495 5317 attamen
512 5276 547 5314 nc
559 5258 729 5330 hujusmodi
742 5259 864 5314 seientia
875 5261 950 5314 lrriu-

120 5350 210 5419 deris,
227 5347 295 5405 talis
320 5348 471 5421 inscriptio
496 5364 584 5419 super
606 5346 660 5402 hac
684 5364 714 5402 rc
729 5347 854 5403 habetor
871 5349 898 5402 in
915 5347 949 5402 li-

119 5440 183 5497 bris
208 5438 318 5496 nostris
334 5456 341 5492 ι
358 5437 386 5494 Si
411 5437 560 5494 evenerint
582 5435 736 5493 duodecim
762 5437 899 5493 lectiones
921 5436 949 5491 in

119 5530 249 5589 mabam
274 5533 374 5587 sancto
393 5528 587 5597 Pentecostcs,
603 5530 673 5582 tune
699 5526 728 5581 in
754 5532 857 5599 quarta
881 5526 951 5584 scria

1002 4547 1129 4620 pondere
1159 4544 1266 4611 curaui,
1284 4542 1438 4601 consulere
1467 4544 1567 4602 uolens
1593 4545 1691 4614 etiam,
1708 4545 1734 4601 si
1761 4562 1828 4618 pos·

1002 4652 1079 4703 sum,
1098 4635 1153 4689 mei
1171 4633 1313 4689 similium
1329 4632 1494 4706 imperitiae,
1509 4634 1560 4707 qui
1574 4639 1617 4691 tot
1632 4635 1747 4691 attalaia
1769 4650 1827 4690 non

1003 4728 1110 4780 norunt
1126 4727 1251 4779 eantare.
1267 4723 1313 4777 Sic
1327 4722 1356 4777 in
1372 4722 1499 4795 quodam
1523 4722 1621 4780 libello
1645 4724 1680 4780 de
1703 4723 1758 4779 hoe
1781 4739 1828 4778 or-

1002 4812 1069 4869 dine
1082 4812 1139 4885 legi
1156 4830 1207 4884 per
1225 4811 1357 4884 singulas
1382 4811 1538 4880 orationes,
1554 4813 1696 4868 debemus
1721 4811 1828 4867 mentis

1002 4900 1198 4957 humilitatem
1215 4918 1266 4973 per
1279 4917 1407 4973 genuum
1419 4900 1574 4956 flexionem
1585 4901 1829 4967 osteaderc‚exee·

1002 4996 1051 5065 pto
1068 4991 1143 5046 intro
1158 4990 1357 5045 Pentecosten.
1375 4989 1405 5044 ln
1423 4988 1485 5044 sola
1504 4990 1633 5045 oratione
1654 4990 1690 5045 de
1714 4989 1829 5046 camino

1002 5080 1078 5153 ignis
1095 5097 1151 5135 non
1168 5078 1312 5134 sseelimus
1322 5079 1549 5152 genuaquanm)
1560 5077 1828 5136 Nabuchodonosor

1003 5167 1830 5242 compellabatpopulumadorarestatuamquamlecerat,

1004 5265 1036 5314 ut
1052 5262 1186 5330 separata
1211 5257 1249 5311 sit
1273 5261 1374 5311 nostra
1399 5255 1581 5330 metimque
1607 5262 1652 5314 eut
1675 5257 1712 5313 ad
1737 5276 1830 5314 unum

1005 5347 1148 5415 Diaronab
1165 5361 1261 5401 errare
1271 5345 1551 5417 geniminsimilem
1563 5347 1599 5402 ob
1611 5364 1729 5404 eausam
1743 5346 1831 5403 eliam

1005 5437 1034 5492 iu
1051 5436 1206 5492 l'nruseem
1220 5452 1316 5507 genua
1332 5454 1388 5491 mm
1406 5436 1549 5493 lleetimus
1569 5455 1621 5510 pro
1646 5437 1766 5511 perfidis
1778 5437 1830 5493 Ju-

1005 5526 1085 5593 dais,
1100 5525 1150 5599 qm
1166 5523 1315 5581 illudendo
1339 5542 1437 5598 genua
1460 5526 1616 5584 flectebant
1639 5544 1737 5585 coram
1760 5525 1829 5584 Dee.
