3884 6084
171 260 249 319 ι383
641 258 846 325 tattottttts
870 259 1156 325 tuuovtcttttsts
1175 256 1403 338 ,Episcopus
1800 261 1879 324 ¹384

169 391 223 448 lari
239 409 312 464 opus
327 391 601 464 sitde'quibusjam
617 398 645 449 el
655 393 832 467 abantiquis
842 395 988 463 Patribus,
1005 396 1028 463 Α
1044 410 1094 465 per
1109 394 1176 462 loco,
1193 395 1250 449 rrisr'
1260 393 1335 464 fidei,
1357 395 1425 466 spei,
1449 398 1476 450 et
1498 394 1633 451 charitati
1654 396 1799 450 contraria
1812 401 1875 465 sint,

120 554 123 560 μ
169 486 197 538 et
211 498 227 536 a
243 487 344 538 sancta
359 482 490 538 Romana
502 485 531 536 et
545 482 702 554 apostolica
717 483 794 550 sede,
819 488 848 539 et
869 500 992 556 nupera
1045 484 1119 539 nihil
1133 484 1240 554 officere
1255 483 1422 540 Christianae
1447 482 1581 551 dipnitati
1595 483 1726 545 uideretur
1735 502 1747 549 ,·
1759 486 1815 540 imo
1830 485 1877 540 illa

169 569 993 645 conciliaBituriccnsi,ethichesternsperitocumdispu-
1044 571 1209 626 consuetudo
1225 575 1333 642 semper
1356 571 1391 626 ad
1411 559 1573 642 relipionem
1593 570 1725 643 prodmse
1747 571 1875 642 ereditur,

158 658 445 732 'tutionepieniusad
457 658 992 733 ordinemperlectumdsfinilumest‘l
1044 675 1107 731 quse
1122 664 1181 715 turn
1194 675 1243 731 pro
1259 660 1325 727 loco,
1343 663 1402 714 tum
1422 676 1473 731 pro
1496 664 1625 732 tempore,
1638 674 1694 731 pro
1708 652 1877 729 neoessitw,

58 750 62 754 ’
166 747 245 805 Nihil
257 747 431 820 itaquejam
448 747 527 804 aliud
539 752 726 821 restatquam
738 750 892 806 utsnobis
904 748 990 806 hicin
1041 762 1094 818 pro
1119 748 1262 820 dipnitate,
1276 763 1326 819 pro
1350 749 1467 816 ratione,
1481 764 1533 820 pro
1556 749 1732 817 securitate,
1748 753 1878 807 unanimi

166 842 325 911 conspectu
340 836 456 893 concilii
471 836 589 908 publica
603 838 781 895 damnentur
795 838 992 895 excommuni-
1043 837 1184 892 uoluntate
1195 837 1330 907 fratribus
1352 838 1384 892 in
1397 853 1485 893 unum
1498 838 1691 894 habitantibus
1715 840 1784 894 hene
1804 855 1876 895 mm·

166 925 289 994 cutione,
306 926 485 998 quicumque
500 924 595 982 clerici
605 926 640 982 de
653 928 791 983 omuibus
806 927 989 1000 comproviu-
1040 926 1150 997 plaeere
1161 925 1278 982 uidetur.
1296 925 1368 994 Quid
1381 927 1479 982 enim?
1491 926 1623 999 Nunqaid
1636 928 1769 984 mnenici
1783 944 1875 984 mona-

166 1013 290 1072 cialibu's
307 1014 416 1070 nastris
431 1013 553 1070 ulterius
569 1019 636 1088 post
654 1016 709 1072 hoc
732 1016 888 1072 concilium
904 1034 989 1089 repu·
1041 1014 1104 1069 etos
1115 1030 1166 1086 pro
1180 1013 1322 1070 duodecim
1341 1015 1511 1083 lectionibus,
1527 1016 1569 1070 uel
1585 1015 1718 1071 monaehi
1730 1020 1876 1073 canonicos

159 1105 269 1178 *munti
280 1104 380 1160 animo
393 1103 850 1172 heatumMsrtislem,doctcrem
860 1105 989 1176 primum
1040 1117 1090 1175 pro
1119 1119 1215 1159 nouem
1241 1119 1355 1159 eunuco
1381 1103 1575 1175 reprehendere
1601 1103 1741 1176 munet?
1763 1107 1900 1178 iitroque·

164 1191 338 1266 equitania,
353 1191 455 1248 in‘slio
470 1208 559 1264 quam
576 1192 606 1248 iu
621 1193 821 1266 apestolorum
845 1193 947 1250 ordine
961 1196 990 1249 et
1041 1194 1116 1248 enim
1141 1195 1248 1249 ratione
1271 1200 1296 1248 et
1317 1193 1480 1249 a·uetoritale
1502 1193 1584 1261 firma
1598 1200 1688 1258 sant:
1703 1197 1747 1249 ter
1760 1203 1875 1265 pautmr

165 1281 308 1340 memoris
318 1279 541 1337 enuntiaverint.
558 1302 572 1330 n
1039 1297 1090 1353 pro
1104 1289 1221 1353 quotuor
1233 1280 1333 1337 mundi
1339 1281 1581 1351 portibussonctoe
1594 1282 1727 1339 trinitati
1736 1282 1873 1355 sumena,

197 1369 781 1442 tttcumausterovutlumetropotitanns
795 1370 988 1444 ligamentum
1042 1377 1084 1426 ter
1109 1379 1201 1427 autem
1228 1372 1314 1426 lenis
1341 1386 1392 1442 pro
1419 1386 1517 1426 nouem
1543 1371 1708 1443 capelorurn
1733 1372 1873 1429 ordinibus

165 1460 365 1519 damnationis
375 1458 461 1515 vellet
471 1460 506 1514 ab
519 1475 568 1516 cce
580 1460 719 1531 prolerre,
731 1459 772 1515 sic
787 1460 914 1516 domnus
925 1460 987 1516 lor·
1040 1463 1144 1517 sancte
1158 1461 1288 1516 trinitati
1299 1460 1418 1530 phetam
1432 1459 1570 1516 dantibus.
1586 1459 1740 1516 Duodecim
1753 1477 1873 1533 cmnpre·

165 1551 260 1606 danus
273 1549 390 1605 locutus
404 1552 449 1602 est
463 1548 499 1615 ei,
517 1549 617 1604 dicens
634 1565 640 1603 :
658 1550 779 1604 Petimus
798 1551 988 1605 auctoritatem
1042 1548 1115 1604 hauit
1130 1549 1177 1604 ille
1191 1550 1236 1603 eir
1248 1549 1349 1620 spiritu
1363 1549 1635 1620 omninmjustorum
1642 1549 1746 1620 plenm
1756 1558 1873 1607 madus-

164 1640 291 1704 uesuam,
307 1636 471 1692 uenerabilis
496 1644 584 1708 pater,
614 1640 644 1692 ut
672 1636 751 1693 hodie
779 1637 828 1694 hoe
849 1638 988 1708 judieirrm
1041 1653 1092 1708 que
1104 1653 1179 1709 papo
1202 1638 1357 1708 Greporius,
1373 1637 1452 1708 prius
1474 1638 1635 1704 monachus,
1650 1642 1749 1709 postea
1770 1647 1872 1711 aposlo-

164 1724 335 1799 suspendatis
349 1743 366 1780 a
380 1726 487 1780 clericis
501 1724 782 1796 hujussenetresedis.
799 1728 892 1783 Adhuc
901 1730 986 1798 enim,
1042 1726 1121 1781 licus.
1146 1727 1242 1782 Nouem
1271 1725 1379 1782 troditae
1405 1733 1469 1780 sunt
1490 1742 1508 1780 a
1531 1710 1668 1797 discipulo
1696 1725 1775 1782 hecti
1802 1728 1872 1783 Petri

164 1816 312 1872 smurrdnm
341 1815 511 1870 Dornr'nicam
538 1830 638 1881 uocem,
667 1817 814 1887 corripiam
837 1832 880 1871 eos
908 1816 988 1872 hodie
1041 1815 1146 1885 lunatio
1159 1814 1602 1886 martyre‚otripernouenarirrm
1616 1830 1771 1870 nunoerum
1787 1816 1871 1872 lectio·

164 1908 237 1963 inter
251 1921 294 1961 me
317 1910 343 1960 et
368 1905 440 1975 ipsos
468 1903 547 1959 solos.
564 1904 595 1959 Si
622 1920 665 1959 me
690 1904 839 1972 audierint,
866 1907 987 1962 lucratus
1040 1919 1088 1958 nes
1102 1911 1128 1959 et
1137 1905 1255 1975 psalmos
1269 1905 1302 1959 ah
1318 1903 1480 1972 capelorum
1492 1904 1582 1959 choris
1595 1905 1709 1975 prelata
1723 1904 1831 1960 omna
1844 1908 1871 1960 in

164 1994 209 2052 eie
223 1997 325 2067 fratres
335 2009 407 2049 moos
417 2013 428 2060 ,·
438 1994 464 2048 si
474 1997 566 2048 autern
577 2009 633 2049 non
642 2009 685 2049 mc
694 1994 842 2057 audierint,
857 1994 986 2051 adhr'lrcho
1040 1993 1116 2059 calo,
1131 1992 1229 2048 deinde
1243 2009 1259 2047 o
1273 1993 1384 2048 lticoeno
1398 1991 1523 2058 coneilio,
1538 1991 1639 2047 deinde
1653 1994 1688 2048 oh
1706 1995 1767 2064 ipso
1786 2002 1871 2050 scach

162 2091 269 2141 mecum
283 2083 371 2138 ulliae
385 2099 472 2137 anum
484 2082 525 2136 uel
539 2082 605 2137 duos
615 2098 650 2137 cu
659 2083 837 2153 presentibus
851 2086 985 2154 coepisco·
1042 2080 1169 2150 Greporio
1184 2083 1229 2137 hie
1243 2097 1373 2137 rrumerus
1388 2083 1418 2135 in
1430 2081 1545 2151 psalmis
1560 2085 1587 2136 et
1611 2082 1783 2137 lectionibus
1797 2088 1872 2155 atrae

161 2177 205 2246 pis
218 2173 352 2246 [ratribus
366 2173 475 2239 nostris,
492 2175 522 2226 ut
537 2173 565 2226 irr
586 2188 633 2226 ore
647 2171 763 2227 uiuorum
785 2173 826 2227 uel
840 2174 925 2228 trium
946 2178 985 2229 le·
1041 2172 1217 2241 responsoriis
1234 2171 1390 2225 obseruatus
1412 2177 1461 2225 est.
1479 2169 1548 2236 ento
1574 2172 1661 2225 eliam
1684 2170 1871 2227 Orientalibus

163 2263 247 2317 stium
260 2265 310 2316 stet
324 2277 403 2316 omne
416 2260 538 2315 verdum.
560 2261 635 2328 Quod
660 2263 684 2315 si
706 2277 749 2316 eos
764 2277 820 2316 non
835 2262 984 2331 aulierint,
1040 2260 1082 2315 uel
1104 2258 1319 2315 occidentalibus
1343 2260 1450 2314 clericis
1474 2275 1540 2314 usus
1563 2259 1676 2315 herdam
1695 2259 1822 2316 'radendi
1834 2261 1871 2316 rel

163 2348 254 2405 dicam
267 2350 393 2415 eeclesiae,
416 2348 525 2419 publico
552 2351 681 2419 presenti
708 2351 832 2416 concilio,
849 2354 878 2406 ut
893 2367 986 2407 omnes
1040 2364 1096 2404 non
1111 2348 1226 2403 radendi
1244 2349 1352 2419 officere
1367 2347 1401 2403 ad
1416 2347 1576 2419 rolipronern
1590 2348 1725 2404 emetur?
1739 2349 1791 2405 isti
1801 2352 1870 2404 enirn

156 2438 279 2494 'audiant
293 2438 323 2491 in
337 2437 532 2491 testimonium.
550 2436 579 2491 Si
592 2441 685 2491 autem
701 2439 856 2504 Ecclesicrm,
870 2440 918 2495 hoc
946 2445 985 2496 est
1040 2438 1152 2492 Petrum
1166 2437 1318 2508 apostolum
1335 2444 1473 2493 oratorem
1496 2435 1577 2508 hujus
1599 2439 1811 2493 consuetudinis
1825 2439 1869 2493 ha·

162 2525 288 2583 sonuum
294 2541 415 2597 praesens
424 2525 581 2591 concilium,
597 2541 653 2580 non
663 2526 814 2593 desilierint,
826 2533 906 2584 erant
916 2529 986 2584 mihi
1041 2526 1122 2592 herrt,·
1138 2534 1162 2581 et
1175 2543 1238 2580 cnm
1252 2526 1414 2581 anuorttotr
1434 2524 1504 2581 hunc
1517 2529 1608 2581 tenent
1623 2528 1775 2591 rationem,
1792 2529 1870 2582 rotie·

161 2612 232 2678 sicut
247 2616 370 2671 ellenricus
384 2618 409 2669 et
427 2614 603 2685 pellicanus,
618 2623 643 2670 et
657 2618 723 2670 luvnc
737 2617 816 2671 cerlo
830 2626 924 2673 uestra
938 2636 987 2674 aa·
1040 2617 1134 2671 nohilc
1147 2631 1202 2670 esse
1216 2614 1332 2670 dicentes
1347 2615 1459 2670 clericos
1474 2631 1490 2670 o
1506 2615 1597 2683 luicis,
1612 2617 1686 2670 sicat
1706 2618 1737 2670 in
1752 2619 1819 2683 nito,
1836 2619 1871 2671 ita

161 2706 294 2761 concurs
314 2705 397 2774 lipate
425 2719 479 2769 cos,
507 2710 638 2775 tenueram
667 2719 723 2758 nou
750 2704 914 2773 hominihus,
941 2707 986 2762 sed
1040 2705 1206 2776 incoeperis
1220 2703 1451 2775 hahitudifferre.
1470 2704 1600 2772 Quocirca
1616 2704 1661 2759 hic
1676 2721 1737 2760 mos
1759 2705 1794 2759 od
1809 2705 1870 2759 reli·

162 2794 280 2866 Spiritui
293 2801 385 2848 scruto
414 2791 608 2847 inohudicnlcs.
624 2794 755 2864 Naronae,
782 2798 813 2848 ut
827 2796 866 2850 ait
893 2797 984 2865 dapn-
1040 2794 1149 2864 piorum
1164 2792 1243 2847 nohis
1255 2791 1574 2864 potiusprorlessepuarn
1590 2793 1681 2848 obesse
1694 2796 1868 2865 perspicitur.

160 2886 259 2948 slinrts,
283 2882 535 2960 Spiritussurrctus,
566 2882 613 2951 qui
628 2882 764 2952 qucradarn
790 2899 841 2954 per
855 2886 985 2954 apostolos
1040 2882 1087 2936 tttr·
1102 2890 1194 2937 autem
1220 2882 1401 2936 tractarenon
1416 2881 1784 2950 rahnrdimoremclipunt,
1800 2885 1870 2938 Pau·

161 2971 331 3044 loprielrolur,
349 2986 423 3025 nttrrc
438 2971 521 3025 ctiam
535 2986 585 3039 prr
598 2986 647 3024 nos
663 2971 737 3042 loqui
764 2972 902 3042 clipunum,
920 2991 985 3045 epea·
1041 2971 1100 3025 lum
1111 2972 1167 3025 siue
1180 2971 1310 3026 terream
1327 2973 1444 3042 fratrem
1459 2971 1570 3026 Deretini
1581 2972 1719 3042 apostolos
1735 2974 1766 3027 in
1781 2980 1869 3026 aucto

161 3060 260 3118 ties'de
275 3060 378 3114 diuinis
392 3058 554 3114 disserentes
568 3060 711 3113 ueritatem
726 3060 874 3131 loquimur.
1040 3061 1151 3115 ritatem
1164 3059 1219 3114 sihi
1233 3065 1408 3114 assentantes.
1421 3061 1474 3128 ont
1486 3076 1550 3114 curn
1562 3061 1722 3116 aucmribns
1737 3063 1867 3116 rationem

194 3149 246 3206 His
272 3148 369 3206 verbis
398 3146 533 3219 primatis
561 3147 683 3203 credens
722 3149 959 3222 archiepiscopus
975 3168 982 3207 :
1000 3125 1021 3191 C
1039 3149 1191 3221 odjtrnpunt
1213 3149 1398 3222 (fieriqnippe
1415 3149 1868 3222 oportctrotionahileohseouium

158 3261 173 3290 «ι
187 3239 274 3310 Ergo,
289 3237 395 3310 inquit,
412 3240 514 3292 cetera
529 3251 593 3306 quae
608 3235 644 3290 ad
660 3237 814 3292 concilium
827 3243 983 3310 pertinent,
1038 3237 1183 3308 nostrum),
1199 3238 1365 3292 rationabile
1388 3236 1507 3294 dieentes
1529 3238 1642 3293 elericos
1656 3239 1731 3293 siem
1751 3246 1778 3294 et
1790 3239 1868 3293 laicos

158 3326 283 3384 Domino
298 3342 383 3398 opem
400 3325 519 3391 serente,
536 3323 742 3380 discutiantur.
756 3349 770 3375 n
1038 3327 1160 3382 decorem
1186 3327 1216 3380 in
1239 3327 1310 3396 focio
1332 3343 1441 3390 seruare
1463 3326 1583 3392 uirilem,
1595 3327 1683 3396 juata
1706 3327 1867 3397 dipnitutern

194 3420 326 3488 Cumque
336 3416 371 3471 de
383 3412 492 3486 regulis
504 3411 711 3469 ¹ecclesiasticis
722 3413 832 3470 diutius
847 3415 984 3488 explicas
1038 3416 1168 3472 hurnaaae
1200 3415 1363 3471 conditionis
1391 3433 1408 3470 a
1438 3417 1489 3471 Deo
1514 3424 1642 3481 creatam,
1682 3431 1748 3488 one
1785 3418 1867 3471 solun

159 3507 237 3572 sent,
252 3502 596 3561 sitdomnuslordunus
613 3516 619 3553 z
636 3502 852 3572 Beneploeelut
877 3506 982 3561 Bituri-
1037 3505 1128 3560 uirum
1157 3503 1268 3559 herdam
1294 3509 1406 3576 propter
1438 3504 1560 3560 decorem
1588 3503 1690 3561 hahere
1719 3504 1818 3569 croton,
1843 3513 1867 3559 et

157 3594 246 3649 censis
260 3591 371 3646 mortitii
385 3589 507 3660 capitula
522 3590 552 3642 in
564 3592 693 3659 promptu
707 3591 869 3662 opimantur,
881 3594 906 3647 si
913 3596 984 3665 [orte
1037 3595 1068 3649 in
1082 3594 1181 3648 uertice
1203 3593 1371 3650 solummodo
1397 3595 1495 3665 capitis
1509 3594 1654 3649 clericatus
1669 3595 1785 3665 monum
1798 3609 1865 3666 pre·

157 3679 391 3736 Lernooicensihus
405 3679 462 3732 hae
478 3678 538 3748 ipso
553 3677 737 3733 maturnmodo
762 3685 929 3750 coaptentur,
946 3701 983 3738 aa
1036 3691 1209 3747 monstrore;
1237 3683 1325 3738 oliam
1352 3682 1505 3754 adjaceant
1533 3683 1587 3737 sihi
1621 3684 1775 3750 rationem,
1807 3685 1866 3756 onia

157 3769 241 3824 aliter
253 3769 325 3824 clero
339 3775 431 3823 nostro
445 3767 644 3837 placeant,siue
654 3767 712 3822 otia
726 3772 876 3838 opportune
890 3787 983 3843 super-
1035 3773 1168 3827 Dominus
1193 3779 1285 3827 nosue
1312 3772 1462 3828 deserens
1490 3780 1514 3827 et
1544 3772 1671 3826 intonsus
1698 3787 1757 3828 esse
1775 3773 1865 3838 uolui,

157 3857 337 3931 adjiciantur,
350 3857 409 3912 Non
435 3857 511 3910 enim
526 3871 583 3910 una
611 3855 767 3937 eademqne
783 3857 828 3913 lec
856 3862 982 3917 ornnibus
1035 3862 1141 3931 serrum
1156 3877 1238 3933 snper
1260 3868 1342 3932 eaput
1363 3862 1421 3932 ejus
1445 3877 1500 3916 non
1519 3860 1654 3925 ascendit,
1670 3875 1802 3917 coronam
1815 3862 1865 3932 rpi-

156 3947 283 4003 Ecclesiis
296 3947 353 4002 siue
364 3945 484 4017 populis,
500 3945 558 3998 siue
581 3944 746 4012 ciuitatibus,
776 3948 833 4001 siue
846 3949 980 4018 peritioris,
1035 3965 1117 4004 neam
1130 3948 1270 4004 duntaxat
1283 3951 1312 4004 in
1328 3951 1428 4005 certae
1448 3949 1579 4018 atpnornr
1594 3956 1633 4004 cst
1646 3950 1720 4019 poti.
1737 3950 1780 4005 to
1794 3949 1865 4020 cujus

155 4052 262 4107 semper
272 4038 359 4108 potest
375 4049 535 4103 conpraere,
561 4033 607 4088 sed
635 4034 760 4106 quartam
784 4052 834 4107 pro
849 4040 983 4110 qualitate
1031 4040 1123 4094 'instar
1143 4039 1306 4093 elericorum
1326 4053 1428 4094 corona
1450 4039 1482 4093 in
1505 4039 1615 4104 uertice,
1629 4041 1708 4108 terro
1733 4039 1867 4094 incidetur

156 4126 288 4191 locorum,
312 4132 338 4180 et
364 4125 463 4194 pentir,
485 4130 511 4177 et
534 4123 701 4189 aretinorum,
728 4140 852 4195 quamue
875 4126 981 4183 diuerso
1034 4128 1179 4198 fipurutm,
1198 4135 1227 4182 nt
1241 4143 1357 4197 repnnm
1374 4134 1400 4183 et
1413 4127 1596 4182 sacerdotium
1617 4125 1724 4183 Christi
1738 4129 1826 4183 etiam
1839 4130 1866 4182 in

153 4217 248 4271 tomen
275 4214 438 4282 cohaerenti
465 4211 570 4278 ordine,
587 4213 619 4266 in
646 4213 870 4269 consuetudinem
897 4215 980 4271 dedu·
1034 4216 1197 4272 clericorum
1219 4215 1354 4286 capitibus
1379 4231 1477 4271 rasura
1497 4217 1557 4288 ipsa
1567 4224 1814 4286 praeconaretur.
1829 4217 1867 4271 lto

156 4307 267 4358 eantur.
283 4303 360 4358 Nihil
374 4302 473 4373 quippe
487 4300 560 4354 otest
587 4299 696 4356 diuersa
720 4300 841 4356 locorum
867 4318 981 4360 consae-
1033 4306 1104 4360 sient
1127 4320 1209 4376 snper·
1231 4303 1282 4358 hac
1304 4320 1333 4359 re
1357 4312 1450 4359 nostro
1473 4302 1640 4359 corunelude
1662 4307 1865 4368 autoritatem

154 4391 229 4456 ludo,
244 4392 270 4447 si
284 4395 374 4447 tomen
390 4391 498 4445 ratione
511 4390 740 4445 siueourtoritote
755 4390 898 4462 falcium.
915 4393 981 4449 Plus
1033 4393 1169 4464 simulque
1194 4393 1328 4448 rationem
1343 4396 1369 4447 et
1387 4393 1529 4464 reiipionis
1554 4391 1634 4448 hahet
1663 4397 1864 4464 numerium:

153 4480 245 4536 tomen
260 4481 331 4535 ratio
352 4496 434 4552 quom
462 4476 611 4534 auctoritas
637 4479 788 4549 prevalere
815 4480 899 4548 debet,
916 4499 981 4538 nam
996 4495 1020 4559 Β
1034 4483 1074 4537 sic
1087 4483 1170 4537 etiam
1190 4497 1272 4553 penes
1297 4479 1413 4549 Grecos,
1429 4480 1542 4537 illoram
1565 4481 1630 4536 talis
1645 4498 1664 4536 a
1679 4491 1777 4537 nostro
1792 4481 1866 4537 dissi·

153 4569 331 4641 pentilespro
347 4569 485 4640 majorum
510 4584 622 4622 suornm
652 4570 825 4636 auctoritate,
840 4571 920 4626 trulla
940 4579 980 4628 to·
1033 4571 1098 4627 dens
1113 4570 1307 4626 consuetudine
1326 4570 1502 4636 consuetudo,
1517 4571 1712 4626 auctoritatem
1726 4587 1787 4625 una
1808 4586 1865 4625 cum

152 4674 216 4715 men
230 4658 344 4713 metrici
360 4656 554 4723 ratione,idola
567 4657 670 4711 colunt.
689 4658 759 4726 Quia
773 4659 899 4730 canaan
915 4677 980 4718 onc-
1033 4660 1140 4714 ratione
1153 4666 1179 4714 et
1197 4658 1339 4729 relipionis
1361 4659 1481 4714 continet
1502 4663 1634 4731 [ructum.
1651 4659 1687 4715 ht
1711 4660 1766 4715 hac
1787 4661 1817 4713 in
1839 4672 1866 4713 re

154 4750 250 4804 toritm
265 4748 326 4803 sine
339 4748 447 4802 ratione
460 4745 569 4800 uidetur
583 4762 649 4810 esse,
666 4747 737 4801 ratio
752 4763 815 4803 uero
828 4755 981 4820 personet·
1033 4764 1120 4820 neque
1145 4748 1190 4803 illl
1216 4762 1275 4814 nos,
1304 4763 1390 4822 neque
1416 4763 1464 4803 nos
1495 4764 1641 4819 possumus
1670 4748 1865 4820 reprehendere

153 4837 242 4909 ipiam
256 4837 429 4893 auctoritatis
444 4834 606 4906 dipositatcm
626 4836 908 4910 occurrentiumque
922 4840 980 4895 idm
1033 4837 1096 4892 illos
1113 4853 1119 4892 :
1135 4837 1205 4892 sicat
1218 4835 1250 4890 de
1264 4835 1390 4905 fidelihus
1406 4838 1454 4908 oni
1467 4837 1598 4892 cornihus
1619 4838 1812 4901 emechachur,
1829 4838 1864 4891 cit

152 4924 304 4983 maltorum
317 4926 454 4998 majorum
478 4925 627 4980 auctoritas
641 4940 711 4996 sepe
737 4926 768 4980 in
792 4929 892 4984 melius
906 4944 980 4984 com·
1033 4926 1193 4997 apostolus:
1212 4946 1226 4975 u
1247 4925 1301 4993 Qui
1321 4941 1377 4981 non
1398 4925 1555 4992 manduca,
1572 4926 1790 4983 manducantem
1813 4941 1862 4981 non

152 5013 268 5083 mutato,
284 5017 341 5071 siue
350 5015 462 5086 penitus
476 5011 599 5082 neplecta
612 5017 662 5080 est,
680 5015 746 5085 quio
759 5017 852 5071 minus
873 5019 980 5073 ratione
1032 5022 1163 5086 spernot;
1183 5021 1214 5069 'et
1241 5015 1290 5086 qui
1314 5014 1461 5072 manducat
1486 5031 1541 5071 non
1567 5015 1785 5072 manducantem
1813 5031 1862 5070 non

152 5102 279 5174 (unitur.
297 5103 392 5158 Grauis
405 5105 499 5159 liutem
512 5102 595 5172 crrlpo
609 5108 657 5168 est,
672 5103 698 5157 si
710 5104 771 5175 ouis
796 5120 848 5174 pro
862 5106 979 5162 orhirrio
1028 5103 1142 5176 italicae
1165 5104 1219 5171 Qui
1242 5104 1317 5160 cnim
1338 5104 1493 5170 manducat,
1517 5105 1632 5162 Domino
1655 5104 1826 5171 manducat,·
1840 5108 1862 5158 et

153 5193 355 5259 anctoritatem,
371 5209 431 5264 prrae
444 5192 562 5248 rationis
574 5190 657 5261 plena
672 5198 721 5258 est,
736 5199 905 5249 contemnere
911 5211 980 5266 prae-
1032 5194 1082 5265 qui
1108 5208 1164 5248 non
1191 5175 1347 5260 meamne}
1376 5193 1489 5249 domino
1517 5208 1573 5249 non
1595 5193 1751 5251 manducat
1777 5197 1858 5266 (hom.

152 5280 246 5334 sumit.
264 5279 445 5336 ilatiorratilis
459 5281 553 5351 itaque
568 5281 728 5346 auderdus,
745 5281 802 5335 siue
820 5283 891 5338 ratio
916 5300 980 5339 curn
1032 5281 1101 5354 xiv).
1118 5303 1133 5331 u
1149 5281 1202 5349 Qui
1225 5297 1308 5352 porro
1337 5283 1525 5339 securitatem
1551 5282 1705 5339 ohseruont
1725 5299 1791 5339 mm
1816 5299 1858 5339 ce·

152 5368 327 5434 securitate,
344 5375 371 5423 et
383 5370 531 5425 enormitas
545 5385 608 5424 crem
621 5370 736 5439 ratione,
753 5386 859 5444 senper
880 5375 910 5426 ut
924 5388 980 5429 sese
1033 5372 1116 5439 lione,
1131 5376 1202 5426 recte
1224 5378 1335 5440 possunt
1356 5369 1553 5442 reprehendere
1576 5371 1639 5443 illos
1663 5373 1714 5443 oni
1733 5373 1796 5428 sine
1817 5387 1858 5426 ru·

152 5456 268 5529 dionem
279 5456 401 5530 preirent
415 5464 441 5512 et
465 5456 702 5514 excellatneeesse
728 5467 778 5515 est.
803 5460 980 5519 diuersorum
1033 5461 1107 5518 tione
1129 5459 1284 5516 ousndlnnt
1305 5461 1497 5517 securitatem
1512 5479 1521 5516 :
1536 5461 1567 5516 hi
1589 5467 1685 5517 auum
1707 5462 1774 5518 istos
1788 5459 1858 5516 nuth

152 5547 240 5627 lptlnr
254 5544 598 5608 masueludtnumrmeet
612 5546 978 5630 mmoanuaperpopotpr‚
1032 5547 1120 5610 pom,
1146 5548 1206 5625 Qua
1230 5547 1263 5608 p,
1290 5564 1320 5608 r,
1343 5550 1392 5628 qu,-
1416 5548 1523 5610 amum
1546 5547 1684 5613 podorem
1700 5549 1858 5631 ,mm
