3884 6084
68 222 166 332 esau
588 269 692 335 aurs
714 267 880 334 coactus
905 267 1189 334 uauuvrcuusrs
1210 269 1250 334 11.
1286 269 1288 273 ·
1712 271 1771 337 eoo

63 400 241 474 judicabunt
256 400 324 474 quia
338 401 403 458 istis
419 403 590 477 regulariter
605 405 778 472 viventibus,
789 402 832 459 iili
848 420 891 460 re·
907 403 934 471 Α
949 404 1033 474 lierit,
1046 421 1193 477 superque
1207 407 1276 474 rc,si
1288 409 1412 472 ueraest,
1427 419 1574 462 cormeum
1582 399 1769 464 contristatur.

66 489 208 563 putariter
222 490 318 546 vivere
334 490 502 549 noluerunt.
515 499 546 549 tn
563 494 709 567 capitibus
723 509 791 565 ergo
801 492 892 564 justis
948 493 1044 549 Dmnes
1058 496 1133 549 enim
1140 496 1416 551 noneruntinsanctis
1427 495 1551 551 conciliis
1564 511 1604 551 sec
1613 497 1771 552 institutum

67 578 244 635 monasteria
259 579 415 653 eriguntur
427 586 456 637 et
469 582 577 655 vigent,
591 583 619 637 in
634 582 747 638 vitiosis
763 585 851 636 ruunt
865 585 894 636 et
946 589 976 635 ut
990 583 1016 635 si
1028 583 1089 653 puis
1101 584 1135 637 ab
1150 585 1273 656 episcopo
1286 599 1335 639 suo
1349 584 1771 656 excommunicatus,interscctus

65 668 216 741 languent.
232 668 394 741 Episcopus
410 670 518 742 itaque,
528 672 563 727 ad
580 672 664 744 cujus
680 670 817 726 dioecesin
830 687 894 742 per·
946 678 995 725 aut
1008 672 1084 726 obitu
1099 674 1208 744 proprio
1218 681 1342 728 mortuus
1359 673 1459 747 absque
1479 672 1770 746 recorrciliotionesue·

66 757 160 812 tinent
174 759 363 824 monasteria,
381 762 409 814 et
424 759 555 826 abbates,
570 763 659 831 atque
678 759 835 816 Christiani
849 758 891 814 vi·
945 759 1157 827 rit,nullotenus
1168 761 1389 818 Christianorum
1395 760 1701 834 sepulturosepeliatur,
1713 763 1772 817 nisi

66 846 194 913 oini,nisi
205 846 552 920 prohibuerintindignos
567 849 596 904 in
605 848 780 921 pastoralem
790 864 892 904 curam
946 848 1389 921 episcopussatissacientibuspro
1399 848 1583 905 eoumiclsuel
1596 848 1769 920 parentibus,

65 935 190 1007 ingredi,
207 933 319 992 malum
335 936 364 991 in
377 935 442 992 illos
453 938 583 1010 respicit,
598 937 674 993 sicut
688 938 766 993 bona
780 952 891 992 merces
945 936 1144 993 absolutionem
1157 945 1183 993 et
1198 939 1340 994 licentiam
1354 954 1390 995 ea
1406 940 1456 994 boc
1475 939 1644 994 concesserit.
1660 936 1712 993 Sed
1724 952 1771 993 ne·

65 1025 156 1080 aDeo
171 1023 390 1096 iilosexpeclat,
406 1025 431 1081 si
446 1024 563 1081 familia
588 1026 638 1082 Dei
662 1026 766 1099 dignos
781 1026 890 1082 consti·
946 1041 1058 1098 pucpro
1073 1042 1104 1081 eo
1119 1035 1285 1094 oretur,nec
1308 1029 1428 1100 facultas
1443 1027 1501 1099 ejus
1526 1028 1555 1082 in
1571 1027 1771 1099 eleemosynam

65 1117 151 1169 tuant
166 1113 394 1185 dispensatores.
413 1136 428 1164 s
943 1116 1121 1187 suscipiatur,
1138 1132 1277 1189 quousque
1296 1117 1330 1172 ab
1350 1118 1472 1189 episcopo
1493 1117 1658 1173 absolvatur.
1675 1115 1771 1172 Simili

100 1202 165 1258 Haeo
180 1201 269 1258 ethis
284 1202 393 1260 similia
408 1220 475 1259 cum
492 1205 613 1277 mystico
625 1209 653 1260 et
668 1203 732 1260 utili
749 1203 892 1260 audienti·
944 1203 1022 1259 modo
1036 1205 1061 1259 si
1075 1205 1233 1262 uulnnatus
1247 1205 1571 1278 admortempuilibetdc
1584 1205 1771 1262 exeommuni-

63 1292 118 1348 hus
132 1307 265 1347 sermone
281 1291 316 1347 de
340 1291 505 1350 sublimiori
535 1294 684 1366 proposita
715 1293 890 1349 edissertata
944 1294 1012 1348 cotis
1026 1293 1121 1363 suerit,
1136 1295 1179 1349 rel
1194 1272 1769 1367 infirmitateadenitumcorreptus,poeni·

63 1385 172 1449 essent,
188 1380 230 1435 ait
242 1380 369 1437 domnus
383 1381 552 1439 dardanus:
566 1387 621 1455 Apo
637 1384 689 1439 Deo
704 1383 809 1452 pretias
825 1383 890 1453 quia
944 1382 1057 1437 mitian
1071 1398 1107 1437 eoo
1120 1382 1199 1438 corde
1211 1384 1378 1454 petierit,oel
1390 1400 1447 1441 esse
1460 1385 1609 1441 nsonocbau
1615 1383 1768 1457 quesierit,

62 1471 92 1526 s'n
107 1469 219 1526 dioecesi
233 1471 414 1526 Letnoriceasi
424 1471 508 1544 plura
518 1474 686 1529 neonasteriu
702 1472 890 1527 rectotromitc
941 1472 1105 1541 pestilentia
1119 1472 1179 1543 ejus
1192 1474 1362 1544 suscipiatur
1377 1473 1525 1546 quidem,et
1538 1475 1670 1530 uiaticum
1679 1474 1707 1530 ci
1718 1488 1769 1544 pro

61 1557 201 1625 incedam,
216 1562 241 1614 et
256 1560 321 1615 boni
332 1559 422 1614 odoris
445 1560 478 1616 de
499 1578 528 1616 se
552 1563 677 1633 ecempla
693 1562 777 1616 latius
789 1560 890 1631 differri·
942 1558 1132 1615 misericordia
1146 1562 1305 1630 tribuatur;
1322 1562 1480 1618 nullatenus
1500 1565 1592 1618 tameu
1606 1561 1766 1634 sepeliatur,

61 1647 140 1713 dunt,
152 1648 223 1704 sicut
236 1648 375 1720 Apostolus
390 1651 452 1704 ait:
468 1673 481 1698 a
496 1650 598 1705 Christi
616 1651 700 1705 bonas
715 1649 781 1705 odor
794 1664 889 1703 sumus
942 1652 1096 1720 aequepost
1115 1658 1231 1704 mortem
1242 1666 1293 1722 pro
1307 1666 1337 1707 eo
1352 1655 1455 1718 oretur,
1479 1652 1563 1707 donec
1589 1649 1624 1706 ab
1645 1650 1768 1722 episcopo

63 1737 127 1801 Deo,
143 1737 174 1790 in
187 1737 230 1792 isis
245 1737 294 1810 pai
315 1738 387 1794 solui
408 1739 490 1810 fiunt,
518 1743 543 1794 et
571 1741 603 1795 in
629 1740 671 1794 bis
699 1739 748 1811 qui
773 1740 888 1810 pereunt
905 1753 990 1837 Bsuo
1004 1738 1170 1793 absolvatur.
1186 1740 1295 1795 Dicente
1309 1742 1383 1795 enim
1405 1741 1480 1796 beato
1503 1741 1634 1809 Drcporio
1656 1740 1687 1794 in
1700 1739 1768 1794 Dia·

63 1826 98 1897 (u
113 1824 173 1893 Cor,
191 1826 231 1896 n).
251 1827 328 1881 sitos
342 1828 453 1900 quippe,
474 1830 523 1899 pul
542 1837 693 1901 presentes
716 1829 781 1883 buic
795 1833 886 1883 sancto
943 1827 1067 1897 leporum
1101 1828 1172 1883 libro
1203 1829 1337 1885 secundo:
1375 1848 1386 1878 s
1421 1831 1534 1885 Tantam
1564 1828 1694 1894 Ecclesiae
1711 1843 1768 1884 ssia

61 1916 177 1970 concilio
207 1918 354 1982 intersunt,
381 1917 491 1973 abbates
521 1919 718 1974 Lemouicemes
748 1915 839 1981 laudo,
862 1921 888 1970 et
941 1914 1065 1972 cbristus
1080 1915 1194 1987 torpitus
1215 1925 1255 1973 est
1274 1919 1413 1986 virtutem,
1435 1926 1466 1974 ut
1491 1920 1575 1975 etiam
1602 1918 1651 1991 qui
1671 1918 1702 1973 in
1716 1915 1768 1972 iac

62 2004 191 2073 testificor
204 2005 232 2058 in
250 2005 363 2060 Domino
376 2010 444 2063 lesu
467 2007 533 2078 auia
555 2023 618 2061 curn
640 2007 696 2063 sibi
709 2004 825 2061 subditis
840 2019 886 2058 re·
939 2019 1022 2059 carne
1034 2003 1124 2060 adbuc
1137 2006 1243 2072 uiuunt,
1252 2009 1319 2078 jam
1334 2023 1417 2063 cansa
1438 2007 1539 2064 solutos
1567 2006 1704 2063 absoluere
1715 2020 1766 2061 uo·

60 2095 195 2165 putaritor
208 2102 318 2163 tepentes
342 2094 482 2150 lucrandis
506 2096 652 2151 animabus
680 2097 771 2168 potius
788 2095 887 2166 inoipi·
941 2093 1023 2161 mant,
1040 2109 1106 2165 quos
1120 2095 1193 2150 uiuos
1218 2096 1380 2163 lipaucrant.
1397 2097 1508 2153 Dicente
1532 2096 1647 2152 Domino
1669 2093 1705 2150 ad
1718 2094 1769 2151 Pe·

61 2184 120 2238 iant
134 2200 216 2255 quam
243 2183 275 2238 de
299 2183 410 2240 caducis
438 2185 518 2240 rebus
545 2192 571 2239 et
597 2187 766 2241 transitoriis
781 2196 884 2244 curent.
939 2190 1031 2238 trusa:
1049 2182 1231 2254 Quodcunque
1244 2185 1357 2240 solveris
1377 2200 1459 2257 super
1483 2194 1595 2252 terram,
1611 2185 1665 2241 erit
1691 2183 1766 2240 solu·

60 2273 184 2340 Manum
202 2280 242 2328 est
264 2275 340 2328 enim
368 2276 569 2345 etquicunque
597 2276 749 2347 suscipiunt
778 2265 888 2332 animas
941 2276 1037 2327 tumet
1053 2273 1172 2328 incelis
1188 2272 1292 2344 (blattis.
1309 2273 1378 2346 xva).
1395 2294 1409 2327 s
1425 2279 1498 2332 tiam
1520 2277 1632 2330 sanctus
1647 2271 1766 2328 Benedi-

58 2362 201 2430 repcndos
214 2371 375 2433 preparent
393 2379 421 2418 se
444 2363 479 2418 ad
503 2365 637 2418 rationem
664 2363 837 2420 reddendam.
855 2371 886 2420 tn
939 2364 997 2416 etus
1011 2360 1079 2416 duas
1093 2362 1325 2429 sarcctlmonlales,
1341 2371 1367 2418 et
1395 2378 1482 2419 unum
1504 2380 1540 2420 ec
1559 2350 1702 2435 frutribus,
1718 2363 1768 2435 qui

57 2453 157 2523 primis
172 2451 288 2523 dertipue
302 2451 441 2522 familiam
456 2452 528 2508 beati
552 2452 684 2508 Martialis
699 2454 728 2506 in
743 2452 795 2508 buc
808 2454 885 2522 urbe,
940 2450 1021 2521 tiputi
1032 2451 1165 2517 obierant,
1187 2455 1249 2523 post
1271 2459 1385 2508 mortem
1408 2453 1531 2510 absoluit.
1556 2452 1682 2525 idemque
1693 2468 1768 2525 papa

59 2544 86 2596 ct
102 2539 284 2596 Camboneuse
296 2543 494 2597 monasterium
505 2542 592 2599 beate
614 2542 731 2598 Valeriae
741 2545 886 2614 possessio·
940 2539 1087 2610 Grcporius
1103 2539 1238 2595 medicum
1251 2542 1367 2611 tratrem
1382 2543 1411 2596 in
1424 2544 1481 2615 ipso
1490 2543 1567 2598 enitu
1582 2543 1644 2597 uitae
1659 2541 1765 2612 liquuit,

59 2646 121 2685 nem
138 2629 208 2684 beati
221 2630 365 2695 Martialis,
380 2637 406 2686 et
420 2631 476 2685 alio
499 2645 561 2702 puae
585 2631 612 2685 ei
632 2630 697 2700 jure
710 2633 888 2700 possessionis
940 2643 990 2683 nco
1005 2642 1066 2681 eum
1081 2627 1218 2682 consolari
1232 2630 1263 2682 in
1276 2628 1340 2698 fine,
1356 2644 1406 2708 nec
1417 2645 1467 2700 pro
1486 2645 1517 2686 eo
1540 2645 1620 2685 orare
1629 2628 1766 2701 permisit,

58 2719 366 2792 perpetuaeubautipuis
376 2719 516 2791 subjacent
528 2719 700 2789 temporibus
710 2721 886 2788 anonasteria,
939 2717 986 2772 sed
998 2731 1048 2770 nec
1061 2731 1125 2770 eum
1139 2717 1169 2769 in
1183 2719 1333 2771 cannterio
1348 2719 1465 2773 ecciesiae
1477 2717 1588 2789 sepeliri
1596 2717 1676 2782 siuit;
1688 2731 1768 2788 auem

60 2825 114 2863 riou
130 2810 226 2877 ipnoro
240 2808 406 2877 reputariter
420 2810 519 2863 viuere.
534 2807 722 2862 Nihilominus
739 2807 889 2862 Solemnis·
941 2807 1033 2858 tamen
1049 2803 1128 2871 lonpe
1139 2812 1322 2875 postmortem
1334 2820 1385 2875 pro
1398 2805 1588 2861 misericordia
1602 2805 1726 2870 absoluit,
1741 2807 1768 2860 et

62 2914 125 2952 curn
139 2905 219 2968 atque
236 2897 360 2952 Usercom
374 2896 497 2951 coenobia
514 2895 697 2956 nobilissimus.
722 2896 889 2951 anonasteria
940 2908 990 2962 pro
1004 2907 1034 2947 eo
1049 2907 1129 2947 orare
1141 2892 1272 2947 instituit.
1293 2895 1481 2949 Verumtamen
1502 2893 1580 2950 ualde
1600 2893 1767 2951 borrmsdum

63 3001 168 3056 quoque
192 2985 224 3039 in
247 2985 298 3038 ttae
324 2985 392 3040 urbe
418 2977 651 3040 Sancti'tiartini
677 2988 702 3038 et
731 2985 887 3055 dupustmi,
942 2983 991 3046 est,
1008 2988 1038 3036 ut
1053 2980 1144 3036 beatus
1158 2996 1231 3052 papa
1243 2983 1351 3049 scribit,
1366 2999 1428 3038 cum
1442 2984 1503 3055 quis
1519 2983 1767 3040 irreconciliatusu

62 3088 168 3128 necnon
182 3080 207 3128 et
221 3075 460 3144 concrepationem
474 3074 615 3144 cirpiuum
628 3074 656 3128 in
673 3072 786 3128 basilica
802 3073 889 3129 beatae
942 3069 1040 3124 seculo
1052 3071 1119 3125 enit.
1135 3071 1274 3126 Praeterea
1288 3072 1314 3126 si
1337 3088 1416 3144 quem
1438 3073 1577 3146 episcopus
1600 3072 1677 3145 lipat,
1693 3071 1768 3127 clius

62 3163 112 3218 Dei
126 3163 307 3232 penitricis,ct
316 3161 387 3217 alias
401 3177 543 3217 seruorum
556 3162 606 3216 Dei
617 3176 667 3232 per
681 3162 888 3217 iemooieinnm
903 3137 924 3203 C
942 3157 1079 3213 absoluere
1091 3173 1119 3212 se
1128 3167 1219 3229 putot,
1235 3169 1260 3216 et
1276 3161 1332 3232 ipse
1346 3160 1480 3233 decipitur
1501 3163 1550 3236 qni
1563 3177 1627 3218 eum
1639 3160 1766 3232 suscipit,

62 3253 292 3321 corrpreputiones,
306 3250 410 3322 paudm
424 3252 514 3306 sancti
528 3249 634 3306 ordinis
653 3252 833 3307 crementiam
849 3267 890 3306 re·
941 3254 967 3301 et
981 3246 1029 3318 qui
1042 3247 1192 3318 suscipitur
1204 3250 1287 3319 perit,
1302 3257 1328 3305 et
1341 3249 1392 3305 isac
1405 3252 1545 3308 occasione
1558 3250 1637 3322 [aba
1656 3249 1767 3322 pictam

62 3340 197 3411 palariter
210 3338 361 3394 obseruare.
379 3339 517 3407 mantum
531 3338 649 3411 denique
657 3340 688 3395 in
698 3340 784 3395 ocutis
798 3341 888 3395 omni-
942 3335 1060 3391 concilia
1073 3340 1190 3392 Petrum
1205 3336 1392 3406 destruuntur,
1408 3343 1435 3395 et
1448 3341 1520 3396 Deus
1531 3340 1724 3407 contemnitur,
1739 3340 1768 3393 et

62 3430 179 3500 potentis
193 3427 303 3482 Domini
317 3427 351 3483 ad
366 3427 586 3484 inuadendum
608 3444 659 3500 pro
673 3429 763 3484 salute
775 3428 890 3500 populo·
940 3440 998 3497 pan
1011 3424 1044 3480 de
1054 3425 1175 3481 Ecclesia
1189 3427 1347 3498 expellitur.
1363 3427 1505 3500 Siquidem
1528 3428 1578 3486 ille
1601 3429 1649 3501 qui
1662 3441 1768 3484 cncom-

64 3534 127 3572 rum
152 3518 375 3586 conprepationes
397 3517 508 3573 ualeant
539 3533 679 3573 servorum
707 3518 767 3584 Dei,
797 3518 890 3573 beatus
942 3515 1116 3570 municatnm
1129 3516 1252 3587 suscipit,
1269 3516 1370 3574 idcirco
1384 3517 1468 3573 simul
1484 3533 1547 3573 cum
1560 3532 1591 3574 eo
1602 3521 1685 3590 perit,
1701 3516 1768 3589 quia

66 3604 474 3676 Greporiusdeconpreaatione
494 3606 750 3661 sanctimonialium
774 3607 889 3672 locutus,
942 3604 1063 3659 similem
1087 3606 1201 3660 sortitur
1228 3607 1519 3662 excommunicationis
1544 3606 1712 3664 uindictam:
1731 3612 1768 3675 ct,

65 3694 190 3760 ostendit,
206 3695 350 3765 inquiens:
369 3715 383 3744 «
397 3695 471 3751 luter
485 3698 521 3751 tot
536 3694 775 3765 loncobardorum
784 3694 891 3764 alodios
943 3699 974 3747 ut
988 3692 1080 3747 beatus
1094 3694 1190 3748 Petras
1207 3695 1388 3767 inscriptura
1403 3697 1477 3752 beati
1485 3695 1629 3753 cananis
1638 3697 1689 3764 ait,
1706 3696 1769 3768 qui·

66 3784 225 3840 incastris
244 3784 409 3855 temporibus
437 3786 520 3840 Doneu
544 3799 718 3856 nequaquam
745 3785 891 3840 subsistere
943 3797 1049 3853 cunque
1062 3784 1294 3839 ecconrmunicato
1307 3785 1450 3851 comentit,
1467 3784 1551 3840 uelin
1565 3784 1771 3858 colloquiopar-

64 3882 161 3945 posset,
177 3873 235 3927 arsi
258 3873 399 3943 virpinum
421 3873 677 3929 sanctimonialium
705 3874 735 3926 in
761 3874 810 3929 boc
824 3873 891 3928 urbe
944 3872 1168 3942 ticipotur,unus
1181 3879 1207 3927 et
1222 3872 1279 3942 ipse
1302 3876 1343 3927 est
1361 3871 1394 3928 de
1416 3872 1473 3927 illis
1497 3873 1546 3945 qui
1558 3874 1707 3929 Ecclesiam
1721 3872 1771 3928 Dei

68 3962 188 4017 Carnona
201 3963 420 4032 concrepationes
433 3963 491 4018 suis
513 3962 683 4018 orationibus
706 3965 792 4018 tantae
806 3963 892 4018 trosti-
944 3958 1098 4015 desineant.

68 4050 143 4106 litati
154 4051 320 4106 resisterent.
345 4072 360 4101 s
386 4052 419 4107 Et
442 4052 526 4106 item:
544 4073 557 4099 a
574 4049 645 4115 ideo,
670 4051 769 4120 inquit,
798 4053 892 4122 provi·
981 4047 1113 4120 Cumque
1126 4047 1156 4103 in
1172 4048 1294 4105 concilio
1309 4066 1327 4105 a
1340 4049 1518 4121 quibusdam
1542 4050 1772 4124 interrogaretur

66 4139 186 4196 tiendum
199 4139 277 4195 nobis
300 4141 475 4196 monasteriis
503 4140 671 4194 ancillarum
685 4139 743 4208 Dei,
758 4147 892 4211 quaenus
946 4140 1046 4192 utrum
1062 4137 1243 4193 observanda
1267 4142 1311 4194 est
1339 4138 1600 4203 excommunicatio
1629 4138 1665 4209 ei,
1682 4153 1774 4210 quem,

66 4230 107 4286 eis
121 4228 295 4286 abundanter
314 4228 437 4284 subsidia
458 4230 663 4284 ministremus:
689 4244 723 4284 nc
747 4244 801 4299 qua
823 4230 894 4299 [orte
946 4226 1771 4302 aliquandojiorteinjusteetabsqueculpapontiiexligat,

40 4319 185 4389 ‚penuria
199 4321 332 4389 praoatae,
354 4333 434 4374 osuo
455 4318 594 4389 proposito
619 4317 660 4372 uel
688 4317 894 4388 aliquantulum
947 4314 1099 4371 Odoirieus
1114 4318 1199 4371 Pater
1215 4316 1258 4372 sic
1272 4316 1331 4374 ait:
1348 4339 1363 4369 a
1393 4317 1647 4383 Quemadmodum
1667 4316 1772 4372 beatus

67 4406 255 4462 succumbant.
287 4428 298 4457 s
326 4408 397 4463 Nam
422 4407 589 4462 monasterio
611 4406 807 4463 nwnucborum
821 4406 894 4462 meu
947 4403 1105 4477 Gregorius
1116 4408 1279 4478 attestetur,
1287 4402 1773 4478 cujusauctoritasminimesperni

70 4495 215 4564 Greporius
226 4512 277 4567 per
291 4497 450 4552 uniuersum
457 4495 590 4551 muudum
605 4495 726 4551 liberaet
737 4498 828 4568 quieta
838 4511 894 4552 csse
909 4508 933 4572 1)
948 4497 1053 4566 potest,
1071 4493 1095 4549 si
1111 4497 1211 4566 pastor
1222 4492 1294 4567 ligat
1304 4494 1432 4568 aliquem
1443 4496 1579 4568 autjuste
1588 4497 1639 4552 aut
1649 4493 1772 4567 injuste,

68 4585 184 4651 uolebat,
198 4589 230 4640 ut
248 4588 367 4657 siquem
392 4587 578 4658 episcoporum
607 4587 779 4656 comperisset
800 4585 896 4657 alr'pua
951 4586 1001 4638 aut
1015 4583 1051 4638 ub
1062 4581 1180 4655 culpam
1191 4588 1242 4638 aut
1252 4583 1775 4659 sineculpa,obscrvaudaestexcom-

69 4676 179 4730 ratione
192 4691 225 4730 ea
239 4677 475 4731 excommunicare
487 4675 528 4730 uel
543 4675 705 4745 inquietare,
722 4677 843 4743 praviter
866 4676 896 4728 in
951 4671 1119 4738 munientia,
1133 4687 1170 4727 ne
1186 4673 1211 4727 is
1227 4673 1277 4744 qui
1292 4673 1401 4744 injuste
1416 4675 1538 4732 forsitan
1552 4672 1774 4749 ligatur,ipsam

71 4780 115 4820 cos
130 4763 291 4830 uindicaret,
308 4763 379 4837 quod
401 4765 431 4818 in
446 4764 567 4836 epistolis
590 4764 648 4818 suis
671 4751 757 4833 'filcile
778 4764 897 4834 perspici
950 4761 1281 4817 excommunicationem
1297 4780 1331 4819 ex
1346 4763 1403 4821 alia
1418 4763 1667 4838 eulpamereatur.
1674 4762 1775 4833 Neque

67 4855 180 4926 polerit.
194 4855 246 4909 Nos
261 4870 364 4925 quoque
378 4854 544 4910 mortasteriu
558 4867 698 4908 seruorum
712 4853 760 4907 Dei
774 4852 894 4922 detensa,
950 4850 1012 4905 ovis
1029 4844 1174 4921 pastorem
1190 4867 1277 4907 suum
1289 4858 1397 4909 temere
1407 4852 1650 4926 reprehendat,ne
1665 4867 1700 4907 ex
1711 4850 1776 4922 ipsa

69 4943 161 5014 quieta
176 4951 201 4996 et
215 4946 279 4998 tuta
290 4959 344 4998 esse
367 4942 563 5007 desideramus,
589 4942 660 4996 tanati
677 4942 766 4996 Putris
782 4941 897 5010 oestipia
951 4939 1069 4994 tumida
1085 4939 1319 5010 reprehensionis
1329 4942 1468 5015 superbia
1477 4940 1633 5014 culpaque
1644 4956 1702 4996 non
1713 4940 1776 4995 erat

69 5029 215 5103 sequendo.
233 5030 423 5086 Verumtamen
437 5033 462 5088 si
475 5030 555 5101 culpa
582 5030 717 5101 superbiae
743 5030 784 5085 ocl
807 5029 897 5085 inobe
952 5029 1013 5085 fiat.
1030 5026 1105 5083 Dicit
1120 5033 1217 5084 autem
1234 5029 1269 5085 de
1284 5031 1430 5104 episcopis
1447 5031 1516 5103 quia
1537 5029 1593 5102 ipsi
1608 5045 1640 5085 se
1654 5028 1710 5084 hac
1723 5043 1775 5100 po-

70 5119 187 5176 dientiae
201 5121 231 5174 iu
245 5120 387 5176 abbatibus
402 5121 618 5191 transmiserit,
633 5135 694 5175 eam
709 5119 839 5175 cononice
853 5120 895 5174 ire
949 5120 1053 5172 testate
1066 5116 1180 5189 privant
1195 5117 1245 5189 qui
1263 5118 1305 5174 vel
1330 5121 1396 5175 odio
1424 5119 1469 5176 rel
1485 5119 1589 5192 gratia,
1606 5121 1635 5173 et
1659 5134 1716 5173 uon
1731 5132 1777 5173 aa·

70 5209 148 5281 scptu
162 5213 275 5281 oportet,
295 5211 349 5266 Hoc
374 5210 435 5265 dici
459 5213 570 5281 propter
584 5208 707 5264 abbanes
733 5208 896 5264 monasterii
949 5206 1079 5262 cundum
1094 5206 1231 5262 meritum
1246 5223 1353 5275 caussa,
1366 5207 1459 5282 ligant
1473 5207 1517 5263 vel
1533 5206 1660 5265 solvunt.
1678 5228 1693 5258 s

73 5299 233 5364 Usercensis,
258 5315 337 5371 puem
360 5300 456 5354 dicarat
479 5300 529 5353 troc
552 5313 625 5353 anno
653 5299 781 5353 instituta
807 5298 896 5354 sancti
986 5295 1028 5349 Ad
1041 5294 1101 5350 haeo
1117 5295 1248 5370 pontifex
1262 5296 1379 5367 adjecit,
1405 5297 1525 5354 dicens:
1556 5297 1704 5369 Presbyter
1729 5296 1778 5367 pui

71 5387 184 5444 concilii
197 5390 397 5461 contempsisse.
410 5387 527 5457 Quidam
540 5387 897 5443 enimnarraueruntnobis
951 5385 1215 5440 eacorruuunicatum
1242 5387 1361 5442 scienter
1387 5387 1509 5459 suscipit,
1540 5386 1600 5443 idco
1624 5387 1658 5442 ub
1681 5384 1778 5442 ordine

72 5478 139 5552 puio
152 5479 418 5535 excommunicatum
445 5477 629 5534 vicecomitem
646 5475 834 5534 dlbucicuscm
852 5478 898 5533 in·
951 5473 1176 5548 deponitur,puia
1190 5476 1364 5548 semetipsum
1378 5476 1653 5553 eccommunicatqui
1667 5488 1778 5534 mom-

72 5568 213 5643 torticium
227 5561 260 5629 in
270 5567 365 5644 praeda
375 5558 603 5645 ipseapndmttm
620 5567 899 5643 nonurmtunapc-
952 5565 1092 5625 muniotto
1106 5564 1248 5624 comeatu.
1764 5568 1767 5572 '
