3900 6098
573 302 805 372 suanense.
1509 336 1589 396 ,030

84 467 117 505 rae
131 451 158 505 et
174 446 323 522 propheta
346 445 539 520 praeviderunt
554 447 581 500 et
596 457 668 516 proe-
685 439 716 506 Α
733 436 885 508 loquendi
905 443 1033 512 parcior,
1042 444 1160 520 legendi
1176 449 1348 527 studiosior,
1361 478 1419 521 non
1436 465 1465 521 in
1477 466 1590 523 incerto

85 539 161 615 gine
183 538 377 595 nasciturum.
391 536 522 611 Apostoli
537 533 674 592 viderunt
731 525 931 597 divitiarum,
947 533 1052 607 sedin
1076 537 1160 607 porte
1173 543 1314 613 pauperis
1330 566 1413 621 spem
1431 572 1592 627 reponens,

84 634 116 685 nt
130 644 198 685 vera
213 628 269 684 fide
289 628 352 699 jam
368 626 405 683 de
422 625 544 701 Virgine
559 628 675 689 natum,
733 619 849 674 intenta
872 619 969 691 operi,
981 622 1150 682 verecunda
1160 633 1299 699 sermoni,
1312 638 1469 698 arbitrium
1482 643 1594 698 meniis

85 736 107 774 n
122 734 188 775 esse
203 717 367 774 secundum
382 716 613 783 humanitatem,
627 709 680 784 qui
735 723 792 764 noa
807 703 990 779 hominum,
1007 713 1061 770 sed
1087 715 1179 771 mum
1199 729 1354 791 quereret.
1368 729 1449 787 Nulli
1473 728 1594 796 ledere,

85 800 680 873 eundumdivinitatem.Quiderattouid
736 798 809 854 hene
836 794 920 853 veile
945 801 1102 870 omnibus,
1128 818 1283 880 assurgere
1313 818 1479 889 mejeribus
1509 822 1596 887 natu,

85 915 119 955 us
143 900 216 963 erat,
233 896 320 951 horno
346 894 443 950 factus
469 901 528 951 est.
546 891 685 965 Suscepit
738 881 1599 975 aequalibusnoninvidere,fugerejactantiam,rationem

85 1005 140 1044 non
153 985 252 1043 amisit
262 966 410 1040 deitatem.
422 984 537 1038 factus
549 981 685 1052 humilis,
740 975 834 1050 sequi,
849 992 954 1033 amare
970 975 1131 1036 virtutem.
1146 982 1268 1046 Quando
1283 988 1343 1048 ista
1358 995 1404 1052 vel
1420 995 1506 1052 vultu
1522 994 1602 1055 insit

85 1094 113 1132 s.
125 1074 217 1131 Natus
233 1079 276 1130 est
292 1072 390 1139 homo,
408 1088 468 1127 non
485 1071 607 1128 destitit
621 1087 687 1127 esse
742 1069 901 1143 parentes?
915 1066 1043 1138 quando
1070 1066 1211 1129 dissensit
1225 1092 1242 1131 a
1263 1081 1466 1157 propinquis?
1482 1089 1603 1157 quando

85 1163 256 1238 tparvulus,
267 1162 362 1218 latens
373 1161 585 1233 magnuS.Qui
597 1161 688 1217 liben-
743 1157 888 1215 fastidivit
902 1153 1056 1228 inopem?
1078 1174 1128 1218 cos
1150 1163 1227 1220 solos
1241 1167 1332 1225 solita
1346 1179 1449 1230 coetus
1471 1175 1605 1242 virorum

84 1273 98 1310 r
119 1259 195 1311 Dens
217 1256 329 1321 natum,
347 1267 405 1305 non
428 1248 539 1304 horret
560 1249 690 1323 Virginis
744 1249 962 1320 invisere,quos
978 1242 1193 1309 misericordia
1214 1271 1272 1311 non
1290 1260 1500 1335 erubesceret,
1512 1286 1608 1348 nequa

85 1346 150 1400 iens
164 1347 278 1398 creator
292 1338 432 1408 hominis,
446 1335 536 1396 filius
548 1339 688 1397 hominis.
744 1336 907 1412 praeteriret
921 1337 1116 1394 verecundia.
1128 1340 1205 1396 Nihil
1222 1347 1343 1402 torvum
1358 1349 1393 1405 in
1418 1353 1524 1427 oculis,
1536 1365 1611 1429 nihil

90 1436 118 1489 te
134 1434 282 1505 permovet
305 1430 334 1485 in
350 1445 416 1485 mea
429 1426 611 1487 nativitate?
626 1431 689 1486 Non
744 1429 774 1483 in
791 1426 887 1484 vorbis
903 1440 1024 1499 procax,
1043 1426 1116 1484 nihii
1137 1429 1166 1485 in
1187 1435 1252 1487 actu
1270 1432 1537 1526 inverecundum,
1553 1476 1613 1525 non

85 1524 237 1592 conceptus
252 1520 423 1592 cupiditate,
436 1533 492 1589 ego
512 1524 637 1576 matrem
653 1520 690 1575 de
744 1522 831 1591 gestu
848 1515 976 1583 fractior,
995 1529 1057 1572 non
1073 1516 1189 1576 incessu
1206 1519 1351 1594 solutior,
1368 1543 1447 1589 non
1464 1554 1515 1600 vox
1530 1561 1612 1622 pelu-

85 1609 135 1679 eci,
153 1625 205 1680 ego
229 1608 306 1663 iiam
327 1624 393 1664 aneo
408 1606 510 1662 itineri
528 1608 689 1683 praeparavi
745 1607 859 1675 laetior,
876 1610 909 1662 ut
923 1606 991 1679 ipsa
1005 1609 1136 1681 corporis
1156 1607 1275 1681 species
1296 1611 1508 1690 simulacrum
1524 1641 1613 1704 tuerit

85 1699 109 1757 i.
128 1698 208 1753 lianc
232 1714 323 1769 quarn
350 1695 493 1769 despicis,
519 1698 687 1766 Manichae,
746 1696 866 1761 mentis,
890 1695 985 1769 figura
1008 1697 1173 1768 probitatis.
1196 1697 1284 1755 Bona
1309 1701 1436 1779 quippe
1457 1719 1608 1791 demusin

85 1831 92 1855 ‚
109 1788 160 1844 sed
177 1804 265 1841 marm
286 1787 428 1842 fabricata
443 1790 491 1842 est
507 1805 581 1843 mea.
594 1788 620 1842 Si
638 1804 688 1860 po·
704 1826 729 1892 B
746 1787 811 1859 ipso
826 1785 971 1842 vestibulo
995 1786 1081 1844 debet
1095 1788 1226 1860 agnosci,
1243 1804 1283 1843 ac
1310 1791 1423 1862 primo
1448 1819 1608 1881 metenda,

85 1893 151 1933 cum
176 1892 240 1930 eam
267 1877 507 1946 facerem,potui
538 1877 687 1949 inquinari
745 1878 894 1948 ingressu,
912 1873 986 1931 nihil
1012 1875 1093 1933 intus
1116 1876 1207 1934 latere
1230 1877 1455 1963 tenebrarum,
1473 1907 1604 1968 umens

85 1981 179 2022 cerer.
194 1964 278 2022 Sicut
295 1963 423 2021 transitu
443 1980 510 2021 meo
533 1966 613 2022 iliius
628 1982 685 2021 non

85 2054 225 2129 ‚rginitaa
242 2054 289 2109 sie
310 2058 339 2109 ct
355 2070 420 2109 mea
435 2071 492 2110 non
509 2059 554 2111 est
570 2056 608 2111 ibi
624 2072 687 2110 ma-

85 2145 148 2202 s.Si
160 2144 231 2201 solis
246 2145 352 2200 radius
363 2144 467 2201 cloaca
484 2146 585 2202 sordes
596 2146 687 2200 exsie-

86 2233 182 2291 uinari
194 2251 250 2288 non
263 2235 354 2302 novit,
367 2238 477 2305 quanto
488 2235 582 2307 magis
593 2233 689 2306 splen-

85 2343 125 2392 icc,
137 2324 168 2379 in
182 2340 239 2395 quo
252 2322 325 2378 nihii
340 2323 528 2395 inquinatum
540 2322 688 2380 occurrit?

85 2412 377 2479 diaverit,n1undare
397 2417 502 2485 potest,
520 2413 583 2486 ipse
599 2411 688 2486 pollui

85 2502 153 2570 ulte,
167 2501 246 2557 rande
258 2502 360 2556 sordes
377 2502 405 2557 in
416 2502 546 2576 Virgine,
565 2502 613 2557 ubi
631 2521 688 2559 non

85 2613 90 2650 ι
105 2608 173 2649 cuni
191 2589 308 2645 homine
324 2592 428 2662 patret
443 2592 524 2647 Unde
541 2593 643 2648 sordes
659 2591 688 2648 in

85 2679 284 2752 concupiendo
297 2680 508 2752 [concipiendo]
523 2681 688 2752 libidinem,

85 2775 127 2827 est
142 2784 280 2842 perpessa
290 2768 439 2825 dolorem?
450 2770 533 2825 Unde
547 2771 647 2826 sordes
659 2771 689 2825 in

85 2877 102 2916 n
128 2856 229 2913 nulius
254 2855 360 2928 hospes
386 2858 528 2914 accessit?
552 2858 637 2914 Solus
653 2860 689 2915 ad

95 2952 125 3004 ct
140 2944 296 3001 fabricator
306 2947 397 3025 venit3
409 2953 519 3003 vestem
531 2963 619 3018 quarn
632 2964 689 3003 non

87 3042 110 3104 t,
124 3051 248 3106 eamque
264 3033 339 3089 sicut
355 3035 463 3090 invenit
478 3035 610 3091 clausam
627 3034 692 3091 reli·

85 3145 97 3184 a
113 3129 201 3181 natus
216 3126 259 3178 est
274 3123 354 3180 solus
369 3125 445 3180 inter
460 3128 591 3180 mortuos
608 3124 690 3192 iiber,

743 1967 845 2020 nostra
861 1963 954 2020 nuliis
969 1964 1117 2039 repagulis
1132 1963 1342 2038 corporalibus
1358 1968 1521 2059 impedita,
1539 1999 1601 2052 tan.

742 2070 833 2126 quam
848 2053 974 2109 lucernae
998 2053 1048 2111 lux
1062 2054 1144 2111 intus
1163 2055 1262 2128 posita
1289 2055 1362 2114 foris
1391 2065 1498 2130 luceat.
1517 2081 1594 2145 Quid

743 2159 813 2216 ergo
833 2160 987 2216 exsequar,
1004 2143 1138 2200 ciborum
1168 2145 1400 2221 parcimoniam,
1422 2160 1590 2224 officiorum

744 2230 983 2300 redundantium,
998 2231 1123 2288 alterum
1140 2232 1218 2289 ultra
1233 2238 1372 2296 naturam
1389 2249 1588 2321 superfuisse,

744 2319 871 2375 alterum
887 2337 960 2394 pene
972 2320 1028 2395 ipsi
1046 2327 1156 2377 naturae
1170 2323 1309 2380 defuisse.
1322 2325 1386 2385 illic
1399 2332 1481 2390 nulla
1498 2337 1586 2393 inter·

745 2408 1582 2492 missafuissetempora,hiccongeminatosjejuniorum

744 2497 854 2565 disset
869 2498 894 2553 si
909 2498 1028 2571 quando
1047 2499 1197 2556 reficiendi
1218 2505 1410 2563 successisset
1432 2509 1581 2579 voluntas,

745 2586 829 2640 cibus
845 2586 1021 2660 plerumque
1037 2586 1168 2659 habitus,
1180 2591 1229 2662 qui
1244 2597 1368 2650 mertem
1386 2604 1507 2664 arceret,
1521 2616 1580 2656 non

745 2674 867 2731 delicias
884 2677 1074 2744 ministraret,
1093 2677 1219 2735 dormire
1243 2697 1301 2737 non
1323 2683 1406 2755 prius
1421 2686 1578 2757 cupiditas,

745 2781 835 2835 quam
849 2765 1010 2821 necessitas
1027 2765 1092 2821 fuit.
1102 2766 1137 2820 Et
1153 2772 1250 2824 tamen
1265 2786 1332 2827 cum
1344 2771 1507 2843 quiesceret
1519 2791 1580 2831 eor·

745 2868 812 2922 pus,
823 2852 958 2926 vigilaret
970 2851 1087 2908 animus
1100 2872 1106 2909 :
1119 2871 1182 2926 quae
1193 2855 1362 2929 frequenter
1371 2858 1516 2918 insomnis
1528 2869 1580 2920 aut

745 2941 819 2995 lecta
835 2942 950 3015 repetit,
968 2945 1018 2997 aut
1040 2957 1145 2997 somno
1160 2943 1325 3020 interrupta
1349 2949 1510 3023 continuat,
1526 2959 1578 3008 aut

745 3029 890 3101 disposita
913 3030 995 3102 gerit,
1013 3034 1064 3086 aut
1092 3033 1220 3104 gerenda
1250 3036 1433 3107 pronuntiat,
1461 3041 1578 3117 prodire

746 3118 835 3173 domo
851 3119 961 3185 nescia,
973 3118 1029 3175 nisi
1046 3120 1164 3175 eumad
1181 3121 1334 3180 ecclesiam
1351 3128 1525 3184 conveniret.
1542 3131 1578 3185 iit

85 3233 130 3289 ,ua
146 3219 232 3269 natus
248 3217 293 3268 est
307 3214 409 3269 matris
424 3215 519 3286 pudor
535 3212 617 3269 solus
632 3231 694 3286 per·
709 3191 730 3258 C
748 3207 802 3263 hoc
817 3209 917 3280 ipsum
933 3225 1001 3264 cum
1017 3208 1189 3281 parentibus
1213 3216 1264 3267 aut
1288 3215 1461 3289 propinquis
1477 3218 1577 3275 dorne-

89 3324 112 3362 r.
123 3305 182 3360 Eva
198 3301 368 3359 inobediens
380 3304 487 3359 meruit
498 3319 625 3374 poenam,
638 3303 696 3358 Ma-

87 3397 244 3465 consccuta
267 3397 311 3446 cst
339 3391 473 3465 gratiam.
491 3391 543 3448 iila
570 3397 695 3464 gustans

85 3482 220 3539 raledicta
237 3480 299 3536 fuit.
315 3481 379 3536 Haec
395 3482 517 3537 credens
532 3480 635 3552 angelo
651 3485 695 3538 est

85 3592 99 3629 a
125 3570 209 3628 nobis
232 3574 355 3625 mortem
377 3568 581 3635 contulit,haec
604 3569 693 3626 vitam

93 3661 166 3727 Quid
178 3661 252 3732 agis,
265 3659 442 3715 Manichaei
452 3657 559 3714 Christi
570 3662 693 3715 matram

85 3775 89 3807 i
106 3750 256 3807 Christum
274 3748 416 3804 defendis.
433 3749 541 3803 'faceat
564 3747 694 3804 immun-

88 3859 103 3896 e
118 3838 315 3895 mundissima
328 3837 443 3909 Virgine
454 3840 542 3892 nutus
553 3840 597 3892 est
612 3854 695 3893 mun-

88 3936 184 3986 tcum
210 3928 267 3982 Deo
293 3927 375 3982 Patre
401 3930 429 3982 et
454 3925 564 3998 Spiritu
593 3933 694 3984 sancto

85 4038 112 4075 r.
119 4060 172 4074 .....
199 4034 251 4072 nec
273 4016 410 4072 differens
433 4013 535 4087 gloria,
553 4019 695 4072 coeterna

85 4106 217 4164 ·iniinita
232 4104 338 4160 sernia
353 4103 537 4159 seculorum.
553 4103 657 4161 Anien.

173 4212 294 4268 suhart)
314 4210 384 4266 XIV.

96 4321 131 4361 aa
147 4318 310 4358 narrvrrsra
326 4317 422 4355 naara
437 4316 544 4355 arants.

85 4437 110 4461 ,.,
131 4395 204 4450 Thes.
226 4390 323 4445 sacerd.
343 4388 376 4459 V,
392 4389 454 4456 621,
471 4406 504 4444 ex
522 4405 578 4444 ma.
595 4390 694 4448 codice

165 4460 390 4530 silviniacensi]

749 3295 822 3351 stico
832 3314 955 3370 operosa
965 3303 1086 3366 secreto,
1097 3298 1206 3355 forensi
1216 3301 1324 3375 stipata
1334 3304 1488 3378 comitatu,
1497 3307 1578 3364 nulio

749 3384 870 3441 meliore
884 3391 983 3444 tamen
999 3386 1118 3443 custode
1141 3404 1231 3459 quam
1256 3390 1362 3465 seipsa,
1380 3411 1443 3466 quae
1460 3396 1577 3454 incessu

750 3474 915 3548 affectuque
929 3475 1114 3545 venerabilis,
1131 3494 1190 3534 non
1212 3483 1273 3536 tam
1288 3481 1443 3557 vestigium
1469 3486 1578 3557 pedum

749 3563 977 3638 tolieret,quan1
992 3566 1117 3641 madum
1132 3566 1251 3627 virtutis
1265 3569 1420 3639 attolleret,
1436 3579 1464 3630 et
1479 3581 1578 3631 tamen

749 3653 821 3710 aiios
836 3655 943 3712 habeat
957 3657 1038 3730 virgo
1054 3659 1252 3716 membrorum
1280 3663 1418 3719 custodes
1443 3681 1577 3733 suorum,

749 3760 865 3800 morum
881 3751 980 3803 autern
995 3763 1118 3803 suorum
1134 3765 1165 3804 se
1180 3749 1287 3806 habeat
1301 3754 1455 3809 custodem
1471 3754 1577 3828 ipsam.

750 3832 850 3890 Plures
865 3840 952 3890 erunt
966 3836 1001 3891 de
1017 3834 1124 3908 quibus
1135 3838 1238 3904 discat,
1247 3839 1271 3894 si
1286 3839 1350 3912 ipsa
1361 3857 1392 3897 se
1402 3843 1504 3899 doceat
1514 3861 1578 3916 que

748 3922 866 3979 virtutis
881 3924 1038 3997 magistras
1061 3923 1159 3992 habet,
1173 3925 1244 3997 quia
1256 3928 1399 4001 quidquid
1416 3932 1517 4002 egerit,
1534 3933 1577 3988 di·

749 4011 873 4084 scipiina
885 4017 938 4069 est.
951 4012 998 4068 Sic
1011 4012 1103 4069 Maria
1117 4012 1288 4070 intendebat
1303 4019 1545 4093 omnibus,quasi
1560 4038 1578 4076 a

749 4100 884 4171 pluribus
906 4105 1085 4158 moneretur.
1102 4102 1150 4161 Sic
1174 4103 1274 4160 omnia
1296 4103 1438 4178 implebat
1461 4108 1577 4165 virtutis

749 4189 853 4258 officia,
872 4194 903 4244 ut
927 4206 985 4245 non
1010 4193 1070 4245 tam
1086 4190 1211 4248 disceret
1227 4210 1315 4266 quarn
1332 4194 1460 4252 doceret.
1477 4195 1576 4253 Talem

749 4277 823 4334 hanc
834 4278 1014 4352 evangelista
1024 4281 1208 4349 monstravit,
1218 4281 1306 4339 talem
1320 4281 1443 4357 angelus
1458 4285 1575 4358 reperit,

748 4366 837 4424 talem
849 4367 976 4441 Spiritus
986 4371 1107 4426 sanctus
1117 4368 1214 4443 elegit.
1224 4369 1299 4435 Quid
1311 4371 1390 4428 enim
1405 4371 1435 4428 in
1451 4373 1576 4447 singulis

749 4455 864 4513 urerer?
876 4461 907 4511 ut
917 4472 981 4512 eam
998 4461 1133 4529 parentes
1148 4458 1315 4526 dilexerint,
1327 4461 1455 4518 extranei
1471 4462 1577 4535 pradi-

85 4553 168 4611 nobis
193 4557 334 4623 tanquam
350 4549 380 4604 in
397 4549 523 4621 imagine
549 4550 695 4622 descripta
710 4565 733 4630 Ι)
750 4545 924 4618 uariatque
941 4545 1030 4618 digna
1044 4545 1099 4602 fuit
1113 4564 1148 4604 ex
1163 4564 1221 4620 qua
1238 4548 1287 4604 [tei
1302 4548 1382 4609 flius
1397 4556 1574 4609 nasceretur.

85 4662 102 4699 α
116 4643 224 4709 Maria,
237 4657 252 4695 e
269 4657 326 4712 qna
341 4637 421 4694 velut
436 4637 555 4710 speculo
571 4638 695 4712 refulget

87 4731 142 4788 atis
165 4736 192 4786 ct
214 4732 306 4784 forma
326 4727 453 4783 virtutis.
471 4726 543 4781 ilinc
568 4728 693 4784 sumatis

87 4818 264 4886 vivendi,ubi
277 4822 416 4888 tanquam
428 4815 457 4870 in
467 4814 624 4887 exemplari
636 4834 694 4872 rna·

85 4927 145 4968 essa
171 4906 335 4981 probitatis,
348 4904 419 4977 quid
447 4904 599 4977 corrigere,
621 4905 692 4975 quid

85 5002 198 5055 itenere
207 4995 338 5052 debeatis
349 4994 517 5049 ostendunt.
528 4992 693 5049 Primusdi-

85 5087 212 5145 iobilitas
221 5088 265 5140 est
278 5080 495 5156 magistriouid
505 5081 632 5138 nobilius
644 5082 692 5137 Dei

85 5173 266 5249 splendidius
282 5189 316 5226 ea
332 5187 419 5243 quam
437 5168 575 5241 splendor
585 5169 692 5244 elegit?

85 5282 106 5321 ia
115 5280 178 5337 qua
190 5279 296 5333 corpus
307 5260 370 5315 sine
381 5259 511 5331 eorporis
522 5259 693 5332 contagione

85 5371 123 5411 nn
140 5353 176 5409 de
189 5350 299 5406 catoris
315 5351 379 5422 ejus
394 5347 551 5404 virtutibus
564 5349 634 5421 quid
650 5348 691 5406 lo-

84 5446 128 5500 rat
137 5458 193 5497 non
204 5440 299 5498 solum
312 5446 441 5511 corpore,
450 5438 499 5493 sed
512 5438 598 5493 etiam
613 5455 692 5494 men-

85 5530 134 5588 loli
146 5530 268 5595 aniliitu,
280 5529 426 5584 sincerum
439 5525 615 5582 adulteraret
627 5528 692 5583 affe·

85 5617 204 5690 ramilis,
215 5618 311 5676 verbis
322 5616 429 5693 gravis,
441 5614 539 5676 animo
549 5616 689 5692 prudens,

751 4636 859 4691 licead
871 4635 951 4708 ipsos
964 4635 1115 4708 ingressus
1134 4637 1231 4710 angeli
1252 4638 1369 4696 inventa
1379 4642 1467 4697 domo
1481 4640 1511 4697 in
1526 4659 1575 4715 pe·

748 4723 910 4779 netralibus
926 4723 988 4781 sine
1004 4724 1163 4794 comite,ae
1175 4725 1242 4798 quis
1252 4725 1444 4785 intentionem
1456 4731 1576 4786 abrum-

749 4817 828 4887 peret
839 4829 932 4885 neque
946 4813 1135 4886 obstreperet.
1148 4814 1248 4887 Neque
1263 4816 1342 4872 enim
1357 4818 1479 4873 comites
1495 4818 1577 4875 femi-

749 4918 802 4957 nas
819 4901 1012 4969 desiderabat,
1033 4919 1096 4974 quae
1121 4903 1214 4959 bonas
1237 4903 1358 4961 comites
1384 4904 1576 4979 cogitationes

747 4988 962 5064 habebat,quin
974 4991 1062 5048 etiam
1078 4992 1134 5048 sibi
1151 4992 1250 5048 minus
1268 4991 1331 5051 sola
1345 4993 1575 5053 videbaturcum

747 5079 809 5136 sola
824 5085 910 5136 esset.
926 5079 999 5136 Nam
1017 5080 1267 5152 quemadmodum
1284 5081 1356 5152 sola,
1373 5083 1419 5139 cui
1443 5086 1487 5140 tot
1507 5083 1576 5141 libri

748 5168 903 5225 adessent?
915 5173 957 5224 tot
971 5167 1151 5244 archangeli,
1162 5174 1205 5226 tot
1225 5171 1393 5244 prophetet
1403 5171 1534 5245 Denique
1547 5179 1576 5230 et

747 5257 862 5314 Gabriel
874 5274 937 5314 eam
948 5255 998 5313 ubi
1010 5258 1135 5315 revisere
1146 5258 1258 5316 solebat
1270 5259 1390 5330 invenit,
1398 5264 1426 5318 et
1437 5261 1574 5336 angeium
1595 5255 1603 5272 ⁸

747 5346 839 5403 itioris
849 5346 933 5419 quasi
945 5345 1039 5402 virum
1050 5346 1146 5419 specie
1160 5351 1240 5404 mota
1249 5347 1504 5423 trepidavit,quasi
1516 5367 1574 5407 noa

747 5434 929 5508 incognitum
945 5433 1044 5490 audito
1059 5435 1178 5490 nomine
1192 5437 1376 5510 recognovit3
1390 5437 1432 5495 ita
1446 5439 1572 5512 peregri-

747 5530 815 5582 nata
830 5528 874 5580 est
889 5524 919 5579 in
934 5523 1072 5597 viraque
1087 5541 1144 5580 non
1160 5530 1206 5581 est
1220 5527 1405 5602 peregrinata
1416 5529 1446 5583 in
1457 5526 1571 5600 angelo,

746 5620 779 5672 ut
793 5629 935 5691 agnoscas
963 5628 1050 5671 aures
1079 5611 1242 5689 religiosas,
1259 5614 1360 5675 oculos
1380 5615 1571 5679 verecundos·
