3884 6084
132 300 191 360 299

586 300 618 361 S.
641 299 841 362 BRUNONIS
864 293 1174 359 llEllBIPOLENSlS
1196 293 1385 358 uersabat.
1777 298 1838 360 300

136 435 173 487 62
208 438 242 490 Et
266 437 440 491 imitaverunt
463 436 489 490 et
503 433 735 490 coaceruatorum
757 434 843 488 Deum
866 431 953 487 curet·
971 432 998 500 Α
1013 430 1090 485 intra
1103 428 1177 486 lares
1192 433 1394 499 monumenta,
1409 428 1485 486 sicut
1496 427 1625 502 antiquis
1640 446 1705 487 mos
1717 433 1779 487 eret
1791 446 1839 489 se·

238 539 323 579 sum:

123 605 128 612 ’
203 614 237 668 lii
249 614 404 670 testimonio
418 612 476 684 ejus
489 628 543 669 riou
558 613 755 668 custodierunt.

169 699 189 755 C
204 700 286 756 Nunc
299 700 369 756 dicit
381 701 594 756 contumaciam
610 697 842 771 Juclaeorum,qui
858 695 956 753 Domi·

125 806 203 868 ¹num
217 791 410 856 tentaverunt,
418 793 446 844 et
462 789 572 845 monita
587 790 652 861 ejus
667 806 724 845 non
735 787 955 844 custodierunt:

133 881 161 934 et
176 878 248 949 quid
263 877 305 934 eis
321 878 393 934 irato
409 878 532 934 Domino
548 878 711 951 contigerit,
723 882 756 933 ut
775 876 844 932 talia
858 875 957 931 inobe-

132 966 245 1023 dientes
260 967 386 1024 debeant
400 968 532 1040 exempla
547 972 686 1025 metuere.

131 1056 167 1111 63
203 1061 417 1114 conuerterant
440 1074 469 1114 se
494 1066 519 1113 ct
546 1074 600 1113 uon
627 1065 803 1113 seruauerunt
825 1064 956 1128 peretum:

238 1146 465 1217 quemadmodum
477 1155 568 1218 potres
583 1162 677 1202 eorum
697 1148 819 1202 courersi
841 1153 904 1200 suut
928 1146 959 1199 in

238 1251 333 1290 arcarm
343 1253 470 1308 prauam.

168 1324 380 1380 Hhverterunt
399 1342 439 1394 so,
452 1342 526 1397 quos
551 1342 603 1381 nec
625 1325 718 1380 uirtus
742 1340 795 1379 neo
818 1322 960 1379 beneficia

133 1409 304 1469 mollierunt
316 1412 431 1481 divina3
450 1409 500 1470 'sed
516 1413 594 1469 siout
608 1416 705 1486 patres
720 1412 961 1484 occideruntpro-

132 1500 246 1572 phetas,
259 1501 300 1557 ita
312 1501 402 1557 otiati
414 1501 512 1574 ipsum
523 1501 615 1557 Deum
627 1505 843 1574 persequuntur
853 1500 957 1573 (llattlr.

1010 518 1110 591 polire.

1009 609 1045 661 76
1081 607 1237 664 Sacerdotes
1251 624 1343 664 eorum
1360 611 1391 665 iu
1405 609 1498 679 plodio
1512 610 1689 667 cecideruut:

1081 697 1115 751 Et
1130 697 1221 752 adduce
1235 713 1329 753 eoram
1342 714 1396 754 uon
1408 700 1600 770 plorabantur.

1047 785 1112 841 Cln
1128 784 1193 857 ipsa
1216 784 1306 859 igitur
1321 786 1487 859 captivitate
1502 788 1554 844 filii
1579 788 1642 845 Heli
1666 790 1839 862 sacerdotis,

1012 873 1048 928 ah
1072 872 1234 947 Allophylis
1259 873 1397 947 leguntur
1419 875 1516 949 gladio
1539 878 1674 934 exstincti
1689 895 1696 933 :
1711 895 1841 952 quorum

1013 962 1101 1019 unius
1116 979 1188 1019 uxor
1198 964 1285 1019 vidua
1297 964 1383 1032 lacta,
1394 969 1460 1037 post
1470 966 1600 1022 subitum
1611 971 1729 1039 partum
1744 973 1841 1025 morte

1012 1055 1160 1122 preventa
1174 1056 1218 1107 est
1233 1053 1256 1125 (l
1270 1053 1501 1125 ltop.1v):etita
1516 1056 1638 1129 contigit
1661 1061 1693 1112 ut
1717 1057 1843 1115 minime

1013 1139 1154 1213 ploratur,
1171 1142 1241 1197 dum
1265 1142 1417 1199 universos
1442 1143 1577 1200 interitus
1598 1147 1766 1204 communis
1791 1163 1842 1204 aa·

1013 1234 1143 1301 cuperet,
1158 1229 1224 1286 licat
1240 1235 1267 1286 at
1283 1231 1311 1287 id
1328 1231 1393 1287 aliis
1409 1231 1510 1288 multis
1526 1234 1667 1291 eccidisse
1682 1253 1739 1292 non
1752 1238 1843 1295 dubi-

1012 1321 1134 1374 taretur.

1011 1408 1044 1461 71
1083 1408 1115 1463 Et
1129 1411 1264 1465 excitatus
1280 1414 1320 1465 cst
1335 1418 1467 1482 tanquam
1480 1411 1616 1469 ‹tormiem
1634 1415 1767 1472 Dominus
1782 1434 1792 1473 .·

1087 1498 1225 1569 Tanquam
1237 1508 1333 1570 potens
1346 1500 1505 1571 crapulatus
1519 1517 1536 1555 o
1549 1503 1623 1557 irino.

131 1589 356 1661 xxau).CArous
367 1607 492 1662 pravus:
508 1594 552 1647 est
565 1590 678 1647 malitia
693 1595 958 1663 peccatorumque
1049 1585 1069 1640 C
1082 1586 1229 1642 limitatur
1244 1588 1321 1644 enim
1337 1588 1479 1644 Dominus
1494 1589 1530 1645 ad
1543 1574 1715 1660 uindictam,
1730 1595 1844 1653 nostris

132 1694 190 1734 non
206 1679 322 1734 eminus
338 1678 459 1735 vulnera
469 1680 629 1752 p'aculatur,
641 1680 692 1736 sed
708 1680 736 1734 in
749 1696 780 1734 se
795 1679 890 1751 magis
901 1678 959 1751 spi·
1013 1674 1100 1729 malis
1115 1676 1231 1732 actibus
1253 1680 1440 1749 provocatum
1462 1679 1547 1750 eujus
1571 1680 1712 1751 patientia
1726 1683 1843 1739 dormi·

132 1765 199 1822 cula
212 1767 324 1823 dircota
338 1768 490 1836 convertit;
504 1768 573 1840 quia
583 1767 703 1825 dolosus
713 1769 783 1823 dum
797 1767 902 1823 nititur
917 1768 958 1822 in·
1013 1767 1091 1819 tasse
1102 1765 1285 1821 credebatur.
1296 1766 1462 1839 Resurgens
1477 1767 1564 1824 etiarn
1581 1769 1721 1827 Dominus
1733 1788 1752 1827 a
1767 1789 1846 1828 mnn-

131 1870 231 1926 gerore
241 1853 353 1928 plagas,
366 1855 395 1911 in
408 1873 439 1912 se
450 1860 616 1912 convertere
629 1857 726 1929 potius
737 1874 806 1912 suas
820 1856 960 1928 probatur
1015 1852 1083 1920 tuis,
1092 1856 1231 1926 tanquam
1240 1854 1306 1910 vino
1315 1855 1462 1926 passionis
1471 1855 1699 1928 crapulatushd
1710 1859 1843 1918 litteram

131 1942 301 1998 insidianti
318 1943 426 1999 Prarus
439 1944 517 1999 onim
529 1962 614 2001 arcus
625 1945 742 2013 dieitur,
756 1946 805 2017 qui
817 1944 918 2016 jacula
929 1945 958 2000 in
1013 1944 1109 1996 autem
1127 1959 1133 1997 :
1149 1942 1289 2015 crapulati
1306 1948 1334 1999 et
1350 1944 1421 2000 ohrii
1437 1946 1504 2000 vino
1520 1946 1606 2002 irasci
1626 1955 1844 2007 consueverunt

131 2032 298 2087 tondentem
315 2048 346 2087 sa
361 2032 462 2100 mittit,
473 2036 502 2088 ot
517 2033 587 2089 dum
601 2039 702 2090 eontra
717 2032 852 2090 inimicos
868 2033 957 2106 sagit-

131 2125 192 2175 tam
208 2123 328 2193 putatur
339 2122 446 2193 jacere,
464 2122 576 2178 sauciat
593 2128 749 2179 tenentem.

131 2210 166 2263 66
202 2209 234 2264 lu
248 2211 292 2264 ira
304 2211 507 2267 concitauerunt
522 2228 585 2265 curn
597 2213 627 2265 iu
641 2212 755 2267 collitus
768 2214 827 2267 ruis
843 2229 849 2267 :

202 2300 236 2354 Et
250 2300 280 2354 iu
293 2300 465 2372 sculptilibus
479 2303 538 2356 suis
549 2300 584 2356 od
600 2302 802 2357 annotationem
815 2307 842 2367 ἦ·
861 2318 922 2357 eum
943 2306 950 2370 ζ

235 2396 457 2461 provocaverunt,

167 2477 303 2546 CColles,
316 2480 458 2550 superbas
473 2483 502 2534 ct
525 2480 655 2534 tuniidas
680 2479 833 2535 hominum
849 2479 956 2552 cogita-

132 2566 225 2622 tiones
248 2567 424 2639 significant,
437 2567 545 2639 quibus
561 2585 678 2640 sempor
692 2568 834 2624 Dominus
847 2567 957 2623 inueni-

130 2660 180 2711 tur
195 2656 344 2712 adversus.
355 2656 397 2711 Ad
413 2655 627 2712 aemulationem
642 2674 758 2729 quoque
774 2674 841 2712 eum
857 2672 957 2729 provo-

130 2745 329 2810 cabant,durn
348 2762 435 2800 suum
461 2745 601 2800 honorem
625 2745 711 2802 idolis
737 2746 955 2818 impendebant.

130 2832 279 2888 HRelioto
302 2834 380 2889 enim
410 2834 468 2890 Dao
497 2834 660 2890 servierunt
689 2834 783 2903 idolis,
801 2835 956 2891 adorantes

130 2922 217 2977 otiam
232 2921 262 2977 in
279 2922 439 2978 montibus.

129 3012 165 3067 65
201 3011 310 3068 Atidiuit
323 3014 393 3069 Deus
407 3020 433 3068 et
445 3015 546 3085 spreuit
563 3032 569 3068 :

202 3104 235 3158 Et
250 3102 284 3157 ad
299 3103 420 3159 nihilum
434 3102 539 3173 redcpit
550 3103 629 3159 ualde
643 3103 736 3158 lsrael.

1012 2030 1083 2084 dum
1097 2032 1269 2100 excitantur,
1280 2037 1308 2088 et
1324 2033 1413 2090 sortes
1429 2051 1459 2090 se
1474 2034 1626 2105 exhibere3
1644 2037 1683 2093 ita
1693 2055 1747 2112 per
1761 2039 1843 2097 simi·

1012 2117 1166 2175 litudinem
1181 2121 1217 2176 de
1232 2121 1289 2177 Deo
1305 2122 1418 2178 dictum
1433 2126 1488 2178 ost.

987 2268 993 2273 ,
1010 2209 1047 2260 72
1082 2211 1120 2263 Iz't
1133 2212 1268 2280 percussit
1282 2213 1408 2268 inimicos
1421 2228 1485 2267 arros
1499 2215 1529 2268 iu
1541 2215 1692 2285 posteriora
1707 2234 1717 2272 :

1085 2299 1271 2369 opprobrium
1285 2302 1482 2372 sernpiternum
1495 2301 1568 2358 ‹leau
1583 2304 1650 2359 iltis.

1047 2386 1231 2443 CPorcussit
1246 2383 1413 2461 hilophylos
1443 2390 1473 2444 in
1502 2392 1673 2463 posteriora,
1689 2398 1724 2449 ut
1751 2395 1842 2453 etiam

1011 2473 1077 2544 riri,
1100 2493 1116 2531 a
1140 2476 1285 2533 soricibus
1315 2477 1484 2533 exsecrabili
1515 2481 1600 2537 sorde
1630 2481 1845 2559 roderentur(l

1011 2565 1073 2635 ltep.
1089 2564 1117 2637 r)
1135 2582 1141 2619 :
1159 2566 1236 2638 quod
1257 2566 1447 2639 opprobrium
1464 2574 1616 2640 permanet
1628 2571 1670 2626 eis
1685 2574 1844 2647 sempiter-

1012 2654 1152 2709 namsia
1168 2659 1333 2726 peccatores
1350 2654 1377 2709 in
1395 2657 1557 2727 posteriora
1572 2661 1707 2730 percutit,
1722 2664 1843 2735 quando

1010 2743 1054 2799 eis
1069 2761 1123 2799 sua
1138 2744 1235 2800 dehita
1254 2763 1311 2800 nan
1337 2744 1491 2818 relinquit;
1510 2751 1539 2804 et
1561 2749 1647 2820 quasi
1664 2751 1844 2812 asorioibus

1011 2837 1237 2904 consumuntur,
1249 2834 1320 2889 dum
1336 2851 1385 2890 eos
1402 2834 1511 2891 diaboli
1526 2837 1631 2894 cohors
1645 2838 1767 2897 inimica
1781 2841 1843 2900 val·

1011 2921 1121 2977 laverit.

1010 3012 1046 3065 75
1082 3012 1114 3066 Et
1128 3012 1231 3084 repulit
1245 3012 1453 3067 tabernaculum
1466 3015 1564 3086 ioseph
1580 3035 1589 3070 :

1082 3103 1116 3156 Et
1130 3099 1232 3155 tribum
1246 3099 1362 3172 Ephrem
1379 3118 1435 3157 uou
1449 3101 1538 3174 clepit.

166 3190 273 3247 lllllos
288 3210 354 3248 roro
370 3192 488 3266 sprevit,
499 3193 547 3263 qui
570 3196 684 3248 tantum
705 3191 822 3247 nomino
845 3195 873 3247 et
894 3175 990 3246 nonG
1047 3189 1068 3243 ll
1085 3189 1175 3244 C‘Hio
1198 3189 1362 3260 reprobatio
1385 3190 1553 3247 ludaeorum
1576 3195 1662 3266 atque
1686 3194 1840 3256 haeretico·

131 3280 244 3335 visione
257 3268 346 3335 lsrael
362 3284 453 3335 erant.

132 3370 168 3424 66
204 3373 238 3424 itt
252 3369 352 3439 repulit
368 3369 574 3423 tabernaculum
590 3368 647 3423 Silo
663 3385 669 3423 :

205 3457 420 3513 tabernaculum
445 3473 526 3511 arcum
554 3457 602 3511 utri
632 3458 764 3514 habitauit
789 3459 819 3512 in
847 3457 957 3513 homili-

236 3546 294 3601 bus.

1012 3293 1089 3344 rum,
1100 3282 1128 3333 ot
1143 3276 1243 3333 electio
1266 3283 1401 3334 narratur
1416 3284 1521 3336 sanctu
1537 3280 1714 3342 EcclesieC
1728 3285 1841 3361 loseph

1011 3367 1218 3439 intorpretatur
1242 3370 1518 3440 oupmcntum,quod
1541 3370 1589 3426 hic
1604 3371 1634 3427 in
1657 3376 1841 3434 eontrarium

1011 3455 1214 3528 accipiendum
1238 3461 1292 3524 est,
1311 3457 1379 3528 quia
1402 3462 1516 3514 constat
1539 3476 1604 3516 esse
1628 3462 1837 3535 repudiatum

1011 3545 1134 3616 Ephrem
1149 3545 1280 3618 irupiser,
1296 3562 1347 3602 seu
1361 3546 1480 3602 ubertus.

164 3634 377 3692 CSiloeivitas
396 3639 468 3701 orat,
486 3634 536 3689 uhi
565 3650 632 3689 arca
656 3634 704 3689 Dei
731 3633 822 3689 sarissa
850 3634 957 3707 legitur
1008 3635 1043 3688 7t
1080 3635 1131 3690 Sed
1145 3635 1227 3703 clepit
1240 3636 1342 3690 tribum
1356 3635 1456 3692 lucio:

127 3725 296 3781 constituta.
309 3722 368 3779 Silo
387 3725 494 3779 avulsio
508 3722 552 3778 uel
567 3723 692 3778 rtirrrissio
709 3723 767 3794 ajars
783 3723 954 3796 interpreta-

16 3812 19 3817 ’
125 3819 184 3881 tur,
195 3817 223 3870 et
239 3812 385 3886 signiticat
404 3812 600 3868 sacerdotium
620 3811 789 3867 iudeorum
805 3828 822 3867 a
837 3812 895 3867 Deo
911 3828 954 3868 re·

122 3904 289 3976 probatum.

121 3993 158 4047 67
193 3995 226 4049 Et
241 3991 356 4048 tradidit
370 3993 399 4047 iu
414 3993 602 4064 captiuitatem
617 3991 745 4046 uirtutem
756 4006 850 4046 eorum
866 4008 872 4045 :

192 4083 225 4137 Et
237 4081 473 4153 pulchritudinem
488 4097 583 4136 comam
599 4082 629 4135 iu
644 4097 744 4135 triarius
760 4080 878 4135 inimici.

156 4171 177 4228 C
191 4170 301 4227 Traditi
318 4176 388 4227 sunt
400 4170 416 4226 J
420 4169 493 4225 udoei
508 4170 539 4225 in
555 4168 767 4243 captivitatem,
781 4168 898 4240 quando
913 4168 949 4224 ab

119 4258 289 4333 Allaphylis,
302 4259 331 4315 id
348 4263 391 4316 est
411 4259 575 4321 Philistuis,
591 4263 675 4332 capta
690 4275 766 4326 arca,
786 4260 856 4314 sunt
870 4256 947 4315 vieti.

119 4348 265 4405 Virtutem
280 4352 308 4405 et
323 4349 537 4419 fortitudinem,
554 4348 625 4403 dioit
646 4365 743 4403 arcum
770 4345 946 4415 tastamenti,

119 4453 270 4511 perquam
287 4437 363 4493 inter
373 4442 474 4509 gentas
484 4438 658 4492 videbantur
669 4436 779 4504 invicti,
792 4440 820 4491 et
831 4451 948 4492 summa

119 4524 232 4581 decoris
246 4525 332 4582 laude
347 4542 411 4582 esse
427 4526 575 4598 praecipui.

116 4614 152 4670 68
187 4616 220 4670 Et
234 4616 368 4671 crouctuait
386 4617 415 4669 in
427 4615 519 4686 plodio
533 4615 664 4686 poputum
680 4629 761 4669 suram
778 4631 784 4668 :

187 4706 221 4761 Et
235 4704 423 4763 laureditotom
437 4720 517 4760 suam
529 4704 641 4774 spreuit.

150 4795 170 4851 C
185 4795 373 4868 Consequens
390 4793 444 4849 luit
460 4797 491 4848 ut
506 4791 633 4866 populus
643 4789 740 4864 gladio
751 4795 899 4846 corrueret
914 4791 944 4847 in

114 4884 242 4952 ruinam,
255 4885 302 4941 cui
315 4901 388 4941 urere
404 4883 533 4958 dignitas
545 4881 600 4938 luit
616 4881 723 4938 ablata.
737 4879 850 4953 Sprevit
861 4896 944 4936 suam

114 4970 324 5041 hereditatem,
340 4973 458 5046 quando
474 4989 525 5045 pro
542 4970 685 5028 scelerum
700 4987 821 5026 suorum
837 4970 942 5026 immo-

113 5058 205 5115 nitate
220 5061 341 5133 projecit
356 5062 498 5134 populum
515 5078 602 5134 quem
618 5059 754 5133 elegerat.

111 5146 148 5202 79
182 5151 300 5203 Juarcrree
314 5165 407 5204 eorum
423 5151 536 5205 conrodit
549 5152 621 5220 ipris
639 5168 645 5206 :

183 5237 216 5291 Et
228 5238 350 5306 cirpiuea
364 5240 458 5293 eorum
471 5255 526 5294 raon
540 5244 604 5295 ouut-
620 5241 787 5295 lourcutata’.

147 5325 167 5381 C
182 5326 348 5399 Ignomhio,
364 5326 617 5382 iramhellantium
628 5328 939 5385 dehemusadrortcro.

112 5413 298 5484 Lamentara,
313 5414 444 5471 vacantis
467 5422 511 5472 est
527 5433 533 5471 :
551 5433 619 5472 narn
634 5434 702 5472 oum
716 5432 818 5473 omnes
841 5414 939 5470 immi·

1080 3723 1193 3779 lloutcm
1206 3726 1273 3781 Sion
1289 3740 1368 3796 quem
1379 3725 1488 3780 dilecti.

1044 3812 1160 3868 Clade
1188 3812 1396 3885 intorpretatur
1419 3816 1558 3886 curtilem,
1578 3816 1638 3873 aira
1665 3819 1837 3892 ptorifioaus.

1008 3899 1092 3956 Illam
1109 3901 1217 3957 tribum
1230 3903 1334 3958 merita
1349 3902 1454 3977 diligit,
1466 3920 1528 3977 quae
1544 3911 1573 3961 et
1586 3905 1771 3966 consessione
1783 3909 1839 3966 luit

1006 3989 1127 4046 humilis
1141 3994 1170 4046 et
1183 3991 1370 4049 conversione
1383 3991 1551 4050 laudabilis.
1566 3995 1589 4050 H
1604 3999 1625 4050 C
1640 3994 1734 4067 blons,
1746 3999 1839 4072 signi-

1005 4078 1073 4135 ficat
1088 4084 1221 4135 sanctam
1233 4080 1402 4137 Ecclesiam.

1003 4169 1039 4223 75
1074 4169 1343 4240 676666666666
1356 4173 1531 4228 unicornium
1540 4176 1722 4248 sanctificium
1732 4193 1836 4234 suum:

1068 4260 1104 4341 'ln
1120 4266 1192 4314 terra
1208 4275 1291 4331 quom
1304 4261 1432 4331 [eructarit
1449 4263 1479 4316 in
1493 4263 1602 4320 seculo.

1038 4344 1210 4403 Hlinicorni
1240 4348 1399 4422 singularis
1425 4351 1555 4423 potentia
1578 4352 1736 4424 dicitur,H
1758 4354 1780 4411 C
1804 4359 1835 4413 at

1002 4437 1119 4492 unicam
1129 4437 1234 4493 Christi
1246 4438 1416 4508 Ecclesiam,
1425 4456 1513 4511 quam
1526 4440 1658 4498 fundavit
1671 4442 1832 4514 insaecula,

960 4545 984 4611 D
1001 4525 1157 4599 significat.

999 4615 1034 4671 76
1069 4618 1104 4671 Et
1117 4617 1197 4687 clepit
1211 4617 1296 4673 Dauid
1310 4634 1417 4674 seruum
1432 4635 1514 4674 auum
1529 4635 1535 4674 :
1552 4627 1578 4675 ct
1599 4621 1715 4677 sustulit
1725 4621 1834 4680 mimda

1070 4706 1198 4776 prepibua
1210 4708 1300 4761 oau'um
1317 4728 1326 4762 :

1069 4795 1107 4850 De
1119 4799 1285 4868 postrfautrs
1299 4799 1401 4869 aceepit
1415 4814 1486 4854 cum.

1033 4882 1056 4937 ll
1072 4883 1092 4938 C
1107 4883 1196 4939 David
1209 4884 1429 4957 (intorpretatur
1442 4903 1529 4942 mauu
1538 4888 1630 4959 furtu,
1646 4886 1707 4944 sive
1724 4889 1830 4948 datde-

997 4972 1105 5041 ruhilie)
1121 4972 1271 5030 Christum
1288 4973 1443 5047 significat,
1460 4991 1495 5032 cx
1514 4974 1622 5050 populo
1644 4975 1829 5046 iudaeorum,

996 5059 1073 5117 velut
1085 5062 1119 5118 dc
1133 5062 1273 5135 gregibus
1283 5063 1392 5130 ovium,
1404 5064 1594 5139 desumptum
1604 5066 1832 5138 atquatranalan

996 5154 1060 5205 tum
1076 5150 1112 5204 ad
1132 5151 1273 5222 populum
1297 5153 1478 5224 pascendum
1500 5154 1645 5211 Ecclesiae.
1657 5155 1682 5211 li
1694 5155 1760 5224 Vol,
1776 5157 1827 5230 qui

996 5237 1031 5294 de
1045 5255 1133 5312 grege
1149 5239 1316 5295 mortalium
1332 5241 1442 5299 clectus
1462 5247 1491 5299 et
1514 5243 1684 5301 sublevatus
1699 5248 1756 5315 eat,
1768 5248 1789 5302 C
1800 5248 1828 5302 et

995 5335 1132 5402 acceptus
1144 5330 1179 5385 de
1192 5334 1256 5402 post
1267 5330 1401 5399 letantes,
1411 5333 1440 5388 id
1451 5337 1506 5402 ost,
1520 5334 1630 5391 deloco
1640 5333 1692 5407 qui
1702 5339 1750 5392 eet
1763 5337 1829 5409 post

995 5417 1129 5485 letantes,
1142 5417 1226 5474 idest
1239 5420 1381 5477 sccundus
1396 5426 1426 5477 et
1439 5421 1547 5480 lutosas
1566 5438 1645 5492 ovas,
1657 5422 1730 5496 quia
1744 5421 1825 5481 Chri·

110 5503 210 5561 nentia
234 5503 365 5578 pericula
389 5503 590 5574 formidarent,
615 5506 686 5563 nulli
711 5505 795 5562 licuit
819 5504 939 5562 alterius
994 5509 1057 5561 stus
1074 5511 1173 5579 pastor
1201 5511 1246 5564 est
1274 5508 1372 5565 ovium
1393 5510 1597 5586 fecundarum,
1617 5511 1825 5588 spiritualique

109 5593 204 5659 funeri
216 5594 299 5674 justa
318 5593 493 5674 persolvere.
510 5594 650 5655 Lamenta
664 5595 743 5656 enim
768 5595 845 5654 dieto
869 5597 940 5652 sunt
992 5595 1086 5670 gratia
1104 5595 1214 5654 multos
1235 5597 1310 5656 lilios
1331 5600 1536 5674 generantium
1551 5602 1581 5659 in
1597 5605 1709 5661 sauata
1724 5601 1784 5662 ude
1796 5604 1825 5662 ot
