3884 6084
122 240 174 306 2⁷3
724 240 931 306 Exeosmlo
954 244 1207 312 PSALMDRUM.
1763 246 1823 312 974

118 369 480 448 DeiFillum,tempornlam
489 372 938 452 aliquisblephemacogitatione
951 382 979 450 Α
993 381 1058 453 ejus
1073 381 1191 440 animus
1205 381 1399 457 discrepabat.
1415 383 1539 443 Gressus
1563 358 1710 460 significat
1736 388 1819 445 actus
1909 362 1913 373 Ι

116 466 359 526 sentiretNomen
374 468 472 522 autem
487 465 599 524 dictum
615 468 750 539 est,quod
764 473 864 525 notam
877 485 938 527 rem
993 469 1149 539 humanos,
1166 473 1216 545 qui
1232 491 1322 548 prope
1336 475 1421 532 effusi
1436 480 1515 545 sunt,
1534 493 1601 534 eum
1617 494 1635 533 a
1649 492 1717 533 vera
1740 475 1819 551 cogi-

114 558 210 615 iaciat.
226 557 262 613 ut
275 554 323 611 bic
338 553 441 621 solem,
456 572 508 628 pro
523 555 661 614 omnibus
680 557 823 616 creaturis
845 559 938 632 ponit,
992 560 1100 618 tatione
1117 563 1281 637 discrepare
1292 571 1451 638 coeperunt.

112 645 254 722 quoniam
284 644 488 718 conspectibus
511 645 621 702 nostris
643 646 754 719 gratior
785 646 937 716 illucescit,
993 650 1011 704 3
1083 653 1153 722 Quia
1168 655 1256 710 selavi
1269 657 1494 729 saperiniqaas:

110 736 161 794 ubi
178 739 208 792 et
218 733 398 807 sugillantur
411 733 588 808 philosophi,
606 735 656 807 qui
681 734 772 793 solem
792 737 941 809 ponebant
1064 745 1160 799 Pacem
1173 752 1346 817 peccatorum
1359 746 1464 803 cidens.

109 831 267 882 eternum.
1029 831 1049 887 G
1064 830 1169 887 Secuta
1183 839 1229 890 est
1243 850 1332 891 eausa
1356 851 1407 891 cur
1430 853 1550 909 gressus
1565 836 1629 908 ejus
1653 837 1822 894 viderentur

110 917 145 972 18
183 913 548 986 Etbeoediceatare'cipco
570 917 932 982 ÷cmacetribcotemm2
994 917 1188 992 ellundi,quia
1203 923 1405 994 peecatoribus
1421 923 1616 997 incongruum
1632 922 1728 982 zelum
1739 922 1823 980 adhi-

184 1005 283 1061 emam
298 1010 390 1073 pentec
403 1004 621 1075 magnificabant
636 1021 708 1060 eam.
994 1006 1059 1063 buit
1073 1012 1105 1063 ut
1118 1025 1167 1065 eos
1183 1014 1297 1082 putaret
1311 1011 1418 1081 lelices,
1435 1029 1509 1084 quos
1525 1015 1637 1069 certum
1654 1016 1699 1069 est
1714 1016 1823 1068 eterna

147 1092 218 1150 um
232 1091 442 1149 benedicentur
455 1091 485 1148 in
500 1092 574 1166 ipso,
590 1093 713 1150 Domino
723 1094 856 1151 videlicet
870 1095 940 1151 iesu
994 1093 1181 1155 damnatione
1197 1097 1305 1169 puniri.
1323 1098 1744 1172 Paceminapritpeccatorum,
1757 1116 1821 1172 que

108 1183 238 1241 Christo.
250 1185 322 1237 Cum
337 1180 408 1238 dicit
423 1181 830 1255 magnificabunt,laudabunt
840 1184 940 1259 utique
994 1184 1123 1254 putatur,
1138 1184 1189 1240 scd
1205 1202 1303 1243 revera
1318 1204 1374 1243 non
1391 1192 1436 1244 est
1450 1206 1515 1261 pax.
1532 1188 1605 1245 Nam
1627 1205 1693 1244 cum
1719 1203 1821 1260 pecca·

109 1271 270 1346 significat.
285 1270 376 1327 Aliter
389 1270 468 1328 enim
483 1270 666 1346 magnificari
692 1290 749 1329 non
770 1277 876 1346 potest,
893 1273 940 1330 eni
995 1275 1072 1326 tores
1087 1271 1223 1330 videntur
1238 1274 1408 1349 locupletes,
1424 1281 1453 1333 et
1473 1276 1546 1333 nihil
1565 1294 1630 1334 esse
1655 1277 1685 1332 in
1709 1275 1820 1334 mundo

110 1378 216 1420 omnes
231 1359 417 1418 summitates
431 1360 607 1417 deserviunt.
995 1360 1073 1432 quod
1088 1360 1220 1437 timeant,
1234 1368 1376 1437 putantur
1390 1365 1496 1423 habere
1511 1367 1677 1441 pacem‚scd
1693 1383 1750 1438 pax
1763 1364 1821 1422 ista

111 1452 148 1509 19
183 1449 348 1508 Benedictus
362 1450 504 1516 Dominus,
520 1453 595 1506 Deua
609 1451 703 1507 lsrael.
995 1463 1062 1504 cum
1078 1450 1256 1510 conscientia
1271 1470 1386 1527 semper
1398 1454 1503 1529 litigat,
1519 1460 1548 1513 et
1559 1454 1737 1513 intrinsecus
1747 1454 1820 1510 rixo·

184 1541 240 1610 Dat
251 1541 324 1611 tacit
336 1539 480 1596 mirabilia
493 1539 576 1596 solue.
995 1541 1043 1594 tur
1057 1555 1217 1614 secumque
1233 1544 1371 1601 decertat.

146 1631 262 1688 cDeus
277 1627 421 1697 lsrael,id
439 1633 494 1696 est,
518 1629 596 1686 Deus
617 1629 758 1687 universe
782 1634 864 1687 terrm
888 1631 940 1686 bo·
994 1626 1011 1682 l
1066 1628 1135 1697 Dacia
1149 1647 1205 1688 noo
1219 1641 1257 1689 eat
1272 1641 1405 1706 respectae
1420 1638 1633 1692 anartieorum:

112 1720 297 1778 nedicendus
311 1733 428 1792 semper
441 1722 503 1787 cst;
520 1718 570 1791 qui
587 1718 655 1775 lacit
679 1718 826 1776 mirabilia
848 1719 938 1785 solus,
1064 1720 1097 1774 lit
1110 1720 1314 1791 irritamentum
1330 1725 1360 1779 ia
1373 1726 1456 1798 ptaqa
1469 1741 1573 1783 eoram.

112 1810 181 1886 quie
204 1808 288 1867 nullo
310 1807 422 1882 indiget
445 1807 600 1880 adjutorio.
616 1809 689 1864 Nem
714 1808 781 1866 lieet
804 1808 898 1882 angeli
912 1814 941 1866 et
1029 1807 1166 1864 cndhuc
1177 1809 1247 1866 dicit
1262 1811 1297 1867 de
1312 1813 1557 1887 prosperitatibus
1572 1809 1821 1885 impiorum,quia

112 1899 200 1958 multi
212 1898 288 1972 iusti
304 1898 413 1954 sacient
436 1896 592 1966 mirabilia,
610 1914 667 1955 non
684 1897 738 1956 soli
762 1903 871 1968 tamen,
888 1900 939 1956 sed
994 1912 1052 1951 non
1068 1901 1112 1953 est
1128 1903 1278 1971 respectus
1294 1903 1390 1970 morti,
1407 1903 1435 1958 id
1452 1908 1498 1959 est
1511 1903 1581 1975 quia
1595 1905 1719 1958 mortem
1734 1917 1819 1957 suam

113 1990 272 2063 adjuvante
284 1987 407 2045 Domino
421 1985 612 2059 perficiunt.H
627 1987 719 2044 Debet
729 2004 796 2044 vero
812 1988 940 2062 hispani
995 2002 1053 2041 uon
1069 1987 1275 2059 praevidentmd
1291 1991 1508 2048 emendandum
1520 2009 1551 2048 se
1563 2009 1621 2048 non
1637 1993 1817 2047 convertunt.

113 2079 202 2147 Dens,
220 2075 290 2152 quia
304 2081 334 2134 et
347 2076 476 2134 Trinitas
491 2075 620 2133 inversu
635 2078 808 2135 ostenditur.
995 2075 1029 2130 Et
1042 2076 1260 2134 firmamentum
1275 2080 1513 2136 subandiendum
1538 2098 1596 2138 non
1620 2084 1675 2147 est,
1700 2078 1769 2151 quia
1793 2077 1819 2135 si

114 2171 148 2225 2⁰
184 2169 219 2224 m
233 2167 404 2224 benedictam
417 2183 516 2223 nornen
523 2167 672 2239 majestatie
683 2168 741 2241 ejus
751 2169 939 2225 iaaeternam:
995 2165 1138 2239 contingit
1152 2184 1202 2224 ecs
1217 2169 1381 2243 praestringi
1397 2169 1497 2243 aliqua
1511 2169 1695 2235 adversitate,
1711 2183 1769 2223 non
1788 2163 1820 2222 in

185 2259 220 2315 m
234 2256 384 2330 replebitur
397 2256 540 2328 majestate
553 2257 612 2328 eice
623 2258 711 2313 omnis
726 2262 800 2314 terro
815 2274 824 2313 .·
995 2254 1037 2311 eis
1050 2255 1165 2312 videtur
1178 2256 1294 2315 diutina
1308 2275 1478 2332 permanere
1492 2258 1622 2329 tristitia,
1638 2262 1667 2315 et
1681 2257 1745 2313 ideo
1761 2271 1819 2312 uon

222 2347 283 2419 fiat,
296 2347 355 2418 fiat.
995 2344 1094 2400 statim
1110 2346 1145 2400 od
1162 2346 1307 2403 medicum
1322 2365 1423 2405 verum
1433 2353 1598 2406 recurrunt.

150 2437 174 2495 u
190 2435 379 2498 Benedictum
396 2451 501 2492 nomen
517 2442 566 2505 eet,
580 2437 685 2493 scilicet
698 2436 812 2510 quiade
827 2436 941 2494 Christo

116 2527 273 2584 Christiani
288 2532 358 2583 sunt
372 2525 454 2595 dicti,
477 2526 555 2598 quod
578 2526 752 2582 vccabulum
778 2531 871 2583 lotum
895 2542 940 2581 or-

117 2616 181 2675 bem
197 2633 283 2673 sacra
297 2615 481 2695 veneratione
495 2615 659 2688 complevit.
673 2616 790 2672 Terram
806 2616 884 2672 enim
896 2614 943 2671 bic

117 2712 235 2763 sanctos
249 2704 331 2772 dicit,
347 2705 416 2778 quia
429 2703 524 2778 ipsius
547 2703 679 2762 claritate
708 2704 837 2779 replendi
861 2708 941 2761 sunt.

117 2795 251 2869 Dptantis
266 2798 312 2851 est
326 2795 423 2852 dicere
437 2795 497 2863 Dat,
514 2795 564 2851 aed
590 2794 714 2851 nimium
738 2794 942 2863 desiderantis,

119 2885 214 2958 ipsum
227 2888 359 2957 repetere
371 2889 400 2941 ot
415 2883 511 2941 dicere
526 2901 533 2941 :
549 2884 611 2953 fiat,
628 2885 688 2949 fiat.

357 2989 457 3031 omno
476 2991 512 3030 ex
531 2990 610 3031 senc.
631 2992 703 3030 cxxi.

150 3066 264 3123 Nomen
279 3068 377 3130 tuum,
394 3063 579 3137 omnipotens
595 3064 757 3129 Deus‚ante
772 3067 877 3128 cuneta
892 3080 944 3118 sm-

994 2436 1012 2490 5
1066 2435 1096 2490 ln
1113 2436 1205 2491 tubere
1218 2437 1360 2493 bominum
1374 2455 1427 2494 aon
1440 2447 1528 2495 ,aaran

1066 2527 1098 2581 m
1112 2543 1174 2581 ram
1188 2527 1344 2583 lacaninibaa
1359 2545 1413 2583 nora
1427 2528 1651 2599 flagellabantur.

1032 2615 1215 2677 GHomincs.
1231 2615 1278 2671 hic
1302 2621 1419 2673 sanctos
1442 2616 1518 2673 viros
1543 2615 1753 2690 intelligamus,
1771 2615 1822 2689 qui

997 2709 1026 2761 et
1040 2703 1193 2761 laboresin
1207 2704 1373 2761 liccsmculo
1384 2706 1699 2774 sustinent,etdiversa
1710 2704 1826 2778 flagella

998 2795 1161 2867 patiuntur,
1180 2799 1211 2850 ut
1223 2795 1345 2850 correcti
1370 2796 1406 2850 nd
1431 2795 1589 2852 Dominum
1616 2795 1746 2861 redeant,
1772 2794 1827 2850 hoc

999 2882 1199 2957 peccatoribus
1214 2901 1271 2939 non
1289 2884 1430 2957 provenit,
1448 2885 1525 2957 quod
1542 2883 1720 2941 adsalutem
1739 2884 1826 2939 datur

999 2973 1120 3039 devotis,
1145 2973 1215 3044 quia
1244 2973 1273 3028 in
1298 2974 1408 3029 mundo
1431 2990 1575 3047 congruas
1600 2989 1658 3030 uon
1682 2970 1828 3043 recipiunt

984 3053 1136 3118 'ultiones

118 3155 181 3214 cula
195 3153 385 3212 benedictum
400 3152 577 3219 invocantes,
593 3169 712 3209 oramus
737 3157 769 3208 ut
789 3151 943 3209 humiliato
959 3142 980 3210 C
997 3152 1015 3205 6
1069 3151 1129 3208 lateo
1144 3154 1230 3207 macir
1243 3167 1286 3208 eoa
1300 3154 1429 3223 superbio
1443 3170 1453 3207 :

119 3243 443 3316 calumniatore,paccm
452 3242 559 3315 populo
568 3241 775 3314 justitiamque
789 3241 888 3315 largiri
899 3241 945 3296 di-

118 3333 286 3409 gnerisPer
299 3331 458 3389 Dominum
474 3335 607 3388 nostrum
617 3332 720 3388 iesum
729 3330 877 3387 Christum
889 3335 944 3386 etc.

386 3438 552 3495 PSALMUS
574 3438 678 3494 LXXll.

334 3526 531 3567 aaouueurcu
551 3526 629 3567 osan.
647 3526 729 3566 anxir.

152 3601 251 3660 CVox
266 3599 415 3674 Prophetae
431 3598 605 3656 admirantis
620 3616 673 3655 cur
688 3598 817 3655 inimicis
842 3599 894 3655 Det
918 3602 947 3656 ct

118 3690 245 3765 paganis
260 3685 441 3763 prosperitas
454 3690 537 3745 tenta
552 3686 676 3744 eveniat.

268 3779 436 3850 Defecerant
451 3777 545 3834 mades
557 3777 643 3833 David
657 3778 712 3849 fitia·
724 3778 804 3833 Iasae.

371 3866 428 3922 ΤΤ.
450 3867 575 3922 Paatmac
592 3867 697 3938 Asapb.

155 3956 370 4016 llDeiecerunt
383 3953 485 4011 laudes
499 3955 588 4012 David
615 3954 666 4011 filii
690 3954 783 4021 iesse,
800 3955 836 4011 ad
858 3956 947 4021 linem

119 4044 332 4121 septuagesimi
346 4043 434 4118 primi
448 4043 554 4117 psalmi
573 4042 707 4117 pertinet.
725 4044 755 4100 ld
777 4061 844 4101 vero
870 4045 948 4117 quod

119 4137 269 4210 sequitur,
291 4132 424 4207 psalmus
448 4133 557 4208 asaph,
573 4133 691 4190 initium
721 4134 760 4189 sit
787 4135 947 4206 sequentis.

119 4224 257 4299 GAsapb
271 4240 340 4281 vcro
354 4239 494 4294 cpncqopo
512 4223 730 4296 interpretatur,
747 4223 797 4296 qui
823 4241 857 4279 ex
881 4227 949 4296 typo

121 4331 279 4390 synagoge
294 4329 347 4386 per
360 4316 455 4369 totum
472 4311 602 4384 loquitur
615 4311 951 4386 psalmuchlecerunt

120 4421 194 4462 vero
216 4403 321 4460 landes
346 4401 448 4468 David,
464 4402 491 4457 id
512 4405 557 4458 cst
580 4402 712 4458 iecerunt
735 4401 950 4458 immolationes

122 4493 273 4569 pecudum
288 4495 318 4548 et
332 4489 565 4559 immolationem
577 4489 952 4564 nunccorporieeteangui-
967 4512 989 4577 D

122 4583 175 4640 nie
189 4581 308 4648 Christi,
325 4585 428 4637 sancta
442 4579 555 4653 peragit
569 4578 706 4636 Ecclesia.

123 4669 579 4742 immmm

198 4761 246 4817 llis
258 4761 308 4833 qui
320 4762 393 4816 reato
406 4762 471 4815 eant
483 4758 564 4816 corde
578 4777 588 4815 :

162 4851 295 4908 ilbodus
309 4847 389 4906 enim
409 4847 498 4917 Deus,
514 4846 561 4904 his
586 4846 637 4920 qui
661 4852 738 4904 recto
763 4852 833 4903 sunt
856 4847 952 4913 corde,

127 4941 157 4998 id
171 4943 229 5007 est,
242 4937 293 5011 qui
307 4954 396 5011 opera
410 4938 475 5008 ejus
491 4936 588 4993 studio
604 4936 720 5008 pietatis
736 4935 913 5009 intelligunt.
932 4936 952 4992 ll

126 5031 163 5088 lit
190 5045 260 5086 eum
287 5026 378 5083 visuri
406 5029 487 5092 sunt,
508 5025 585 5082 sicut
609 5025 651 5081 ait
675 5025 847 5082 Dominus:
874 5026 954 5082 Beati

128 5117 242 5177 mundo
282 5115 379 5183 corde,
414 5114 554 5187 quoniam
591 5113 648 5188 ipsi
687 5119 779 5171 Deum
816 5115 956 5171 videbunt

129 5207 237 5281 (laub.
252 5206 293 5276 v.)

128 5301 147 5355 2
199 5297 259 5355 Hei
273 5302 366 5351 actem
378 5309 447 5367 pene
460 5295 602 5351 metirent
614 5294 718 5367 pedes:

200 5387 276 5442 Perre
288 5385 370 5456 effari
383 5392 449 5440 cant
461 5399 569 5454 pressas
582 5385 648 5441 occi.

162 5480 184 5533 G
205 5480 264 5535 Pes
285 5474 433 5548 significat
455 5472 609 5531 arbitrium
635 5471 757 5541 meatim
781 5473 859 5528 hamc
888 5473 959 5530 dicit

127 5583 205 5643 pene
219 5566 314 5626 luisse
328 5567 521 5635 commotum,
538 5563 655 5638 quando
679 5580 697 5620 a
720 5579 787 5621 vero
809 5561 957 5622 intellectu

1071 3239 1163 3313 Operti
1177 3250 1240 3297 caat
1252 3243 1397 3314 iariqaitata
1411 3249 1437 3297 et
1453 3243 1589 3313 impietate
1599 3257 1661 3296 suu.

1034 3330 1176 3386 CTenuit
1192 3335 1300 3395 autem,
1317 3330 1400 3398 dixit,
1415 3330 1444 3386 id
1468 3336 1513 3386 est
1536 3330 1621 3402 quasi
1645 3327 1822 3402 quibusdam

999 3419 1192 3493 apprehendit
1207 3420 1344 3476 nranibus
1359 3437 1408 3477 eos
1422 3420 1569 3493 superbia,
1586 3423 1619 3475 ut
1633 3418 1753 3475 evadere
1773 3433 1823 3472 ne·

999 3508 1590 3582 queantDieitquoquesecundumaliam
1602 3505 1825 3565 translationem
1931 3532 1934 3537 ·

1001 3599 1138 3673 superbia
1153 3598 1337 3670 eorumquiin
1352 3616 1451 3656 revera
1466 3599 1573 3654 diaboli
1590 3596 1825 3666 est,hoclac·inus

1001 3694 1177 3763 perpetrare.
1192 3687 1290 3760 Operti
1306 3693 1376 3743 sunt
1389 3687 1554 3761 iniquitate,
1569 3704 1627 3743 non
1642 3684 1715 3742 dixit
1726 3683 1825 3741 amicti

1001 3778 1135 3849 sunt,eed
1150 3777 1289 3850 operti,ut
1305 3794 1353 3833 cos
1368 3776 1568 3850 intelligamus
1588 3780 1665 3833 totos
1689 3791 1753 3832 esse
1776 3773 1825 3830 dc·

1001 3884 1124 3924 mersos.
1142 3866 1262 3922 Addidit
1276 3866 1436 3938 impietate,
1452 3883 1516 3940 quae
1532 3865 1676 3922 malorum
1692 3863 1826 3921 omniurn

1002 3956 1294 4029 probaturextrema,
1320 3955 1461 4028 iniquitas
1476 3954 1554 4011 enim
1584 3953 1739 4010 mediocris
1763 3967 1828 4010 esse

1002 4050 1108 4119 potest.

1001 4137 1020 4189 7
1073 4135 1180 4191 Prodiit
1194 4137 1275 4206 quasi
1286 4150 1322 4190 cc
1335 4133 1415 4206 adipe
1427 4134 1559 4205 iniquitas
1573 4146 1667 4188 eorum
1681 4147 1687 4184 :

1075 4225 1252 4279 Trarmierrmt
1261 4225 1290 4278 in
1303 4223 1430 4296 aeffectum
1443 4220 1542 4277 caralit.

1039 4314 1115 4370 cdi
1131 4313 1216 4384 adipe
1231 4311 1360 4384 procedit
1372 4311 1522 4384 iniquitas,
1539 4308 1656 4381 quando
1675 4307 1770 4380 hi,qui
1786 4305 1828 4363 ai-

1005 4401 1125 4459 lluentio
1139 4401 1291 4474 praeeatis
1301 4400 1561 4473 saeculipraestnntc
1569 4402 1626 4454 Deo
1634 4396 1736 4471 repleti
1749 4401 1829 4465 sunt,

1006 4493 1034 4547 in
1050 4491 1148 4546 alirino
1162 4490 1341 4545 detractione
1355 4489 1598 4562 peccant.Pingue
1612 4486 1690 4544 enirn
1706 4490 1750 4543 est
1764 4501 1831 4560 pcc·

1007 4586 1115 4647 catum,
1132 4581 1210 4651 quod
1226 4579 1320 4653 magis
1337 4578 1456 4635 arbitrio
1470 4596 1559 4652 quam
1570 4577 1744 4635 necessitate
1755 4593 1832 4633 com·

1008 4669 1315 4726 mittitur.Pcecat0rcs
1330 4668 1512 4725 transierunt
1526 4667 1555 4722 in
1571 4667 1708 4724 affectum
1723 4665 1830 4733 cordis,
1912 4662 1915 4669 '

999 4752 1036 4815 'id
1052 4763 1107 4827 est,
1123 4761 1301 4824 erraverunt,
1318 4757 1435 4829 quando
1450 4754 1608 4813 insensatis
1623 4752 1709 4810 idolis
1724 4752 1832 4809 servie-

1008 4848 1115 4905 bant.H
1131 4847 1180 4904 Vel
1195 4847 1225 4902 in
1241 4847 1420 4914 ellectum,id
1437 4850 1481 4901 est
1496 4841 1774 4914 concupiscentiam,
1799 4844 1833 4895 ut

1009 4955 1094 4995 suam
1111 4954 1168 4994 non
1183 4936 1234 4993 Dei
1252 4936 1378 4992 lacerent
1391 4933 1582 4989 voluntatem.

1008 5030 1025 5082 8
1081 5028 1274 5095 cogitaverunt
1288 5029 1314 5080 el
1330 5024 1414 5079 locati
1430 5025 1496 5076 caat
1506 5022 1682 5094 nequitiam:

1080 5116 1255 5187 lniqaitotem
1269 5115 1298 5169 ire
1312 5113 1416 5168 excetra
1430 5111 1513 5167 locati
1523 5113 1597 5167 cant.

1046 5204 1066 5260 C
1081 5202 1193 5276 Duplex
1207 5201 1317 5258 malum
1332 5205 1377 5256 cst
1392 5199 1552 5273 nequitiam
1568 5198 1705 5273 cogitare,
1713 5212 1836 5270 eamque

1010 5299 1150 5365 tanquam
1168 5292 1278 5347 bonum
1291 5289 1409 5362 aliquod
1425 5288 1522 5361 palam
1537 5290 1676 5362 prolerre.
1694 5287 1836 5360 Iniquita-

1011 5388 1070 5439 tem
1086 5381 1116 5437 in
1127 5380 1239 5437 excelso
1255 5379 1344 5435 locuti
1360 5382 1440 5447 sariri,
1455 5378 1510 5435 hoc
1522 5384 1567 5435 est
1581 5380 1660 5452 qnod
1676 5394 1759 5434 mens
1770 5393 1837 5450 per·

1012 5474 1071 5529 lida
1087 5471 1313 5545 parturichal,ut
1329 5475 1429 5527 contra
1439 5474 1588 5527 auctorem
1603 5485 1691 5526 suum
1705 5465 1840 5539 blaspbe-

1015 5580 1065 5621 ma
1080 5562 1168 5620 verba
1182 5561 1359 5635 loqueretur.
