3884 6084
589 299 621 361 S.
646 298 826 361 ODlLONlS
849 295 1129 361 GLllNlACllNSlS
1151 297 1317 360 suaevis
1339 298 1376 360 V.
1778 297 1837 362 996

452 431 571 487 SERMO
592 430 626 487 ll.
966 428 1074 500 Abas,
1092 428 1207 484 advenit
1237 429 1339 501 ingens
1360 447 1465 486 moerer
1485 436 1572 503 atque
1601 429 1733 487 tristitia.
1750 431 1835 495 Quale

370 538 405 576 nv.
423 538 575 576 ariensem
596 537 709 575 nerum.
1010 517 1064 571 luit
1077 517 1229 590 gaudium,
1242 516 1426 574 dilectissimi
1441 519 1556 588 fratres,
1568 520 1604 576 de
1615 521 1745 576 adventu
1759 519 1836 576 Chri·

164 609 462 669 Olratcrnaeharitas
473 614 566 665 etDeo
577 607 954 682 gratasocietas,scirenos
1008 605 1045 660 sti
1055 606 1158 677 justis,
1174 609 1202 662 et
1216 607 1381 674 exsultatio,
1399 609 1423 665 si
1439 609 1528 665 vultis
1551 610 1589 665 ad
1613 609 1736 682 plenum
1753 608 1834 680 seire,

128 705 240 773 oportet
250 699 319 772 quia
333 697 483 771 presentis
495 695 551 752 diei
563 696 714 766 festivitas,
728 713 792 769 quae
803 698 838 753 da
849 699 953 754 ellectu
1008 694 1083 750 beati
1102 696 1184 750 Luce
1199 696 1382 770 evangelista
1403 697 1575 755 fidelissima
1590 702 1620 754 et
1635 699 1753 755 sincera
1765 716 1833 772 pra·

126 785 954 862 Magorumdevotionemjamdeclarabatgentilium,aliis
1008 785 1185 839 monstrabit
1199 786 1367 858 descriptio.
1385 787 1484 853 Qualis
1500 805 1515 843 e
1531 787 1647 844 diverso
1670 786 1777 843 accidit
1794 787 1833 845 in·

126 883 170 935 est
183 878 271 934 etiam
285 878 420 933 decorata
435 874 592 948 mysteriis,
605 891 638 931 ac
654 874 868 948 multiplicibus
883 876 952 932 sub·
1003 872 1094 942 justis
1109 877 1138 929 et
1153 873 1264 946 iniquis
1279 874 1323 929 ira
1344 879 1373 930 et
1395 876 1568 949 indignatio,
1586 876 1732 932 hodierna
1747 875 1832 934 saneti

127 967 193 1023 nixa
204 965 405 1039 privilegiis‚et
416 965 480 1021 ideo
491 981 543 1040 per
554 965 757 1021 totumorbem
769 965 872 1020 merito
884 983 954 1038 pra·
1007 961 1155 1035 Evangelii
1172 980 1255 1018 sacra
1270 963 1437 1020 manifestat
1451 964 1654 1032 lectioonem
1670 964 1831 1023 timidasuit

125 1056 240 1113 dicatur
254 1053 387 1111 celebris.
403 1051 493 1108 Hodie
510 1068 637 1126 namque
652 1052 848 1108 ministerium
864 1053 952 1125 virgi·
1007 1049 1042 1106 de
1058 1067 1123 1124 rege
1140 1056 1206 1107 nato
1221 1052 1342 1108 Herodis
1360 1052 1453 1125 iniqui
1469 1057 1498 1109 et
1512 1053 1617 1110 anhela
1634 1054 1780 1128 suspicio,
1794 1059 1829 1111 te·

124 1145 171 1202 nei
187 1147 300 1217 partus,
311 1147 340 1198 et
353 1142 496 1215 gaudium
510 1140 654 1196 Dominiei
670 1140 775 1197 natalis
788 1140 953 1198 declaratur
1007 1143 1102 1196 statur
1115 1142 1152 1197 ad
1164 1141 1264 1214 Magos
1280 1142 1373 1214 ipsius
1388 1143 1505 1199 uetanti
1516 1142 1644 1200 subdola
1656 1149 1685 1200 et
1700 1143 1831 1201 formido·

124 1238 232 1308 aperto,
245 1233 329 1306 signo
340 1232 404 1287 novi
416 1235 447 1287 et
456 1228 601 1303 perspicui
613 1229 728 1286 sideris.
740 1228 862 1287 Claritas
873 1230 951 1287 enim
1007 1227 1069 1284 losa
1083 1226 1202 1285 locutio.
1219 1230 1340 1286 Dicebat
1353 1231 1396 1287 eis
1408 1247 1414 1286 :
1427 1235 1468 1287 lte
1485 1239 1511 1287 et
1531 1233 1702 1303 interrogate
1715 1231 1828 1304 diliger·

124 1324 185 1390 Dei,
200 1339 275 1396 que,
292 1319 368 1377 sicut
387 1318 576 1392 Evengelium
596 1317 735 1390 loquitur,
753 1322 822 1376 nato
836 1319 952 1378 Christe
1006 1325 1047 1373 ter
1070 1317 1103 1373 dc
1125 1334 1220 1390 puero,
1235 1323 1289 1374 etc.
1306 1318 1452 1375 Promittit
1471 1337 1503 1376 se
1517 1320 1670 1377 Christum
1693 1321 1828 1379 subdolus

125 1415 256 1485 pastores
267 1408 474 1476 circumfulsit,
487 1409 522 1463 de
538 1407 657 1462 remotis
673 1411 756 1463 terre
772 1408 904 1478 partibus
914 1410 952 1466 ad
1006 1407 1138 1473 adorare,
1150 1423 1237 1480 quem
1253 1408 1364 1463 occulte
1384 1408 1559 1465 moliebatur
1573 1409 1827 1484 occiderequere·

125 1500 299 1573 proseptum
316 1497 386 1552 illnrt
400 1497 486 1551 bodie
498 1497 598 1569 Magos
609 1496 739 1564 adduxit,
752 1497 781 1551 in
793 1514 851 1568 quo
863 1498 950 1572 Virgo
1005 1495 1056 1550 bat
1072 1493 1183 1569 impius
1196 1496 1368 1565 interficere,
1385 1514 1437 1569 per
1452 1515 1538 1570 quem
1554 1499 1654 1555 omnis
1666 1500 1770 1571 justus
1784 1500 1825 1557 de·

125 1605 267 1663 puerpera
283 1588 374 1642 Deum
391 1586 533 1641 infantem
548 1585 656 1657 posuit.
670 1585 801 1641 Deusest
815 1587 864 1658 qui
880 1591 950 1643 tunc
1004 1584 1114 1640 siderat
1127 1585 1222 1642 vivere
1236 1589 1266 1641 et
1283 1587 1348 1644 sine
1361 1603 1419 1660 quo
1432 1605 1517 1644 nemo
1542 1592 1641 1660 potest
1662 1589 1823 1646 subsistere.

69 1700 73 1705 ·
124 1678 153 1734 in
169 1677 287 1734 homine
303 1676 488 1741 nascebatur,
502 1674 589 1729 homo
604 1679 650 1729 est
665 1673 715 1746 qui
729 1692 746 1729 a
762 1674 819 1730 Deo
836 1692 949 1732 assum·
1005 1672 1111 1729 Multos
1128 1673 1323 1730 interimendo
1334 1675 1533 1747 perdiditsed
1544 1693 1639 1732 unum
1655 1694 1746 1749 quem
1762 1696 1822 1751 que·

125 1761 699 1837 ptus,bodieaMagisadoraturMiraris
709 1761 829 1818 forsitan
840 1762 948 1819 dixisse
1004 1762 1085 1816 rebat
1101 1761 1227 1818 invenire
1250 1780 1307 1818 non
1332 1763 1436 1835 potuit,
1454 1780 1514 1820 noa
1536 1763 1719 1840 intelligens,
1734 1767 1819 1835 miser,

124 1871 171 1910 me
187 1855 275 1909 Deum
292 1851 321 1906 in
335 1850 453 1906 homine
465 1855 577 1916 natum,
586 1849 630 1906 vel
645 1850 793 1906 hominem
806 1851 890 1907 aDeo
901 1870 947 1908 aa·
1004 1855 1105 1905 contra
1115 1867 1145 1905 se
1158 1851 1269 1906 dictum
1283 1869 1289 1905 ε
1302 1857 1362 1908 Mon
1376 1860 1414 1908 cst
1427 1855 1576 1924 sepinatis,
1589 1870 1649 1910 nou
1661 1861 1704 1912 cst
1714 1854 1818 1927 prodea-

123 1947 286 2014 sumptum.
298 1939 371 1994 lindi
381 1938 552 2011 Apostolum
565 1939 719 2007 dicentem,
732 1939 789 1995 Vas
800 1940 950 1998 electionis
1004 1940 1162 2006 tiemonest
1172 1941 1318 1995 errantem
1328 1943 1586 1999 contraDominum.
1596 1943 1819 2019 attemerare·

122 2032 179 2087 Deo
198 2031 328 2103 plenum.
340 2031 411 2084 Deus
425 2036 484 2084 eret
496 2031 525 2082 in
542 2029 657 2095 Christo,
672 2029 806 2084 mrmdem
830 2033 950 2087 recorrrr'-
1003 2027 1160 2100 Gregorius
1171 2029 1242 2084 adeo
1252 2030 1439 2085 concionator
1449 2030 1620 2100 l'estivus,in
1632 2031 1819 2115 homiliapro·

123 2123 195 2176 tinas
209 2119 272 2175 sibi.
287 2117 432 2174 ltehocli.
445 2117 678 2189 augustinusita
694 2119 793 2188 sentit,
807 2123 835 2174 et
848 2120 875 2174 in
887 2120 949 2175 suis
1004 2115 1095 2172 sentis
1111 2116 1179 2184 diei,
1193 2117 1228 2171 ad
1245 2118 1476 2189 exprobrandam
1493 2119 1686 2175 calliditatem
1711 2120 1816 2177 Herodis

122 2208 227 2265 litteris
238 2207 381 2279 scriptum
395 2204 521 2277 reliquit.
532 2210 606 2261 Deris
618 2210 678 2261 evat
689 2207 718 2260 in
729 2205 853 2276 Christo,
866 2225 949 2264 ninn-
1004 2220 1185 2275 suorumque
1206 2203 1359 2275 similium,
1377 2206 1418 2261 ita
1437 2207 1543 2262 allatus
1567 2211 1623 2276 est,
1637 2209 1757 2266 dicens:
1771 2208 1825 2273 Ouiv

122 2301 192 2354 dum
210 2295 401 2352 reconcilians
417 2294 483 2349 sibi.
497 2294 574 2350 Deus
585 2294 717 2350 occultus
729 2312 763 2350 ex
780 2296 838 2352 Deo
848 2297 947 2368 Patre;
1002 2297 1092 2348 Deum
1111 2294 1174 2348 ficte
1185 2299 1329 2366 quarunt,
1342 2295 1470 2352 invenire
1481 2296 1604 2353 minime
1615 2302 1746 2370 possunt.
1755 2300 1811 2365 Quo

122 2389 209 2443 homo
221 2385 395 2441 manifestus
406 2401 439 2439 ex
451 2383 796 2456 lrominevirgine.011em
809 2402 948 2457 cognove-
1002 2381 1089 2438 modo
1104 2381 1151 2437 ille
1167 2381 1273 2438 illusus
1293 2383 1395 2456 angelo
1415 2390 1563 2452 monente,
1575 2403 1629 2459 per
1651 2385 1737 2442 aliam
1750 2387 1809 2443 viam

122 2482 190 2533 runt
212 2479 354 2549 pastores,
370 2471 472 2545 angelo
495 2472 626 2540 docente,
643 2473 837 2529 adoraverunt
860 2474 946 2548 Magi,
1002 2469 1130 2526 declarat
1145 2471 1296 2544 Magorum
1310 2472 1432 2529 reditus.
1447 2474 1576 2540 Qualiter
1585 2480 1652 2547 post
1661 2475 1808 2532 illusionem

120 2565 205 2622 stella
219 2579 292 2619 nova
307 2561 442 2617 ducente.
456 2560 537 2624 Quod
553 2565 685 2634 pastores
700 2561 820 2634 angelos
835 2563 946 2635 vident,
1000 2557 1103 2628 iratus,
1113 2560 1301 2631 parvulorum
1312 2577 1345 2616 ao
1358 2567 1486 2617 matrum
1503 2563 1674 2620 manifestat
1688 2564 1775 2621 luctus
1786 2570 1807 2620 ct

120 2653 267 2710 Bethleem
284 2651 402 2717 adeunt,
414 2650 568 2717 infantem,
581 2655 613 2705 nt
625 2650 667 2705 eis
679 2650 789 2706 dictum
801 2651 904 2718 luerat,
916 2653 945 2709 in
1000 2648 1138 2719 gemitus.
1151 2648 1243 2712 Quam
1256 2649 1368 2705 tumido
1383 2667 1414 2706 sc
1429 2651 1532 2707 extulit
1543 2658 1645 2708 contra
1660 2653 1804 2720 Dominum,

119 2742 261 2816 proesepio
277 2741 405 2813 positum
421 2743 450 2819 et
469 2739 576 2812 pannis
601 2737 763 2794 involutum
780 2739 945 2812 inveniunt;
1000 2735 1129 2793 declarat
1153 2753 1233 2794 mors
1256 2739 1384 2811 pretiosa
1407 2745 1587 2797 sanctorum.
1598 2743 1739 2808 Quantum
1760 2741 1803 2796 sihi

119 2826 343 2887 admonetutilli
354 2828 403 2900 qui
414 2827 826 2900 pastoressuntspiritualium
836 2829 944 2901 ovium,
1000 2825 1107 2894 mains,
1125 2831 1268 2898 quantum
1285 2829 1348 2884 suis
1363 2829 1520 2901 pessimus,
1531 2830 1577 2886 sui
1593 2847 1769 2904 suorumque,
1778 2832 1803 2884 ut

119 2937 170 2992 per
180 2917 304 2974 eoelestis
319 2917 383 2973 vita
399 2916 684 2989 contemplationem,
696 2933 811 2990 semper
826 2918 884 2987 Deo
895 2912 961 2974 ad-'
1000 2919 1116 2986 patrum
1141 2916 1219 2971 dicta
1244 2917 1377 2986 referam,
1399 2917 1622 2975 infelicissimus
1643 2920 1800 2977 demonstrat

118 3008 256 3076 haereant,
269 3011 297 3063 et
312 3007 347 3061 dc
362 3006 440 3062 Pane
456 3004 504 3061 illo
520 3005 570 3077 qui
586 3005 616 3061 in
636 3004 784 3081 Bethleem
801 3010 887 3063 natus
902 3012 946 3065 est
998 3006 1102 3061 exitus.
1113 3005 1243 3062 Testium
1255 3006 1361 3064 Christi
1371 3006 1512 3078 letitiam,
1522 3014 1552 3066 et
1562 3010 1677 3082 piorum
1687 3011 1799 3067 innocen·

117 3099 215 3167 edant,
231 3100 259 3152 et
274 3094 400 3152 subditis
424 3094 522 3167 ipsum
544 3111 650 3166 panem
674 3094 738 3150 vitm
765 3095 943 3153 ministrent.
999 3099 1062 3149 tum
1077 3093 1300 3151 exsultationem
1316 3100 1345 3151 et
1359 3097 1510 3169 gaudium,
1527 3098 1650 3154 Herodis
1664 3101 1743 3155 etiam
1755 3096 1798 3152 ini·

116 3185 196 3250 Quod
213 3187 288 3259 Magi
312 3200 420 3241 novum
445 3185 527 3240 sidus
551 3189 703 3240 cernentes
718 3184 754 3239 ab
770 3185 881 3241 oriente
897 3203 941 3242 ve·
959 3168 979 3235 C
999 3199 1183 3255 quorumque
1194 3183 1326 3240 omnium
1344 3190 1480 3256 poenaset
1491 3185 1644 3242 interitum
1655 3186 1737 3244 leaias
1748 3199 1797 3258 pm

117 3274 212 3345 niunt,
224 3275 331 3346 Regem
343 3277 445 3327 natum
461 3273 763 3345 quarant‚querendo
774 3289 841 3329 eum
852 3275 943 3331 Maria
999 3271 1086 3343 pheta
1098 3271 1269 3344 previdens,
1286 3273 1364 3328 brevi
1380 3274 1525 3330 sententia
1540 3276 1758 3348 comprehendit,
1765 3272 1798 3327 di·

118 3367 213 3419 matre
227 3363 291 3433 ejus
306 3360 459 3418 inveniunt
473 3366 501 3416 et
516 3362 624 3432 apertis
639 3360 787 3417 thesauris
803 3363 866 3419 suis
882 3381 944 3420 mu·
997 3375 1076 3415 cens.
1093 3360 1197 3416 addent
1218 3363 1298 3416 orites
1313 3363 1341 3417 irr
1361 3364 1477 3418 Domino
1500 3363 1639 3433 letitiam,
1653 3369 1680 3420 et
1691 3375 1796 3436 propre

119 3468 189 3506 nera
202 3451 336 3516 offerunt,
348 3450 486 3505 admonet
501 3456 534 3504 ut
551 3448 650 3505 fideles
660 3466 763 3512 omnes
774 3468 826 3523 per
837 3455 942 3507 sanotae
997 3449 1119 3504 hominos
1133 3450 1164 3504 in
1178 3457 1269 3506 sancto
1285 3452 1373 3507 lsrael
1384 3452 1571 3521 exsultabant,
1583 3456 1712 3526 quoniam
1723 3449 1797 3523 delerit

116 3539 344 3595 conversationis
360 3537 567 3593 exhibitionem
581 3541 609 3592 et
623 3538 724 3611 active
732 3539 795 3594 viter
810 3545 942 3596 sanctem
997 3540 1045 3609 qai
1054 3539 1230 3610 prevalebat.
1248 3540 1381 3611 Confusus
1404 3549 1444 3597 cet
1467 3543 1574 3610 illusor,
1591 3551 1617 3599 et
1639 3544 1732 3599 arciri
1748 3546 1795 3596 ruat

114 3625 312 3699 operationem
329 3643 445 3698 semper
461 3626 518 3680 Deo
534 3624 645 3697 placere
662 3627 809 3683 studeant.
996 3643 1088 3682 orroeos
1099 3629 1152 3699 put
1165 3629 1320 3698 sagitabunt
1333 3646 1416 3701 super
1429 3632 1618 3703 iniquitatem.

150 3715 328 3784 Succedunt,
336 3713 520 3770 dilectissimi
534 3715 647 3779 fratres,
660 3716 864 3787 spiritualibus
874 3735 943 3792 gnu-
1032 3717 1123 3780 Quam
1133 3714 1346 3789 l'elixvatesqui
1357 3718 1794 3793 propheticaauctoritateimpios

115 3804 172 3860 diis
192 3803 356 3877 spiritualia
370 3803 489 3877 gaudia,
504 3803 595 3859 sacris
607 3804 776 3877 junguntur
790 3804 941 3863 solemniis
996 3804 1126 3871 damnat,
1142 3808 1171 3860 et
1185 3805 1283 3862 divina
1298 3806 1491 3879 promissione
1513 3808 1577 3881 pios
1593 3811 1793 3875 remunerabat

115 3909 197 3948 encra
212 3891 364 3948 solemnia.
384 3891 451 3948 lnde
466 3890 657 3947 cumulantur
671 3892 817 3960 fidelihus,
828 3894 852 3948 si
868 3894 941 3951 bene
997 3897 1029 3947 ut
1043 3891 1084 3946 ita
1094 3892 1201 3962 dicam,
1213 3898 1368 3967 utramque
1383 3901 1495 3968 partem
1511 3897 1666 3955 hominum
1678 3899 1794 3956 honorum

113 3981 311 4049 considerant,
331 3982 453 4037 virtutes
476 3985 505 4038 et
529 3983 658 4054 praemia.
676 3982 871 4040 [lectissimus
895 3983 942 4039 ille
995 3987 1024 4036 ct
1038 3981 1183 4038 malorum
1199 3984 1344 4057 condigno
1357 3984 1523 4049 charactere
1538 3988 1665 4045 notato
1681 3987 1797 4062 propheta

112 4069 337 4144 Gregorius,qui
349 4071 426 4144 apud
439 4071 553 4127 Craecos
564 4076 685 4127 vocatur
695 4071 872 4146 theologus,
884 4090 942 4130 ser·
996 4069 1151 4139 mirabilis,
1160 4073 1210 4144 qui
1224 4077 1257 4127 ut
1271 4073 1301 4128 B.
1316 4074 1507 4148 {lieronymus
1519 4076 1601 4144 dice,
1613 4094 1672 4135 non
1687 4082 1799 4150 tempto

113 4176 230 4216 monem
257 4159 366 4216 taciens
381 4159 417 4215 de
441 4159 495 4215 hac
511 4158 707 4226 solemnitate,
723 4159 763 4215 ita
783 4160 940 4232 inchoavit,
996 4160 1083 4232 pheta
1097 4161 1238 4217 dicendus
1266 4167 1311 4218 est
1335 4180 1423 4236 quam
1452 4165 1641 4236 evangelista,
1658 4168 1708 4240 qui
1729 4165 1801 4223 etiam

112 4249 212 4306 dicens
224 4266 231 4304 z
243 4248 329 4305 Jesus
342 4265 436 4319 meus,
445 4253 473 4303 ct
482 4249 587 4305 iterum
603 4248 785 4322 mysterium.
798 4250 860 4306 Non
873 4255 941 4309 ante
995 4250 1095 4306 omnia
1109 4255 1215 4306 nostra
1224 4251 1328 4309 salutis
1342 4253 1481 4326 mysteria
1493 4256 1529 4311 ad
1546 4254 1692 4328 liquidum
1708 4252 1802 4330 pandit,

17 4356 28 4365 ‘
113 4337 240 4395 multum
262 4338 404 4411 temporis
428 4337 557 4410 spatium
582 4336 789 4394 celebravimas
805 4338 893 4407 diem,
909 4341 940 4396 in
995 4337 1052 4394 alia
1063 4338 1159 4394 adhuc
1170 4339 1268 4395 lutura
1277 4340 1463 4398 vaticinando
1473 4348 1656 4416 pronuntiat,
1668 4344 1724 4401 alia
1733 4342 1803 4418 quasi

63 4457 64 4460 =
112 4425 225 4497 quodie
235 4425 323 4480 bonro
333 4425 425 4480 lactus
436 4423 706 4497 exivitdevtrginati
717 4427 799 4480 utero
809 4434 940 4498 tanquam
991 4429 1054 4499 jam
1070 4432 1186 4499 peracto
1202 4429 1426 4502 evangelizando
1441 4433 1589 4505 predicat.
1603 4434 1750 4509 Virginem
1763 4448 1804 4508 pt·

110 4530 222 4586 sponsus
238 4514 383 4585 procedens
398 4513 430 4569 de
445 4514 565 4570 tlrelomo
579 4529 639 4568 suo.
657 4512 747 4568 Hodie
766 4512 849 4569 illum
866 4514 939 4571 cole·
955 4535 978 4600 D
994 4517 1117 4572 rituram
1133 4517 1286 4589 promittit,
1295 4519 1407 4592 virgam
1419 4521 1454 4576 de
1470 4522 1566 4577 radice
1576 4522 1660 4580 Jesse
1669 4539 1805 4597 processu·

111 4603 326 4659 bramusdiem
348 4602 376 4657 in
397 4603 600 4676 quoseipsum
630 4601 783 4658 manifeste
813 4603 940 4660 innotuit
994 4622 1057 4660 rum
1073 4605 1240 4679 introducit,
1256 4609 1409 4680 parvulum
1432 4611 1516 4667 nobis
1532 4618 1635 4668 nutum
1660 4612 1770 4679 asserit,
1782 4614 1806 4667 et

111 4693 232 4748 munde.
247 4691 275 4746 ln
290 4690 340 4745 illo
356 4690 403 4747 dio
415 4692 551 4747 cantibus
562 4689 731 4762 angelorum
744 4695 789 4747 est
799 4691 939 4749 acclama·
992 4693 1086 4749 filium
1102 4695 1187 4752 nohis
1203 4697 1304 4752 datum
1320 4699 1459 4767 ostendit,
1477 4704 1505 4756 et
1520 4703 1600 4773 quod
1614 4701 1679 4774 ipse
1694 4701 1731 4759 sit
1743 4706 1806 4758 [teus

109 4785 173 4849 tus3
190 4779 219 4835 in
236 4781 292 4836 isto
304 4780 350 4836 die
361 4781 512 4852 Magorum
530 4779 702 4835 muneribus
712 4784 756 4835 est
766 4779 936 4839 honoratus.
992 4783 1062 4839 talia
1076 4782 1102 4839 ei
1117 4784 1236 4840 nomina
1261 4786 1415 4843 inserendo
1438 4789 1599 4861 perdocuit.
1614 4793 1654 4847 Et
1667 4792 1807 4857 coemitur,

110 4871 192 4926 sicut
206 4871 235 4925 in
247 4869 296 4926 illo
307 4870 354 4926 die
364 4869 400 4925 ab
412 4868 524 4943 angelis
536 4868 704 4923 hominibus
714 4867 797 4923 hona
809 4869 938 4926 volunta·
992 4872 1097 4944 inquit,
1117 4889 1216 4929 norrren
1239 4874 1298 4946 ejas
1319 4875 1508 4944 Arterirotttis,
1525 4879 1718 4950 consiliarios,
1735 4885 1806 4946 cea,

110 4958 158 5025 tie,
175 4963 248 5015 teste
264 4957 429 5032 Evangelio,
442 4962 489 5014 est
509 4974 565 5030 pax
584 4956 767 5026 annuntiata,
784 4957 826 5013 ita
839 4958 936 5030 hodie,
992 4962 1091 5028 Forte,
1106 4963 1191 5018 Pater·
1203 4965 1295 5034 fateri
1307 4967 1413 5032 sescnti,
1430 4967 1559 5040 Princeps
1572 4970 1660 5040 pecie.
1677 4969 1757 5035 Quod
1766 4983 1808 5024 su·

110 5044 248 5101 Davidico
263 5051 411 5104 asserente
425 5045 554 5112 oraculo,
571 5046 616 5100 lev
630 5046 691 5101 orla
705 5053 744 5101 est
753 5046 838 5118 jraa’s
852 5055 878 5103 ct
891 5064 936 5103 re·
992 5066 1043 5122 per
1057 5050 1163 5107 solium
1179 5052 1268 5107 David
1284 5053 1393 5120 sedeat,
1404 5060 1432 5109 et
1447 5071 1571 5128 regnum
1587 5057 1684 5131 ipsius
1698 5057 1728 5115 in
1738 5055 1809 5130 judi·

109 5134 162 5187 ctr'r
175 5133 254 5188 corde
269 5134 380 5191 taretia.
393 5136 424 5192 Si
438 5152 506 5193 vero
527 5135 614 5194 rectis
630 5135 715 5191 corde
730 5141 758 5190 et
766 5135 868 5207 justis,
885 5154 935 5210 pa·
991 5137 1035 5194 cio
1055 5141 1083 5193 et
1102 5138 1328 5211 justitia,modo
1352 5147 1380 5199 et
1404 5142 1432 5198 in
1457 5149 1601 5202 aternum
1621 5147 1809 5205 eonltrmetel

111 5219 241 5275 storibus
256 5221 390 5279 videlicet
408 5228 437 5280 et
455 5225 557 5299 Magis,
573 5223 716 5281 Zacharia
731 5229 760 5280 et
775 5223 934 5296 Elisabeth,
989 5228 1165 5296 corroboret,
1177 5233 1278 5301 aperta
1289 5246 1357 5286 voce
1372 5231 1511 5290 declarat.
1522 5233 1709 5294 Hierusalem
1718 5235 1809 5294 hora·

111 5307 240 5366 Simeoui
255 5314 284 5365 et
297 5310 396 5379 Anne,
408 5317 438 5368 et
447 5313 548 5370 multia
559 5313 624 5370 aliis
637 5312 740 5370 mundi
750 5312 875 5369 salutem
888 5316 935 5371 de
988 5320 1037 5372 tur
1051 5323 1083 5373 ut
1097 5323 1207 5390 surgat,
1219 5317 1319 5375 lumen
1335 5337 1422 5377 suum
1436 5323 1498 5394 jam
1508 5322 1566 5380 sibi
1576 5326 1694 5384 venisse
1708 5326 1811 5384 denun-

109 5400 173 5454 vote
194 5397 439 5470 prestolantibus,
459 5402 629 5459 adveniente
648 5403 762 5459 Christo
777 5408 877 5459 exorta
890 5409 936 5461 est
988 5404 1056 5474 tiet;
1069 5406 1154 5476 jubet
1169 5411 1201 5463 ut
1215 5406 1316 5464 oculos
1330 5407 1405 5465 levet
1428 5415 1456 5467 et
1478 5410 1585 5483 videat,
1597 5429 1702 5472 omnes
1715 5413 1811 5472 iulide

108 5487 159 5545 lun
173 5491 202 5543 et
216 5485 332 5556 latitia;
357 5486 477 5559 injustis
501 5495 530 5546 et
553 5491 673 5564 iniquis,
689 5490 794 5548 Herodi
811 5492 934 5560 scilicet,
989 5499 1179 5569 congregatos
1193 5496 1651 5576 sibijamvenisaecougaudeat3
1666 5519 1813 5581 processu-

108 5577 219 5640 Soribis
231 5580 260 5638 et
276 5575 429 5638 ehariseie
440 5577 533 5656 ipsius
543 5579 714 5638 crudelitate
729 5581 934 5642 consentienti·
988 5601 1036 5641 ras
1051 5589 1152 5661 gentes
1168 5585 1197 5643 in
1213 5584 1324 5646 lumine
1339 5605 1404 5665 suo,
1417 5593 1446 5649 et
1460 5607 1545 5669 reges
1558 5591 1590 5653 in
1605 5592 1814 5672 splendescas
