<?xml version="1.0" encoding="UTF-8"?>
<!DOCTYPE html PUBLIC "-//W3C//DTD XHTML 1.0 Transitional//EN"
    "http://www.w3.org/TR/xhtml1/DTD/xhtml1-transitional.dtd">
<html xmlns="http://www.w3.org/1999/xhtml" xml:lang="en" lang="en">
 <head>
  <title>
</title>
<meta http-equiv="Content-Type" content="text/html;charset=utf-8" />
  <meta name='ocr-system' content='tesseract 3.04.00' />
  <meta name='ocr-capabilities' content='ocr_page ocr_carea ocr_par ocr_line ocrx_word'/>
</head>
<body>
  <div class='ocr_page' id='page_1' title='image "./patrologiaecurs64unkngoog_0618.png"; bbox 0 0 3884 6084; ppageno 0'>
   <div class='ocr_carea' id='block_1_1' title="bbox 206 344 1914 417">
    <p class='ocr_par' dir='ltr' id='par_1_1' title="bbox 206 344 1914 417">
     <span class='ocr_line' id='line_1_1' title="bbox 206 344 1914 417; baseline -0.005 -1"><span class='ocrx_word' id='word_1_1' title='bbox 206 353 283 417; x_wconf 74' lang='lat' dir='ltr'><strong>last</strong></span> <span class='ocrx_word' id='word_1_2' title='bbox 820 344 1297 417; x_wconf 60' lang='lat' dir='ltr'><strong>wlstanum-Paestavveul.</strong></span> <span class='ocrx_word' id='word_1_3' title='bbox 1841 346 1914 415; x_wconf 63' lang='grc'><strong>4901</strong></span> 
     </span>
    </p>
   </div>
   <div class='ocr_carea' id='block_1_2' title="bbox 207 478 1916 1798">
    <p class='ocr_par' dir='ltr' id='par_1_2' title="bbox 207 478 1916 1798">
     <span class='ocr_line' id='line_1_2' title="bbox 207 478 1916 557; baseline -0.001 -14"><span class='ocrx_word' id='word_1_4' title='bbox 207 486 330 557; x_wconf 86' lang='lat' dir='ltr'><strong>antiqua</strong></span> <span class='ocrx_word' id='word_1_5' title='bbox 343 482 484 541; x_wconf 76' lang='lat' dir='ltr'><strong>beneficia</strong></span> <span class='ocrx_word' id='word_1_6' title='bbox 494 486 649 556; x_wconf 89' lang='lat' dir='ltr'><strong>parentum</strong></span> <span class='ocrx_word' id='word_1_7' title='bbox 665 482 776 539; x_wconf 88' lang='lat' dir='ltr'><strong>nemini</strong></span> <span class='ocrx_word' id='word_1_8' title='bbox 789 486 972 554; x_wconf 73' lang='lat' dir='ltr'>posterorum</span> <span class='ocrx_word' id='word_1_9' title='bbox 985 497 1033 537; x_wconf 89' lang='lat' dir='ltr'><strong>au·</strong></span> <span class='ocrx_word' id='word_1_10' title='bbox 1047 478 1075 551; x_wconf 77' lang='grc' dir='ltr'><strong>Α</strong></span> <span class='ocrx_word' id='word_1_11' title='bbox 1090 478 1203 535; x_wconf 88' lang='lat' dir='ltr'><strong>nullum</strong></span> <span class='ocrx_word' id='word_1_12' title='bbox 1221 495 1316 552; x_wconf 86' lang='lat' dir='ltr'><strong>regem</strong></span> <span class='ocrx_word' id='word_1_13' title='bbox 1333 479 1519 550; x_wconf 77' lang='lat' dir='ltr'><strong>haberemus,</strong></span> <span class='ocrx_word' id='word_1_14' title='bbox 1531 480 1610 555; x_wconf 85' lang='lat' dir='ltr'><strong>regis</strong></span> <span class='ocrx_word' id='word_1_15' title='bbox 1625 480 1723 536; x_wconf 81' lang='lat' dir='ltr'><strong>nostri</strong></span> <span class='ocrx_word' id='word_1_16' title='bbox 1735 480 1861 539; x_wconf 86' lang='lat' dir='ltr'><strong>domum</strong></span> <span class='ocrx_word' id='word_1_17' title='bbox 1874 483 1916 541; x_wconf 75' lang='lat' dir='ltr'><strong>do</strong></span> 
     </span>
     <span class='ocr_line' id='line_1_3' title="bbox 207 569 1915 644; baseline -0.002 -13"><span class='ocrx_word' id='word_1_18' title='bbox 207 574 276 631; x_wconf 80' lang='lat' dir='ltr'><strong>ferri</strong></span> <span class='ocrx_word' id='word_1_19' title='bbox 291 572 444 629; x_wconf 73' lang='lat' dir='ltr'><strong>sustinuit.</strong></span> <span class='ocrx_word' id='word_1_20' title='bbox 456 574 599 629; x_wconf 71' lang='lat' dir='ltr'><strong>Praeterea</strong></span> <span class='ocrx_word' id='word_1_21' title='bbox 622 573 651 628; x_wconf 91' lang='lat' dir='ltr'><strong>in</strong></span> <span class='ocrx_word' id='word_1_22' title='bbox 676 570 806 628; x_wconf 89' lang='lat' dir='ltr'><strong>donariis</strong></span> <span class='ocrx_word' id='word_1_23' title='bbox 820 569 1033 644; x_wconf 73' lang='lat' dir='ltr'><strong>frequentibus,</strong></span> <span class='ocrx_word' id='word_1_24' title='bbox 1088 569 1231 625; x_wconf 75' lang='lat' dir='ltr'><strong>struxisse</strong></span> <span class='ocrx_word' id='word_1_25' title='bbox 1247 587 1304 624; x_wconf 91' lang='lat' dir='ltr'><strong>nun</strong></span> <span class='ocrx_word' id='word_1_26' title='bbox 1324 570 1392 641; x_wconf 88' lang='lat' dir='ltr'><strong>jure</strong></span> <span class='ocrx_word' id='word_1_27' title='bbox 1418 570 1670 627; x_wconf 78' lang='lat' dir='ltr'><strong>accusabimur.l}</strong></span> <span class='ocrx_word' id='word_1_28' title='bbox 1686 571 1837 627; x_wconf 84' lang='lat' dir='ltr'><strong>contrariu</strong></span> <span class='ocrx_word' id='word_1_29' title='bbox 1852 589 1915 628; x_wconf 78' lang='lat' dir='ltr'><strong>rex:</strong></span> 
     </span>
     <span class='ocr_line' id='line_1_4' title="bbox 208 657 1915 736; baseline 0.001 -18"><span class='ocrx_word' id='word_1_30' title='bbox 208 663 316 736; x_wconf 86' lang='lat' dir='ltr'><strong>quibus</strong></span> <span class='ocrx_word' id='word_1_31' title='bbox 330 677 382 717; x_wconf 90' lang='lat' dir='ltr'><strong>eus</strong></span> <span class='ocrx_word' id='word_1_32' title='bbox 396 660 482 717; x_wconf 81' lang='lat' dir='ltr'><strong>fortia</strong></span> <span class='ocrx_word' id='word_1_33' title='bbox 495 662 601 718; x_wconf 88' lang='lat' dir='ltr'><strong>audere</strong></span> <span class='ocrx_word' id='word_1_34' title='bbox 616 661 711 733; x_wconf 81' lang='lat' dir='ltr'><strong>coegit</strong></span> <span class='ocrx_word' id='word_1_35' title='bbox 726 660 772 717; x_wconf 91' lang='lat' dir='ltr'><strong>sui</strong></span> <span class='ocrx_word' id='word_1_36' title='bbox 788 659 914 715; x_wconf 88' lang='lat' dir='ltr'><strong>similem</strong></span> <span class='ocrx_word' id='word_1_37' title='bbox 930 659 960 713; x_wconf 89' lang='lat' dir='ltr'><strong>in</strong></span> <span class='ocrx_word' id='word_1_38' title='bbox 973 661 1034 714; x_wconf 90' lang='lat' dir='ltr'><strong>toto</strong></span> <span class='ocrx_word' id='word_1_39' title='bbox 1088 657 1162 724; x_wconf 91' lang='lat' dir='ltr'><strong>Scio,</strong></span> <span class='ocrx_word' id='word_1_40' title='bbox 1179 658 1286 730; x_wconf 90' lang='lat' dir='ltr'><strong>inquit,</strong></span> <span class='ocrx_word' id='word_1_41' title='bbox 1304 660 1382 731; x_wconf 93' lang='lat' dir='ltr'><strong>quud</strong></span> <span class='ocrx_word' id='word_1_42' title='bbox 1396 660 1518 717; x_wconf 90' lang='lat' dir='ltr'><strong>domum</strong></span> <span class='ocrx_word' id='word_1_43' title='bbox 1533 659 1611 732; x_wconf 85' lang='lat' dir='ltr'><strong>regis</strong></span> <span class='ocrx_word' id='word_1_44' title='bbox 1626 658 1721 715; x_wconf 85' lang='lat' dir='ltr'><strong>vestri</strong></span> <span class='ocrx_word' id='word_1_45' title='bbox 1736 676 1800 715; x_wconf 91' lang='lat' dir='ltr'><strong>nun</strong></span> <span class='ocrx_word' id='word_1_46' title='bbox 1812 660 1915 719; x_wconf 70' lang='lat' dir='ltr'><strong>dane</strong></span> 
     </span>
     <span class='ocr_line' id='line_1_5' title="bbox 208 745 1913 821; baseline 0.002 -15"><span class='ocrx_word' id='word_1_47' title='bbox 208 751 319 806; x_wconf 89' lang='lat' dir='ltr'><strong>mundo</strong></span> <span class='ocrx_word' id='word_1_48' title='bbox 334 765 392 805; x_wconf 89' lang='lat' dir='ltr'><strong>nun</strong></span> <span class='ocrx_word' id='word_1_49' title='bbox 409 766 494 821; x_wconf 89' lang='lat' dir='ltr'><strong>posse</strong></span> <span class='ocrx_word' id='word_1_50' title='bbox 509 747 630 821; x_wconf 87' lang='lat' dir='ltr'><strong>reperiri</strong></span> <span class='ocrx_word' id='word_1_51' title='bbox 645 747 870 803; x_wconf 78' lang='lat' dir='ltr'><strong>estimaverunt.</strong></span> <span class='ocrx_word' id='word_1_52' title='bbox 885 745 1034 818; x_wconf 86' lang='lat' dir='ltr'><strong>Suspicio·</strong></span> <span class='ocrx_word' id='word_1_53' title='bbox 1087 745 1182 815; x_wconf 80' lang='lat' dir='ltr'><strong>xistis,</strong></span> <span class='ocrx_word' id='word_1_54' title='bbox 1206 764 1273 802; x_wconf 92' lang='lat' dir='ltr'><strong>cum</strong></span> <span class='ocrx_word' id='word_1_55' title='bbox 1303 765 1336 804; x_wconf 92' lang='lat' dir='ltr'><strong>eo</strong></span> <span class='ocrx_word' id='word_1_56' title='bbox 1365 753 1494 821; x_wconf 84' lang='lat' dir='ltr'><strong>tempere</strong></span> <span class='ocrx_word' id='word_1_57' title='bbox 1523 746 1640 804; x_wconf 88' lang='lat' dir='ltr'><strong>nullum</strong></span> <span class='ocrx_word' id='word_1_58' title='bbox 1676 747 1847 817; x_wconf 58' lang='lat' dir='ltr'><strong>habentia</strong></span> <span class='ocrx_word' id='word_1_59' title='bbox 1872 752 1913 809; x_wconf 78' lang='lat' dir='ltr'><strong>cai</strong></span> 
     </span>
     <span class='ocr_line' id='line_1_6' title="bbox 208 833 1913 910; baseline 0.002 -14"><span class='ocrx_word' id='word_1_60' title='bbox 208 855 275 896; x_wconf 90' lang='lat' dir='ltr'><strong>sum</strong></span> <span class='ocrx_word' id='word_1_61' title='bbox 291 840 336 894; x_wconf 89' lang='lat' dir='ltr'><strong>ast</strong></span> <span class='ocrx_word' id='word_1_62' title='bbox 350 837 454 906; x_wconf 89' lang='lat' dir='ltr'><strong>relatu,</strong></span> <span class='ocrx_word' id='word_1_63' title='bbox 471 854 559 910; x_wconf 84' lang='lat' dir='ltr'><strong>quam</strong></span> <span class='ocrx_word' id='word_1_64' title='bbox 576 836 732 893; x_wconf 84' lang='lat' dir='ltr'><strong>urnnilicus</strong></span> <span class='ocrx_word' id='word_1_65' title='bbox 748 837 911 908; x_wconf 87' lang='lat' dir='ltr'><strong>sait,quam</strong></span> <span class='ocrx_word' id='word_1_66' title='bbox 923 837 1033 906; x_wconf 86' lang='lat' dir='ltr'><strong>jucun·</strong></span> <span class='ocrx_word' id='word_1_67' title='bbox 1088 833 1209 890; x_wconf 92' lang='lat' dir='ltr'><strong>domum</strong></span> <span class='ocrx_word' id='word_1_68' title='bbox 1225 835 1354 909; x_wconf 78' lang='lat' dir='ltr'><strong>regalem</strong></span> <span class='ocrx_word' id='word_1_69' title='bbox 1381 838 1503 894; x_wconf 87' lang='lat' dir='ltr'><strong>scidisse</strong></span> <span class='ocrx_word' id='word_1_70' title='bbox 1527 854 1587 893; x_wconf 89' lang='lat' dir='ltr'><strong>non</strong></span> <span class='ocrx_word' id='word_1_71' title='bbox 1609 835 1718 894; x_wconf 87' lang='lat' dir='ltr'><strong>valetis</strong></span> <span class='ocrx_word' id='word_1_72' title='bbox 1744 837 1913 899; x_wconf 60' lang='lat' dir='ltr'><strong>iuncum</strong></span> 
     </span>
     <span class='ocr_line' id='line_1_7' title="bbox 207 923 1912 999; baseline 0.001 -16"><span class='ocrx_word' id='word_1_73' title='bbox 207 929 373 999; x_wconf 87' lang='lat' dir='ltr'><strong>dus,quam</strong></span> <span class='ocrx_word' id='word_1_74' title='bbox 385 927 547 983; x_wconf 88' lang='lat' dir='ltr'><strong>constantis</strong></span> <span class='ocrx_word' id='word_1_75' title='bbox 563 926 664 992; x_wconf 90' lang='lat' dir='ltr'><strong>animi,</strong></span> <span class='ocrx_word' id='word_1_76' title='bbox 678 930 822 997; x_wconf 89' lang='lat' dir='ltr'><strong>quantum</strong></span> <span class='ocrx_word' id='word_1_77' title='bbox 833 923 1032 997; x_wconf 87' lang='lat' dir='ltr'><strong>imperterriti,</strong></span> <span class='ocrx_word' id='word_1_78' title='bbox 1087 940 1137 978; x_wconf 84' lang='lat' dir='ltr'><strong>rex</strong></span> <span class='ocrx_word' id='word_1_79' title='bbox 1151 924 1247 995; x_wconf 82' lang='lat' dir='ltr'><strong>periit,</strong></span> <span class='ocrx_word' id='word_1_80' title='bbox 1264 941 1387 997; x_wconf 88' lang='lat' dir='ltr'><strong>ragnum</strong></span> <span class='ocrx_word' id='word_1_81' title='bbox 1411 925 1563 997; x_wconf 83' lang='lat' dir='ltr'><strong>remansit,</strong></span> <span class='ocrx_word' id='word_1_82' title='bbox 1580 925 1660 981; x_wconf 88' lang='lat' dir='ltr'><strong>sicut</strong></span> <span class='ocrx_word' id='word_1_83' title='bbox 1685 926 1773 981; x_wconf 84' lang='lat' dir='ltr'><strong>navis</strong></span> <span class='ocrx_word' id='word_1_84' title='bbox 1797 935 1912 985; x_wconf 64' lang='lat' dir='ltr'><strong>remam</strong></span> 
     </span>
     <span class='ocr_line' id='line_1_8' title="bbox 207 1011 1912 1086; baseline -0.001 -13"><span class='ocrx_word' id='word_1_85' title='bbox 207 1016 293 1073; x_wconf 85' lang='lat' dir='ltr'><strong>bunis</strong></span> <span class='ocrx_word' id='word_1_86' title='bbox 308 1015 446 1072; x_wconf 90' lang='lat' dir='ltr'><strong>omuibus</strong></span> <span class='ocrx_word' id='word_1_87' title='bbox 459 1014 599 1085; x_wconf 84' lang='lat' dir='ltr'><strong>blandus,</strong></span> <span class='ocrx_word' id='word_1_88' title='bbox 610 1014 697 1071; x_wconf 89' lang='lat' dir='ltr'><strong>malis</strong></span> <span class='ocrx_word' id='word_1_89' title='bbox 713 1031 842 1083; x_wconf 88' lang='lat' dir='ltr'><strong>severus,</strong></span> <span class='ocrx_word' id='word_1_90' title='bbox 852 1013 882 1069; x_wconf 91' lang='lat' dir='ltr'><strong>in</strong></span> <span class='ocrx_word' id='word_1_91' title='bbox 894 1014 970 1069; x_wconf 88' lang='lat' dir='ltr'><strong>cives</strong></span> <span class='ocrx_word' id='word_1_92' title='bbox 980 1013 1032 1067; x_wconf 90' lang='lat' dir='ltr'><strong>ba·</strong></span> <span class='ocrx_word' id='word_1_93' title='bbox 1088 1012 1172 1080; x_wconf 84' lang='lat' dir='ltr'><strong>cnjus</strong></span> <span class='ocrx_word' id='word_1_94' title='bbox 1187 1011 1366 1083; x_wconf 83' lang='lat' dir='ltr'><strong>gubernetur</strong></span> <span class='ocrx_word' id='word_1_95' title='bbox 1379 1012 1470 1081; x_wconf 85' lang='lat' dir='ltr'><strong>cadit;</strong></span> <span class='ocrx_word' id='word_1_96' title='bbox 1486 1014 1563 1069; x_wconf 79' lang='lat' dir='ltr'><strong>aedes</strong></span> <span class='ocrx_word' id='word_1_97' title='bbox 1577 1011 1707 1086; x_wconf 77' lang='lat' dir='ltr'><strong>publica</strong></span> <span class='ocrx_word' id='word_1_98' title='bbox 1722 1014 1849 1081; x_wconf 79' lang='lat' dir='ltr'><strong>tuomet,</strong></span> <span class='ocrx_word' id='word_1_99' title='bbox 1863 1033 1912 1073; x_wconf 79' lang='lat' dir='ltr'><strong>uos</strong></span> 
     </span>
     <span class='ocr_line' id='line_1_9' title="bbox 208 1098 1911 1178; baseline 0.002 -18"><span class='ocrx_word' id='word_1_100' title='bbox 208 1104 327 1178; x_wconf 87' lang='lat' dir='ltr'><strong>nignus,</strong></span> <span class='ocrx_word' id='word_1_101' title='bbox 340 1104 370 1159; x_wconf 90' lang='lat' dir='ltr'><strong>in</strong></span> <span class='ocrx_word' id='word_1_102' title='bbox 385 1104 485 1160; x_wconf 87' lang='lat' dir='ltr'><strong>hostes</strong></span> <span class='ocrx_word' id='word_1_103' title='bbox 500 1104 633 1169; x_wconf 89' lang='lat' dir='ltr'><strong>acerbus,</strong></span> <span class='ocrx_word' id='word_1_104' title='bbox 645 1104 675 1159; x_wconf 92' lang='lat' dir='ltr'><strong>in</strong></span> <span class='ocrx_word' id='word_1_105' title='bbox 689 1105 776 1159; x_wconf 87' lang='lat' dir='ltr'><strong>rebus</strong></span> <span class='ocrx_word' id='word_1_106' title='bbox 789 1103 910 1176; x_wconf 81' lang='lat' dir='ltr'><strong>agendis</strong></span> <span class='ocrx_word' id='word_1_107' title='bbox 921 1102 1032 1168; x_wconf 78' lang='lat' dir='ltr'><strong>efficax,</strong></span> <span class='ocrx_word' id='word_1_108' title='bbox 1088 1098 1204 1171; x_wconf 77' lang='lat' dir='ltr'><strong>private</strong></span> <span class='ocrx_word' id='word_1_109' title='bbox 1216 1100 1294 1171; x_wconf 89' lang='lat' dir='ltr'><strong>juris</strong></span> <span class='ocrx_word' id='word_1_110' title='bbox 1315 1105 1408 1168; x_wconf 89' lang='lat' dir='ltr'><strong>erant,</strong></span> <span class='ocrx_word' id='word_1_111' title='bbox 1425 1101 1513 1158; x_wconf 89' lang='lat' dir='ltr'><strong>alieni</strong></span> <span class='ocrx_word' id='word_1_112' title='bbox 1537 1118 1595 1158; x_wconf 92' lang='lat' dir='ltr'><strong>non</strong></span> <span class='ocrx_word' id='word_1_113' title='bbox 1622 1104 1728 1159; x_wconf 85' lang='lat' dir='ltr'><strong>vestri.</strong></span> <span class='ocrx_word' id='word_1_114' title='bbox 1755 1102 1911 1163; x_wconf 78' lang='lat' dir='ltr'><strong>aliemnn</strong></span> 
     </span>
     <span class='ocr_line' id='line_1_10' title="bbox 208 1189 1910 1266; baseline -0.002 -16"><span class='ocrx_word' id='word_1_115' title='bbox 208 1189 1033 1266; x_wconf 83' lang='lat' dir='ltr'><strong>quammaximuusuiloretregnuinlatigabiliserat:in</strong></span> <span class='ocrx_word' id='word_1_116' title='bbox 1088 1190 1186 1244; x_wconf 88' lang='lat' dir='ltr'><strong>autem</strong></span> <span class='ocrx_word' id='word_1_117' title='bbox 1210 1206 1307 1244; x_wconf 92' lang='lat' dir='ltr'><strong>rerum</strong></span> <span class='ocrx_word' id='word_1_118' title='bbox 1332 1189 1480 1247; x_wconf 88' lang='lat' dir='ltr'><strong>invasores</strong></span> <span class='ocrx_word' id='word_1_119' title='bbox 1509 1190 1569 1263; x_wconf 86' lang='lat' dir='ltr'><strong>regi</strong></span> <span class='ocrx_word' id='word_1_120' title='bbox 1595 1195 1671 1247; x_wconf 85' lang='lat' dir='ltr'><strong>sunt</strong></span> <span class='ocrx_word' id='word_1_121' title='bbox 1700 1192 1910 1266; x_wconf 63' lang='lat' dir='ltr'><strong>obnoxiilirya</strong></span> 
     </span>
     <span class='ocr_line' id='line_1_11' title="bbox 207 1275 1909 1356; baseline -0.001 -16"><span class='ocrx_word' id='word_1_122' title='bbox 207 1277 1035 1355; x_wconf 80' lang='lat' dir='ltr'><strong>brevitantumproficiensutnomodubitarut,pestCa·</strong></span> <span class='ocrx_word' id='word_1_123' title='bbox 1088 1293 1139 1331; x_wconf 90' lang='lat' dir='ltr'><strong>vus</strong></span> <span class='ocrx_word' id='word_1_124' title='bbox 1167 1275 1267 1333; x_wconf 73' lang='lat' dir='ltr'><strong>alienae</strong></span> <span class='ocrx_word' id='word_1_125' title='bbox 1293 1279 1332 1333; x_wconf 89' lang='lat' dir='ltr'><strong>rei</strong></span> <span class='ocrx_word' id='word_1_126' title='bbox 1360 1278 1509 1335; x_wconf 87' lang='lat' dir='ltr'><strong>invasores</strong></span> <span class='ocrx_word' id='word_1_127' title='bbox 1532 1279 1645 1348; x_wconf 83' lang='lat' dir='ltr'><strong>inistis,</strong></span> <span class='ocrx_word' id='word_1_128' title='bbox 1669 1279 1768 1353; x_wconf 88' lang='lat' dir='ltr'><strong>igitur</strong></span> <span class='ocrx_word' id='word_1_129' title='bbox 1790 1281 1848 1356; x_wconf 86' lang='lat' dir='ltr'><strong>regi</strong></span> <span class='ocrx_word' id='word_1_130' title='bbox 1866 1282 1909 1340; x_wconf 81' lang='lat' dir='ltr'><strong>ob·</strong></span> 
     </span>
     <span class='ocr_line' id='line_1_12' title="bbox 208 1365 1909 1443; baseline 0 -17"><span class='ocrx_word' id='word_1_131' title='bbox 208 1371 263 1428; x_wconf 93' lang='lat' dir='ltr'><strong>ruli</strong></span> <span class='ocrx_word' id='word_1_132' title='bbox 278 1369 377 1442; x_wconf 80' lang='lat' dir='ltr'><strong>Magni</strong></span> <span class='ocrx_word' id='word_1_133' title='bbox 391 1374 532 1443; x_wconf 89' lang='lat' dir='ltr'><strong>tempora,</strong></span> <span class='ocrx_word' id='word_1_134' title='bbox 545 1368 672 1442; x_wconf 87' lang='lat' dir='ltr'><strong>aliquem</strong></span> <span class='ocrx_word' id='word_1_135' title='bbox 690 1368 778 1441; x_wconf 88' lang='lat' dir='ltr'><strong>regali</strong></span> <span class='ocrx_word' id='word_1_136' title='bbox 792 1369 860 1425; x_wconf 89' lang='lat' dir='ltr'><strong>sede</strong></span> <span class='ocrx_word' id='word_1_137' title='bbox 871 1368 1034 1441; x_wconf 87' lang='lat' dir='ltr'><strong>digniorem</strong></span> <span class='ocrx_word' id='word_1_138' title='bbox 1089 1365 1166 1420; x_wconf 85' lang='lat' dir='ltr'><strong>noxii</strong></span> <span class='ocrx_word' id='word_1_139' title='bbox 1188 1366 1269 1422; x_wconf 89' lang='lat' dir='ltr'><strong>estis.</strong></span> <span class='ocrx_word' id='word_1_140' title='bbox 1286 1366 1493 1439; x_wconf 85' lang='lat' dir='ltr'><strong>Hujuscemodi</strong></span> <span class='ocrx_word' id='word_1_141' title='bbox 1517 1367 1616 1424; x_wconf 87' lang='lat' dir='ltr'><strong>verbis</strong></span> <span class='ocrx_word' id='word_1_142' title='bbox 1644 1367 1788 1441; x_wconf 86' lang='lat' dir='ltr'><strong>pluribus</strong></span> <span class='ocrx_word' id='word_1_143' title='bbox 1810 1369 1909 1426; x_wconf 69' lang='lat' dir='ltr'><strong>instra</strong></span> 
     </span>
     <span class='ocr_line' id='line_1_13' title="bbox 209 1455 1908 1532; baseline 0.001 -17"><span class='ocrx_word' id='word_1_144' title='bbox 209 1460 397 1527; x_wconf 82' lang='lat' dir='ltr'><strong>nonvixissc3</strong></span> <span class='ocrx_word' id='word_1_145' title='bbox 415 1456 1033 1529; x_wconf 74' lang='lat' dir='ltr'><strong>undeexstatproverbium18ellaChuon-</strong></span> <span class='ocrx_word' id='word_1_146' title='bbox 1088 1459 1133 1510; x_wconf 89' lang='lat' dir='ltr'><strong>ter</strong></span> <span class='ocrx_word' id='word_1_147' title='bbox 1160 1455 1281 1526; x_wconf 89' lang='lat' dir='ltr'><strong>objectis</strong></span> <span class='ocrx_word' id='word_1_148' title='bbox 1311 1456 1398 1529; x_wconf 88' lang='lat' dir='ltr'><strong>legati</strong></span> <span class='ocrx_word' id='word_1_149' title='bbox 1425 1457 1534 1512; x_wconf 84' lang='lat' dir='ltr'><strong>frustra</strong></span> <span class='ocrx_word' id='word_1_150' title='bbox 1567 1461 1718 1514; x_wconf 88' lang='lat' dir='ltr'><strong>tentatam</strong></span> <span class='ocrx_word' id='word_1_151' title='bbox 1738 1474 1848 1532; x_wconf 53' lang='lat' dir='ltr'><strong>‚pacem</strong></span> <span class='ocrx_word' id='word_1_152' title='bbox 1871 1476 1908 1517; x_wconf 81' lang='lat' dir='ltr'><strong>rc·</strong></span> 
     </span>
     <span class='ocr_line' id='line_1_14' title="bbox 208 1543 1907 1621; baseline -0.001 -16"><span class='ocrx_word' id='word_1_153' title='bbox 208 1548 271 1605; x_wconf 89' lang='lat' dir='ltr'><strong>radi</strong></span> <span class='ocrx_word' id='word_1_154' title='bbox 286 1547 375 1604; x_wconf 89' lang='lat' dir='ltr'><strong>habet</strong></span> <span class='ocrx_word' id='word_1_155' title='bbox 390 1548 556 1604; x_wconf 90' lang='lat' dir='ltr'><strong>ascensoria</strong></span> <span class='ocrx_word' id='word_1_156' title='bbox 568 1546 671 1602; x_wconf 87' lang='lat' dir='ltr'><strong>Caroli.</strong></span> <span class='ocrx_word' id='word_1_157' title='bbox 685 1547 725 1602; x_wconf 87' lang='lat' dir='ltr'><strong>De</strong></span> <span class='ocrx_word' id='word_1_158' title='bbox 737 1545 791 1602; x_wconf 94' lang='lat' dir='ltr'><strong>huc</strong></span> <span class='ocrx_word' id='word_1_159' title='bbox 807 1545 957 1618; x_wconf 87' lang='lat' dir='ltr'><strong>proverbio</strong></span> <span class='ocrx_word' id='word_1_160' title='bbox 970 1544 1034 1617; x_wconf 90' lang='lat' dir='ltr'><strong>qui·</strong></span> <span class='ocrx_word' id='word_1_161' title='bbox 1088 1543 1255 1615; x_wconf 88' lang='lat' dir='ltr'><strong>linquentes</strong></span> <span class='ocrx_word' id='word_1_162' title='bbox 1280 1544 1425 1601; x_wconf 88' lang='lat' dir='ltr'><strong>abierant.</strong></span> <span class='ocrx_word' id='word_1_163' title='bbox 1447 1544 1560 1618; x_wconf 85' lang='lat' dir='ltr'><strong>Reliqui</strong></span> <span class='ocrx_word' id='word_1_164' title='bbox 1585 1563 1657 1602; x_wconf 88' lang='lat' dir='ltr'><strong>vero</strong></span> <span class='ocrx_word' id='word_1_165' title='bbox 1683 1545 1784 1603; x_wconf 83' lang='lat' dir='ltr'><strong>ltaliei</strong></span> <span class='ocrx_word' id='word_1_166' title='bbox 1805 1547 1907 1621; x_wconf 77' lang='lat' dir='ltr'><strong>amplis·</strong></span> 
     </span>
     <span class='ocr_line' id='line_1_15' title="bbox 209 1632 1905 1713; baseline 0.001 -20"><span class='ocrx_word' id='word_1_167' title='bbox 209 1638 278 1693; x_wconf 88' lang='lat' dir='ltr'><strong>dam</strong></span> <span class='ocrx_word' id='word_1_168' title='bbox 290 1636 326 1692; x_wconf 91' lang='lat' dir='ltr'><strong>de</strong></span> <span class='ocrx_word' id='word_1_169' title='bbox 338 1635 445 1691; x_wconf 89' lang='lat' dir='ltr'><strong>nostris</strong></span> <span class='ocrx_word' id='word_1_170' title='bbox 460 1633 601 1713; x_wconf 86' lang='lat' dir='ltr'><strong>inlibello</strong></span> <span class='ocrx_word' id='word_1_171' title='bbox 612 1652 699 1708; x_wconf 89' lang='lat' dir='ltr'><strong>quem</strong></span> <span class='ocrx_word' id='word_1_172' title='bbox 710 1633 901 1690; x_wconf 86' lang='lat' dir='ltr'><strong>Gallinariam</strong></span> <span class='ocrx_word' id='word_1_173' title='bbox 912 1633 1033 1698; x_wconf 92' lang='lat' dir='ltr'><strong>vocavit,</strong></span> <span class='ocrx_word' id='word_1_174' title='bbox 1089 1632 1173 1688; x_wconf 89' lang='lat' dir='ltr'><strong>simis</strong></span> <span class='ocrx_word' id='word_1_175' title='bbox 1189 1632 1384 1707; x_wconf 87' lang='lat' dir='ltr'><strong>dunisaregc</strong></span> <span class='ocrx_word' id='word_1_176' title='bbox 1405 1633 1539 1692; x_wconf 85' lang='lat' dir='ltr'><strong>honorati</strong></span> <span class='ocrx_word' id='word_1_177' title='bbox 1563 1634 1593 1690; x_wconf 94' lang='lat' dir='ltr'><strong>in</strong></span> <span class='ocrx_word' id='word_1_178' title='bbox 1610 1651 1685 1708; x_wconf 84' lang='lat' dir='ltr'><strong>pace</strong></span> <span class='ocrx_word' id='word_1_179' title='bbox 1710 1635 1829 1694; x_wconf 83' lang='lat' dir='ltr'><strong>dimissi</strong></span> <span class='ocrx_word' id='word_1_180' title='bbox 1841 1640 1905 1693; x_wconf 84' lang='lat' dir='ltr'><strong>sunt</strong></span> 
     </span>
     <span class='ocr_line' id='line_1_16' title="bbox 208 1722 1905 1798; baseline 0.001 -16"><span class='ocrx_word' id='word_1_181' title='bbox 208 1729 307 1798; x_wconf 73' lang='lat' dir='ltr'><strong>satyra</strong></span> <span class='ocrx_word' id='word_1_182' title='bbox 322 1728 426 1796; x_wconf 88' lang='lat' dir='ltr'><strong>quarta</strong></span> <span class='ocrx_word' id='word_1_183' title='bbox 440 1722 562 1797; x_wconf 87' lang='lat' dir='ltr'><strong>protulit</strong></span> <span class='ocrx_word' id='word_1_184' title='bbox 578 1723 656 1779; x_wconf 90' lang='lat' dir='ltr'><strong>hunc</strong></span> <span class='ocrx_word' id='word_1_185' title='bbox 670 1740 787 1780; x_wconf 83' lang='lat' dir='ltr'><strong>versum</strong></span> <span class='ocrx_word' id='word_1_186' title='bbox 803 1740 810 1778; x_wconf 76' lang='grc' dir='ltr'><strong>ι</strong></span> <span class='ocrx_word' id='word_1_187' title='bbox 1088 1722 1148 1778; x_wconf 81' lang='lat' dir='ltr'><strong>Rex</strong></span> <span class='ocrx_word' id='word_1_188' title='bbox 1162 1738 1228 1778; x_wconf 89' lang='lat' dir='ltr'><strong>vero</strong></span> <span class='ocrx_word' id='word_1_189' title='bbox 1244 1722 1317 1778; x_wconf 91' lang='lat' dir='ltr'><strong>bene</strong></span> <span class='ocrx_word' id='word_1_190' title='bbox 1338 1723 1471 1779; x_wconf 86' lang='lat' dir='ltr'><strong>ordinata</strong></span> <span class='ocrx_word' id='word_1_191' title='bbox 1496 1739 1584 1796; x_wconf 89' lang='lat' dir='ltr'><strong>regno</strong></span> <span class='ocrx_word' id='word_1_192' title='bbox 1608 1724 1729 1781; x_wconf 76' lang='lat' dir='ltr'><strong>Sueviae</strong></span> <span class='ocrx_word' id='word_1_193' title='bbox 1744 1726 1783 1783; x_wconf 86' lang='lat' dir='ltr'><strong>ad</strong></span> <span class='ocrx_word' id='word_1_194' title='bbox 1797 1729 1905 1783; x_wconf 75' lang='lat' dir='ltr'><strong>autrum</strong></span> 
     </span>
    </p>
   </div>
   <div class='ocr_carea' id='block_1_3' title="bbox 269 1811 1903 1970">
    <p class='ocr_par' dir='ltr' id='par_1_3' title="bbox 269 1811 1903 1970">
     <span class='ocr_line' id='line_1_17' title="bbox 270 1811 1903 1893; baseline 0.004 -13"><span class='ocrx_word' id='word_1_195' title='bbox 270 1830 445 1880; x_wconf 75' lang='lat' dir='ltr'><strong>chuonradus</strong></span> <span class='ocrx_word' id='word_1_196' title='bbox 459 1829 545 1880; x_wconf 89' lang='lat' dir='ltr'><strong>Caroli</strong></span> <span class='ocrx_word' id='word_1_197' title='bbox 560 1830 656 1892; x_wconf 84' lang='lat' dir='ltr'><strong>premit</strong></span> <span class='ocrx_word' id='word_1_198' title='bbox 671 1829 823 1878; x_wconf 88' lang='lat' dir='ltr'><strong>ascensoria</strong></span> <span class='ocrx_word' id='word_1_199' title='bbox 836 1830 906 1893; x_wconf 85' lang='lat' dir='ltr'><strong>regis</strong></span> <span class='ocrx_word' id='word_1_200' title='bbox 1087 1811 1244 1866; x_wconf 48' lang='lat' dir='ltr'><strong>&#39;summum</strong></span> <span class='ocrx_word' id='word_1_201' title='bbox 1259 1812 1386 1883; x_wconf 58' lang='lat' dir='ltr'><strong>pellexit</strong></span> <span class='ocrx_word' id='word_1_202' title='bbox 1400 1812 1500 1884; x_wconf 69' lang='lat' dir='ltr'><strong>ibiq¹¹⁸</strong></span> <span class='ocrx_word' id='word_1_203' title='bbox 1513 1812 1663 1884; x_wconf 70' lang='lat' dir='ltr'><strong>qu⁰⁸d⁸m</strong></span> <span class='ocrx_word' id='word_1_204' title='bbox 1680 1812 1811 1883; x_wconf 56' lang='lat' dir='ltr'><strong>ltalifflssr</strong></span> <span class='ocrx_word' id='word_1_205' title='bbox 1820 1812 1903 1888; x_wconf 52' lang='lat' dir='ltr'><strong>‘illst‘¹</strong></span> 
     </span>
     <span class='ocr_line' id='line_1_18' title="bbox 269 1891 1903 1970; baseline 0.003 -16"><span class='ocrx_word' id='word_1_206' title='bbox 269 1893 377 1943; x_wconf 76' lang='lat' dir='ltr'><strong>Taunus</strong></span> <span class='ocrx_word' id='word_1_207' title='bbox 390 1892 497 1942; x_wconf 85' lang='lat' dir='ltr'><strong>indiciis</strong></span> <span class='ocrx_word' id='word_1_208' title='bbox 512 1905 612 1942; x_wconf 85' lang='lat' dir='ltr'><strong>nomen</strong></span> <span class='ocrx_word' id='word_1_209' title='bbox 627 1906 674 1941; x_wconf 82' lang='lat' dir='ltr'><strong>sen</strong></span> <span class='ocrx_word' id='word_1_210' title='bbox 689 1891 773 1956; x_wconf 67' lang='lat' dir='ltr'><strong>8¹⁰rlt²</strong></span> <span class='ocrx_word' id='word_1_211' title='bbox 786 1891 865 1954; x_wconf 84' lang='lat' dir='ltr'><strong>regis.</strong></span> <span class='ocrx_word' id='word_1_212' title='bbox 1088 1898 1289 1955; x_wconf 88' lang='lat' dir='ltr'><strong>Constantiam</strong></span> <span class='ocrx_word' id='word_1_213' title='bbox 1306 1916 1363 1956; x_wconf 92' lang='lat' dir='ltr'><strong>nun</strong></span> <span class='ocrx_word' id='word_1_214' title='bbox 1378 1900 1574 1970; x_wconf 70' lang='lat' dir='ltr'><strong>veneruntad</strong></span> <span class='ocrx_word' id='word_1_215' title='bbox 1591 1901 1769 1960; x_wconf 88' lang='lat' dir='ltr'><strong>dominium</strong></span> <span class='ocrx_word' id='word_1_216' title='bbox 1776 1920 1860 1961; x_wconf 80' lang='lat' dir='ltr'><strong>auum</strong></span> <span class='ocrx_word' id='word_1_217' title='bbox 1871 1918 1903 1959; x_wconf 73' lang='lat' dir='ltr'><strong>ro</strong></span> 
     </span>
    </p>
   </div>
   <div class='ocr_carea' id='block_1_4' title="bbox 208 1987 1938 2239">
    <p class='ocr_par' dir='ltr' id='par_1_4' title="bbox 208 1987 1938 2239">
     <span class='ocr_line' id='line_1_19' title="bbox 244 1987 1901 2063; baseline 0.001 -16"><span class='ocrx_word' id='word_1_218' title='bbox 244 1990 381 2048; x_wconf 86' lang='lat' dir='ltr'><strong>Gentium</strong></span> <span class='ocrx_word' id='word_1_219' title='bbox 405 1989 538 2063; x_wconf 91' lang='lat' dir='ltr'><strong>regiones</strong></span> <span class='ocrx_word' id='word_1_220' title='bbox 564 1988 754 2058; x_wconf 88' lang='lat' dir='ltr'><strong>transcendit,</strong></span> <span class='ocrx_word' id='word_1_221' title='bbox 777 1988 906 2044; x_wconf 90' lang='lat' dir='ltr'><strong>marinus</strong></span> <span class='ocrx_word' id='word_1_222' title='bbox 929 1989 1034 2044; x_wconf 83' lang='lat' dir='ltr'><strong>ductus</strong></span> <span class='ocrx_word' id='word_1_223' title='bbox 1089 1988 1173 2061; x_wconf 87' lang='lat' dir='ltr'><strong>cepit.</strong></span> <span class='ocrx_word' id='word_1_224' title='bbox 1186 1987 1256 2044; x_wconf 89' lang='lat' dir='ltr'><strong>lude</strong></span> <span class='ocrx_word' id='word_1_225' title='bbox 1267 1993 1333 2061; x_wconf 91' lang='lat' dir='ltr'><strong>post</strong></span> <span class='ocrx_word' id='word_1_226' title='bbox 1348 2005 1456 2062; x_wconf 89' lang='lat' dir='ltr'><strong>paucus</strong></span> <span class='ocrx_word' id='word_1_227' title='bbox 1469 1989 1532 2046; x_wconf 88' lang='lat' dir='ltr'><strong>dias</strong></span> <span class='ocrx_word' id='word_1_228' title='bbox 1545 1991 1581 2046; x_wconf 88' lang='lat' dir='ltr'><strong>ad</strong></span> <span class='ocrx_word' id='word_1_229' title='bbox 1599 1990 1765 2050; x_wconf 84' lang='lat' dir='ltr'><strong>Basilicam</strong></span> <span class='ocrx_word' id='word_1_230' title='bbox 1778 1992 1901 2050; x_wconf 76' lang='lat' dir='ltr'><strong>civitatem</strong></span> 
     </span>
     <span class='ocr_line' id='line_1_20' title="bbox 208 2077 1228 2150; baseline -0.005 -13"><span class='ocrx_word' id='word_1_231' title='bbox 208 2080 412 2146; x_wconf 86' lang='lat' dir='ltr'><strong>transnatavit,</strong></span> <span class='ocrx_word' id='word_1_232' title='bbox 429 2079 540 2150; x_wconf 89' lang='lat' dir='ltr'><strong>passim</strong></span> <span class='ocrx_word' id='word_1_233' title='bbox 561 2077 767 2150; x_wconf 83' lang='lat' dir='ltr'><strong>divulgabatur</strong></span> <span class='ocrx_word' id='word_1_234' title='bbox 790 2077 882 2133; x_wconf 89' lang='lat' dir='ltr'><strong>virtus</strong></span> <span class='ocrx_word' id='word_1_235' title='bbox 911 2095 975 2150; x_wconf 82' lang='lat' dir='ltr'><strong>qua</strong></span> <span class='ocrx_word' id='word_1_236' title='bbox 1004 2078 1033 2134; x_wconf 92' lang='lat' dir='ltr'><strong>in</strong></span> <span class='ocrx_word' id='word_1_237' title='bbox 1090 2077 1228 2150; x_wconf 89' lang='lat' dir='ltr'><strong>pervenit.</strong></span> 
     </span>
     <span class='ocr_line' id='line_1_21' title="bbox 208 2166 1938 2239; baseline -0.003 -13"><span class='ocrx_word' id='word_1_238' title='bbox 208 2168 349 2226; x_wconf 67' lang='lat' dir='ltr'><strong>exhausto</strong></span> <span class='ocrx_word' id='word_1_239' title='bbox 364 2166 461 2239; x_wconf 72' lang='lat' dir='ltr'><strong>vigore</strong></span> <span class='ocrx_word' id='word_1_240' title='bbox 490 2182 605 2238; x_wconf 73' lang='lat' dir='ltr'><strong>semper</strong></span> <span class='ocrx_word' id='word_1_241' title='bbox 632 2167 797 2222; x_wconf 76' lang='lat' dir='ltr'><strong>emanabat.</strong></span> <span class='ocrx_word' id='word_1_242' title='bbox 814 2167 957 2223; x_wconf 76' lang='lat' dir='ltr'><strong>Reversus</strong></span> <span class='ocrx_word' id='word_1_243' title='bbox 986 2183 1035 2223; x_wconf 72' lang='lat' dir='ltr'><strong>rex</strong></span> <span class='ocrx_word' id='word_1_244' title='bbox 1167 2191 1243 2237; x_wconf 76' lang='lat' dir='ltr'><strong>quon</strong></span> <span class='ocrx_word' id='word_1_245' title='bbox 1259 2192 1315 2230; x_wconf 63' lang='lat'><strong>1131</strong></span> <span class='ocrx_word' id='word_1_246' title='bbox 1329 2191 1521 2233; x_wconf 65' lang='lat' dir='ltr'><strong>eupompus</strong></span> <span class='ocrx_word' id='word_1_247' title='bbox 1536 2193 1666 2235; x_wconf 59' lang='lat' dir='ltr'><strong>mum</strong></span> <span class='ocrx_word' id='word_1_248' title='bbox 1680 2194 1841 2238; x_wconf 60' lang='lat' dir='ltr'><strong>gppgmpug</strong></span> <span class='ocrx_word' id='word_1_249' title='bbox 1936 2212 1938 2221; x_wconf 93' lang='lat'><strong>.</strong></span> 
     </span>
    </p>
   </div>
   <div class='ocr_carea' id='block_1_5' title="bbox 105 2243 1591 2328">
    <p class='ocr_par' dir='ltr' id='par_1_5' title="bbox 105 2243 1591 2328">
     <span class='ocr_line' id='line_1_22' title="bbox 105 2243 1591 2328; baseline -0.003 -16"><span class='ocrx_word' id='word_1_250' title='bbox 105 2243 121 2263; x_wconf 71' lang='lat'><em>⁴</em></span> <span class='ocrx_word' id='word_1_251' title='bbox 209 2256 244 2312; x_wconf 91' lang='lat' dir='ltr'><strong>de</strong></span> <span class='ocrx_word' id='word_1_252' title='bbox 259 2253 407 2311; x_wconf 85' lang='lat' dir='ltr'><strong>ltibuariis</strong></span> <span class='ocrx_word' id='word_1_253' title='bbox 422 2254 458 2308; x_wconf 92' lang='lat' dir='ltr'><strong>ad</strong></span> <span class='ocrx_word' id='word_1_254' title='bbox 473 2253 629 2309; x_wconf 77' lang='lat' dir='ltr'><strong>Saxoniam</strong></span> <span class='ocrx_word' id='word_1_255' title='bbox 654 2254 741 2325; x_wconf 89' lang='lat' dir='ltr'><strong>venit,</strong></span> <span class='ocrx_word' id='word_1_256' title='bbox 754 2255 792 2308; x_wconf 92' lang='lat' dir='ltr'><strong>ibi</strong></span> <span class='ocrx_word' id='word_1_257' title='bbox 813 2254 907 2328; x_wconf 86' lang='lat' dir='ltr'><strong>legem</strong></span> <span class='ocrx_word' id='word_1_258' title='bbox 931 2255 1034 2311; x_wconf 88' lang='lat' dir='ltr'><strong>crude·</strong></span> <span class='ocrx_word' id='word_1_259' title='bbox 1414 2264 1591 2305; x_wconf 69' lang='lat' dir='ltr'><strong>consanum.</strong></span> 
     </span>
    </p>
   </div>
   <div class='ocr_carea' id='block_1_6' title="bbox 208 2342 1898 3043">
    <p class='ocr_par' dir='ltr' id='par_1_6' title="bbox 208 2342 1898 2956">
     <span class='ocr_line' id='line_1_23' title="bbox 209 2342 1898 2418; baseline 0.004 -19"><span class='ocrx_word' id='word_1_260' title='bbox 209 2343 355 2401; x_wconf 88' lang='lat' dir='ltr'><strong>lissimam</strong></span> <span class='ocrx_word' id='word_1_261' title='bbox 369 2343 528 2411; x_wconf 85' lang='lat' dir='ltr'><strong>Saxonum,</strong></span> <span class='ocrx_word' id='word_1_262' title='bbox 545 2343 707 2399; x_wconf 89' lang='lat' dir='ltr'><strong>secundum</strong></span> <span class='ocrx_word' id='word_1_263' title='bbox 728 2342 905 2399; x_wconf 89' lang='lat' dir='ltr'><strong>voluntatem</strong></span> <span class='ocrx_word' id='word_1_264' title='bbox 921 2361 1034 2418; x_wconf 85' lang='lat' dir='ltr'><strong>eorum,</strong></span> <span class='ocrx_word' id='word_1_265' title='bbox 1125 2342 1238 2399; x_wconf 88' lang='lat' dir='ltr'><strong>Basilea</strong></span> <span class='ocrx_word' id='word_1_266' title='bbox 1249 2343 1350 2399; x_wconf 91' lang='lat' dir='ltr'><strong>civitas</strong></span> <span class='ocrx_word' id='word_1_267' title='bbox 1361 2343 1418 2400; x_wconf 90' lang='lat' dir='ltr'><strong>sita</strong></span> <span class='ocrx_word' id='word_1_268' title='bbox 1428 2348 1473 2400; x_wconf 88' lang='lat' dir='ltr'><strong>est</strong></span> <span class='ocrx_word' id='word_1_269' title='bbox 1483 2345 1653 2418; x_wconf 87' lang='lat' dir='ltr'><strong>inquudam</strong></span> <span class='ocrx_word' id='word_1_270' title='bbox 1666 2346 1898 2413; x_wconf 80' lang='lat' dir='ltr'><strong>trivialiconfiaia</strong></span> 
     </span>
     <span class='ocr_line' id='line_1_24' title="bbox 209 2430 1898 2510; baseline 0.002 -21"><span class='ocrx_word' id='word_1_271' title='bbox 209 2430 356 2489; x_wconf 88' lang='lat' dir='ltr'><strong>constanti</strong></span> <span class='ocrx_word' id='word_1_272' title='bbox 380 2430 551 2486; x_wconf 88' lang='lat' dir='ltr'><strong>auctoritate</strong></span> <span class='ocrx_word' id='word_1_273' title='bbox 575 2430 728 2486; x_wconf 77' lang='lat' dir='ltr'><strong>reboravit.</strong></span> <span class='ocrx_word' id='word_1_274' title='bbox 747 2430 1035 2489; x_wconf 87' lang='lat' dir='ltr'><strong>Deindeabarbaris</strong></span> <span class='ocrx_word' id='word_1_275' title='bbox 1089 2431 1118 2486; x_wconf 91' lang='lat' dir='ltr'><strong>id</strong></span> <span class='ocrx_word' id='word_1_276' title='bbox 1138 2435 1191 2501; x_wconf 87' lang='lat' dir='ltr'><strong>est,</strong></span> <span class='ocrx_word' id='word_1_277' title='bbox 1208 2432 1395 2506; x_wconf 75' lang='lat' dir='ltr'><strong>Burgundio,</strong></span> <span class='ocrx_word' id='word_1_278' title='bbox 1418 2432 1598 2490; x_wconf 77' lang='lat' dir='ltr'><strong>Alamannia</strong></span> <span class='ocrx_word' id='word_1_279' title='bbox 1628 2439 1659 2491; x_wconf 88' lang='lat' dir='ltr'><strong>et</strong></span> <span class='ocrx_word' id='word_1_280' title='bbox 1690 2437 1898 2510; x_wconf 74' lang='lat' dir='ltr'><strong>Franciaezipfl</strong></span> 
     </span>
     <span class='ocr_line' id='line_1_25' title="bbox 209 2519 1897 2596; baseline 0.003 -18"><span class='ocrx_word' id='word_1_281' title='bbox 209 2522 260 2594; x_wconf 92' lang='lat' dir='ltr'><strong>qui</strong></span> <span class='ocrx_word' id='word_1_282' title='bbox 271 2519 427 2578; x_wconf 80' lang='lat' dir='ltr'><strong>Saxoaiam</strong></span> <span class='ocrx_word' id='word_1_283' title='bbox 447 2519 596 2593; x_wconf 86' lang='lat' dir='ltr'><strong>attingunt</strong></span> <span class='ocrx_word' id='word_1_284' title='bbox 611 2520 722 2575; x_wconf 88' lang='lat' dir='ltr'><strong>tributa</strong></span> <span class='ocrx_word' id='word_1_285' title='bbox 743 2521 871 2593; x_wconf 88' lang='lat' dir='ltr'><strong>exigens,</strong></span> <span class='ocrx_word' id='word_1_286' title='bbox 884 2538 969 2577; x_wconf 89' lang='lat' dir='ltr'><strong>amne</strong></span> <span class='ocrx_word' id='word_1_287' title='bbox 985 2521 1033 2578; x_wconf 89' lang='lat' dir='ltr'><strong>dc·</strong></span> <span class='ocrx_word' id='word_1_288' title='bbox 1088 2537 1154 2578; x_wconf 88' lang='lat' dir='ltr'><strong>veru</strong></span> <span class='ocrx_word' id='word_1_289' title='bbox 1170 2521 1270 2578; x_wconf 80' lang='lat' dir='ltr'><strong>civitas</strong></span> <span class='ocrx_word' id='word_1_290' title='bbox 1287 2521 1323 2577; x_wconf 92' lang='lat' dir='ltr'><strong>ad</strong></span> <span class='ocrx_word' id='word_1_291' title='bbox 1344 2522 1543 2595; x_wconf 74' lang='lat' dir='ltr'><strong>burgundiam</strong></span> <span class='ocrx_word' id='word_1_292' title='bbox 1558 2524 1800 2596; x_wconf 75' lang='lat' dir='ltr'><strong>pertinctrllanc</strong></span> <span class='ocrx_word' id='word_1_293' title='bbox 1819 2526 1897 2583; x_wconf 78' lang='lat' dir='ltr'><strong>civita-</strong></span> 
     </span>
     <span class='ocr_line' id='line_1_26' title="bbox 208 2607 1897 2688; baseline 0.003 -22"><span class='ocrx_word' id='word_1_294' title='bbox 208 2609 302 2667; x_wconf 88' lang='lat' dir='ltr'><strong>bitnm</strong></span> <span class='ocrx_word' id='word_1_295' title='bbox 313 2609 412 2665; x_wconf 88' lang='lat' dir='ltr'><strong>fiscale</strong></span> <span class='ocrx_word' id='word_1_296' title='bbox 427 2609 545 2680; x_wconf 88' lang='lat' dir='ltr'><strong>recepit.</strong></span> <span class='ocrx_word' id='word_1_297' title='bbox 558 2609 628 2664; x_wconf 91' lang='lat' dir='ltr'><strong>lude</strong></span> <span class='ocrx_word' id='word_1_298' title='bbox 643 2608 806 2680; x_wconf 80' lang='lat' dir='ltr'><strong>bajoariam</strong></span> <span class='ocrx_word' id='word_1_299' title='bbox 820 2615 848 2665; x_wconf 89' lang='lat' dir='ltr'><strong>et</strong></span> <span class='ocrx_word' id='word_1_300' title='bbox 863 2609 1034 2666; x_wconf 88' lang='lat' dir='ltr'><strong>orientalem</strong></span> <span class='ocrx_word' id='word_1_301' title='bbox 1088 2614 1147 2664; x_wconf 88' lang='lat' dir='ltr'><strong>tem</strong></span> <span class='ocrx_word' id='word_1_302' title='bbox 1164 2607 1274 2664; x_wconf 89' lang='lat' dir='ltr'><strong>invenit</strong></span> <span class='ocrx_word' id='word_1_303' title='bbox 1289 2621 1338 2665; x_wconf 76' lang='lat' dir='ltr'><strong>rex</strong></span> <span class='ocrx_word' id='word_1_304' title='bbox 1356 2613 1508 2666; x_wconf 85' lang='lat' dir='ltr'><strong>vacuatam</strong></span> <span class='ocrx_word' id='word_1_305' title='bbox 1523 2611 1677 2685; x_wconf 88' lang='lat' dir='ltr'><strong>episeopo,</strong></span> <span class='ocrx_word' id='word_1_306' title='bbox 1690 2614 1779 2687; x_wconf 80' lang='lat' dir='ltr'><strong>qu&#39;us</strong></span> <span class='ocrx_word' id='word_1_307' title='bbox 1793 2613 1897 2688; x_wconf 76' lang='lat' dir='ltr'><strong>provisor</strong></span> 
     </span>
     <span class='ocr_line' id='line_1_27' title="bbox 208 2696 1897 2774; baseline 0.003 -18"><span class='ocrx_word' id='word_1_308' title='bbox 208 2696 361 2756; x_wconf 79' lang='lat' dir='ltr'><strong>Franciam</strong></span> <span class='ocrx_word' id='word_1_309' title='bbox 382 2696 592 2770; x_wconf 86' lang='lat' dir='ltr'><strong>pertransiens,</strong></span> <span class='ocrx_word' id='word_1_310' title='bbox 608 2698 644 2753; x_wconf 92' lang='lat' dir='ltr'><strong>ad</strong></span> <span class='ocrx_word' id='word_1_311' title='bbox 665 2696 867 2754; x_wconf 69' lang='lat' dir='ltr'><strong>alemanniam</strong></span> <span class='ocrx_word' id='word_1_312' title='bbox 892 2700 1032 2772; x_wconf 89' lang='lat' dir='ltr'><strong>pervenit.</strong></span> <span class='ocrx_word' id='word_1_313' title='bbox 1087 2696 1229 2754; x_wconf 81' lang='lat' dir='ltr'><strong>Adalberu</strong></span> <span class='ocrx_word' id='word_1_314' title='bbox 1242 2703 1309 2754; x_wconf 89' lang='lat' dir='ltr'><strong>aute</strong></span> <span class='ocrx_word' id='word_1_315' title='bbox 1328 2702 1387 2754; x_wconf 88' lang='lat' dir='ltr'><strong>tres</strong></span> <span class='ocrx_word' id='word_1_316' title='bbox 1411 2715 1528 2755; x_wconf 88' lang='lat' dir='ltr'><strong>menses</strong></span> <span class='ocrx_word' id='word_1_317' title='bbox 1543 2716 1633 2772; x_wconf 86' lang='lat' dir='ltr'><strong>quam</strong></span> <span class='ocrx_word' id='word_1_318' title='bbox 1661 2719 1714 2759; x_wconf 81' lang='lat' dir='ltr'><strong>rex</strong></span> <span class='ocrx_word' id='word_1_319' title='bbox 1726 2703 1897 2774; x_wconf 68' lang='lat' dir='ltr'><strong>vanitateci-</strong></span> 
     </span>
     <span class='ocr_line' id='line_1_28' title="bbox 208 2784 1898 2866; baseline 0.004 -23"><span class='ocrx_word' id='word_1_320' title='bbox 208 2788 269 2854; x_wconf 81' lang='lat' dir='ltr'><strong>Quo</strong></span> <span class='ocrx_word' id='word_1_321' title='bbox 284 2786 421 2853; x_wconf 86' lang='lat' dir='ltr'><strong>transitu,</strong></span> <span class='ocrx_word' id='word_1_322' title='bbox 433 2802 522 2859; x_wconf 87' lang='lat' dir='ltr'><strong>regna</strong></span> <span class='ocrx_word' id='word_1_323' title='bbox 537 2786 617 2859; x_wconf 89' lang='lat' dir='ltr'><strong>pacis</strong></span> <span class='ocrx_word' id='word_1_324' title='bbox 634 2787 739 2843; x_wconf 74' lang='lat' dir='ltr'><strong>loedere</strong></span> <span class='ocrx_word' id='word_1_325' title='bbox 762 2791 791 2842; x_wconf 93' lang='lat' dir='ltr'><strong>et</strong></span> <span class='ocrx_word' id='word_1_326' title='bbox 816 2788 895 2861; x_wconf 88' lang='lat' dir='ltr'><strong>regia</strong></span> <span class='ocrx_word' id='word_1_327' title='bbox 909 2789 1034 2846; x_wconf 88' lang='lat' dir='ltr'><strong>tuitione</strong></span> <span class='ocrx_word' id='word_1_328' title='bbox 1088 2785 1181 2858; x_wconf 87' lang='lat' dir='ltr'><strong>gravit</strong></span> <span class='ocrx_word' id='word_1_329' title='bbox 1193 2803 1210 2841; x_wconf 92' lang='lat' dir='ltr'><strong>a</strong></span> <span class='ocrx_word' id='word_1_330' title='bbox 1220 2784 1336 2843; x_wconf 75' lang='lat' dir='ltr'><strong>seculo.</strong></span> <span class='ocrx_word' id='word_1_331' title='bbox 1346 2786 1389 2844; x_wconf 93' lang='lat' dir='ltr'><strong>lbi</strong></span> <span class='ocrx_word' id='word_1_332' title='bbox 1402 2787 1568 2845; x_wconf 86' lang='lat' dir='ltr'><strong>Simoniacu</strong></span> <span class='ocrx_word' id='word_1_333' title='bbox 1588 2788 1698 2847; x_wconf 73' lang='lat' dir='ltr'><strong>heresi</strong></span> <span class='ocrx_word' id='word_1_334' title='bbox 1714 2791 1812 2853; x_wconf 85' lang='lat' dir='ltr'><strong>subito</strong></span> <span class='ocrx_word' id='word_1_335' title='bbox 1828 2808 1898 2866; x_wconf 72' lang='lat' dir='ltr'><strong>appa</strong></span> 
     </span>
     <span class='ocr_line' id='line_1_29' title="bbox 208 2873 1898 2956; baseline 0.002 -24"><span class='ocrx_word' id='word_1_336' title='bbox 208 2875 378 2933; x_wconf 84' lang='lat' dir='ltr'><strong>firmissime</strong></span> <span class='ocrx_word' id='word_1_337' title='bbox 394 2875 538 2949; x_wconf 88' lang='lat' dir='ltr'><strong>cingebat.</strong></span> <span class='ocrx_word' id='word_1_338' title='bbox 1088 2873 1157 2943; x_wconf 88' lang='lat' dir='ltr'><strong>ruit,</strong></span> <span class='ocrx_word' id='word_1_339' title='bbox 1173 2880 1201 2931; x_wconf 89' lang='lat' dir='ltr'><strong>et</strong></span> <span class='ocrx_word' id='word_1_340' title='bbox 1224 2874 1281 2931; x_wconf 89' lang='lat' dir='ltr'><strong>cito</strong></span> <span class='ocrx_word' id='word_1_341' title='bbox 1309 2874 1449 2932; x_wconf 89' lang='lat' dir='ltr'><strong>evanuit:</strong></span> <span class='ocrx_word' id='word_1_342' title='bbox 1468 2893 1536 2933; x_wconf 84' lang='lat' dir='ltr'><strong>nam</strong></span> <span class='ocrx_word' id='word_1_343' title='bbox 1549 2877 1621 2937; x_wconf 83' lang='lat' dir='ltr'><strong>dum</strong></span> <span class='ocrx_word' id='word_1_344' title='bbox 1649 2896 1704 2936; x_wconf 85' lang='lat' dir='ltr'><strong>rex</strong></span> <span class='ocrx_word' id='word_1_345' title='bbox 1720 2885 1761 2938; x_wconf 86' lang='lat' dir='ltr'><strong>-et</strong></span> <span class='ocrx_word' id='word_1_346' title='bbox 1786 2880 1898 2956; x_wconf 56' lang='lat' dir='ltr'><strong>regnu</strong></span> 
     </span>
    </p>

    <p class='ocr_par' dir='ltr' id='par_1_7' title="bbox 332 2962 1897 3043">
     <span class='ocr_line' id='line_1_30' title="bbox 332 2962 1897 3043; baseline 0.005 -23"><span class='ocrx_word' id='word_1_347' title='bbox 332 2981 472 3028; x_wconf 77' lang='lat' dir='ltr'><strong>anamma</strong></span> <span class='ocrx_word' id='word_1_348' title='bbox 487 2981 540 3019; x_wconf 82' lang='lat' dir='ltr'><strong>sax</strong></span> <span class='ocrx_word' id='word_1_349' title='bbox 556 2981 618 3020; x_wconf 75' lang='lat' dir='ltr'><strong>cuae</strong></span> <span class='ocrx_word' id='word_1_350' title='bbox 633 2981 722 3020; x_wconf 76' lang='lat' dir='ltr'><strong>rraars</strong></span> <span class='ocrx_word' id='word_1_351' title='bbox 737 2981 907 3021; x_wconf 77' lang='lat' dir='ltr'><strong>emcrravrr.</strong></span> <span class='ocrx_word' id='word_1_352' title='bbox 1088 2964 1215 3037; x_wconf 90' lang='lat' dir='ltr'><strong>quodum</strong></span> <span class='ocrx_word' id='word_1_353' title='bbox 1240 2962 1344 3021; x_wconf 89' lang='lat' dir='ltr'><strong>clerieo</strong></span> <span class='ocrx_word' id='word_1_354' title='bbox 1368 2964 1458 3021; x_wconf 91' lang='lat' dir='ltr'><strong>nubili</strong></span> <span class='ocrx_word' id='word_1_355' title='bbox 1477 2964 1548 3033; x_wconf 90' lang='lat' dir='ltr'><strong>viru,</strong></span> <span class='ocrx_word' id='word_1_356' title='bbox 1562 2966 1687 3025; x_wconf 84' lang='lat' dir='ltr'><strong>nomine</strong></span> <span class='ocrx_word' id='word_1_357' title='bbox 1707 2966 1897 3043; x_wconf 67' lang='lat' dir='ltr'><strong>Udelrico,q¹?</strong></span> 
     </span>
    </p>
   </div>
   <div class='ocr_carea' id='block_1_7' title="bbox 208 3052 1896 3399">
    <p class='ocr_par' dir='ltr' id='par_1_8' title="bbox 208 3052 1896 3399">
     <span class='ocr_line' id='line_1_31' title="bbox 243 3052 1896 3134; baseline 0.004 -24"><span class='ocrx_word' id='word_1_358' title='bbox 243 3058 327 3111; x_wconf 81' lang='lat' dir='ltr'><strong>Anno</strong></span> <span class='ocrx_word' id='word_1_359' title='bbox 341 3053 436 3126; x_wconf 92' lang='lat' dir='ltr'><strong>primu</strong></span> <span class='ocrx_word' id='word_1_360' title='bbox 451 3052 532 3125; x_wconf 86' lang='lat' dir='ltr'><strong>regni</strong></span> <span class='ocrx_word' id='word_1_361' title='bbox 546 3053 592 3109; x_wconf 86' lang='lat' dir='ltr'><strong>eui</strong></span> <span class='ocrx_word' id='word_1_362' title='bbox 609 3052 801 3108; x_wconf 76' lang='lat' dir='ltr'><strong>chuonradus</strong></span> <span class='ocrx_word' id='word_1_363' title='bbox 812 3070 861 3110; x_wconf 82' lang='lat' dir='ltr'><strong>rea</strong></span> <span class='ocrx_word' id='word_1_364' title='bbox 875 3054 951 3110; x_wconf 86' lang='lat' dir='ltr'><strong>diem</strong></span> <span class='ocrx_word' id='word_1_365' title='bbox 964 3072 1032 3112; x_wconf 90' lang='lat' dir='ltr'><strong>san·</strong></span> <span class='ocrx_word' id='word_1_366' title='bbox 1088 3053 1127 3108; x_wconf 93' lang='lat' dir='ltr'><strong>ibi</strong></span> <span class='ocrx_word' id='word_1_367' title='bbox 1140 3053 1372 3127; x_wconf 86' lang='lat' dir='ltr'><strong>tuncepiscopus</strong></span> <span class='ocrx_word' id='word_1_368' title='bbox 1382 3054 1754 3126; x_wconf 80' lang='lat' dir='ltr'><strong>effectusest,immensam</strong></span> <span class='ocrx_word' id='word_1_369' title='bbox 1763 3059 1896 3134; x_wconf 62' lang='lat' dir='ltr'><strong>murum</strong></span> 
     </span>
     <span class='ocr_line' id='line_1_32' title="bbox 208 3134 1896 3222; baseline 0.003 -22"><span class='ocrx_word' id='word_1_370' title='bbox 208 3144 485 3201; x_wconf 88' lang='lat' dir='ltr'><strong>ctumPentecostes</strong></span> <span class='ocrx_word' id='word_1_371' title='bbox 498 3141 709 3198; x_wconf 79' lang='lat' dir='ltr'><strong>inconstantia</strong></span> <span class='ocrx_word' id='word_1_372' title='bbox 725 3142 840 3199; x_wconf 89' lang='lat' dir='ltr'><strong>civitate</strong></span> <span class='ocrx_word' id='word_1_373' title='bbox 859 3143 1032 3214; x_wconf 88' lang='lat' dir='ltr'><strong>celebravit;</strong></span> <span class='ocrx_word' id='word_1_374' title='bbox 1088 3158 1139 3214; x_wconf 93' lang='lat' dir='ltr'><strong>pru</strong></span> <span class='ocrx_word' id='word_1_375' title='bbox 1154 3134 1323 3215; x_wconf 87' lang='lat' dir='ltr'><strong>episcopatu</strong></span> <span class='ocrx_word' id='word_1_376' title='bbox 1339 3141 1530 3216; x_wconf 89' lang='lat' dir='ltr'><strong>susciperent.</strong></span> <span class='ocrx_word' id='word_1_377' title='bbox 1544 3144 1649 3202; x_wconf 88' lang='lat' dir='ltr'><strong>Postea</strong></span> <span class='ocrx_word' id='word_1_378' title='bbox 1674 3163 1725 3204; x_wconf 85' lang='lat' dir='ltr'><strong>rex</strong></span> <span class='ocrx_word' id='word_1_379' title='bbox 1750 3145 1896 3222; x_wconf 78' lang='lat' dir='ltr'><strong>poenituub&#39;t</strong></span> 
     </span>
     <span class='ocr_line' id='line_1_33' title="bbox 208 3216 1895 3311; baseline 0.003 -22"><span class='ocrx_word' id='word_1_380' title='bbox 208 3232 249 3289; x_wconf 90' lang='lat' dir='ltr'><strong>ibi</strong></span> <span class='ocrx_word' id='word_1_381' title='bbox 265 3230 503 3303; x_wconf 88' lang='lat' dir='ltr'><strong>archiepiscopus</strong></span> <span class='ocrx_word' id='word_1_382' title='bbox 528 3229 754 3286; x_wconf 88' lang='lat' dir='ltr'><strong>llcdiolancnsis</strong></span> <span class='ocrx_word' id='word_1_383' title='bbox 774 3230 943 3288; x_wconf 89' lang='lat' dir='ltr'><strong>lleriburtus</strong></span> <span class='ocrx_word' id='word_1_384' title='bbox 968 3216 1072 3290; x_wconf 78' lang='lat' dir='ltr'><strong>eumG</strong></span> <span class='ocrx_word' id='word_1_385' title='bbox 1089 3235 1274 3299; x_wconf 90' lang='lat' dir='ltr'><strong>motus,voto</strong></span> <span class='ocrx_word' id='word_1_386' title='bbox 1296 3248 1327 3288; x_wconf 89' lang='lat' dir='ltr'><strong>se</strong></span> <span class='ocrx_word' id='word_1_387' title='bbox 1343 3230 1480 3304; x_wconf 90' lang='lat' dir='ltr'><strong>obligavit</strong></span> <span class='ocrx_word' id='word_1_388' title='bbox 1503 3249 1555 3305; x_wconf 94' lang='lat' dir='ltr'><strong>pro</strong></span> <span class='ocrx_word' id='word_1_389' title='bbox 1570 3232 1674 3307; x_wconf 90' lang='lat' dir='ltr'><strong>aliquo</strong></span> <span class='ocrx_word' id='word_1_390' title='bbox 1689 3232 1895 3311; x_wconf 55' lang='lat' dir='ltr'><strong>episcopatur&amp;</strong></span> 
     </span>
     <span class='ocr_line' id='line_1_34' title="bbox 209 3317 1895 3399; baseline 0.004 -20"><span class='ocrx_word' id='word_1_391' title='bbox 209 3319 321 3378; x_wconf 83' lang='lat' dir='ltr'><strong>caeteris</strong></span> <span class='ocrx_word' id='word_1_392' title='bbox 334 3317 526 3391; x_wconf 90' lang='lat' dir='ltr'><strong>optimatibus</strong></span> <span class='ocrx_word' id='word_1_393' title='bbox 538 3317 645 3374; x_wconf 91' lang='lat' dir='ltr'><strong>Italicis</strong></span> <span class='ocrx_word' id='word_1_394' title='bbox 657 3318 716 3390; x_wconf 88' lang='lat' dir='ltr'><strong>regi</strong></span> <span class='ocrx_word' id='word_1_395' title='bbox 731 3320 914 3390; x_wconf 90' lang='lat' dir='ltr'><strong>occurrebat;</strong></span> <span class='ocrx_word' id='word_1_396' title='bbox 928 3326 956 3377; x_wconf 91' lang='lat' dir='ltr'><strong>et</strong></span> <span class='ocrx_word' id='word_1_397' title='bbox 970 3322 1035 3379; x_wconf 85' lang='lat' dir='ltr'><strong>elle-</strong></span> <span class='ocrx_word' id='word_1_398' title='bbox 1089 3320 1206 3378; x_wconf 89' lang='lat' dir='ltr'><strong>abbatia</strong></span> <span class='ocrx_word' id='word_1_399' title='bbox 1221 3317 1333 3376; x_wconf 88' lang='lat' dir='ltr'><strong>nullam</strong></span> <span class='ocrx_word' id='word_1_400' title='bbox 1348 3320 1503 3391; x_wconf 88' lang='lat' dir='ltr'><strong>pecuniam</strong></span> <span class='ocrx_word' id='word_1_401' title='bbox 1518 3321 1805 3399; x_wconf 86' lang='lat' dir='ltr'><strong>ampliusaccipete,</strong></span> <span class='ocrx_word' id='word_1_402' title='bbox 1818 3325 1895 3399; x_wconf 80' lang='lat' dir='ltr'><strong>inqu</strong></span> 
     </span>
    </p>
   </div>
   <div class='ocr_carea' id='block_1_8' title="bbox 207 3406 1938 3755">
    <p class='ocr_par' dir='ltr' id='par_1_9' title="bbox 207 3406 1938 3755">
     <span class='ocr_line' id='line_1_35' title="bbox 210 3406 1894 3487; baseline 0.005 -22"><span class='ocrx_word' id='word_1_403' title='bbox 210 3413 274 3466; x_wconf 89' lang='lat' dir='ltr'><strong>ctus</strong></span> <span class='ocrx_word' id='word_1_404' title='bbox 285 3411 329 3464; x_wconf 90' lang='lat' dir='ltr'><strong>cst</strong></span> <span class='ocrx_word' id='word_1_405' title='bbox 339 3406 565 3478; x_wconf 83' lang='lat' dir='ltr'><strong>suis‚fidemque</strong></span> <span class='ocrx_word' id='word_1_406' title='bbox 577 3406 632 3463; x_wconf 90' lang='lat' dir='ltr'><strong>sibi</strong></span> <span class='ocrx_word' id='word_1_407' title='bbox 644 3407 711 3462; x_wconf 88' lang='lat' dir='ltr'><strong>lecit</strong></span> <span class='ocrx_word' id='word_1_408' title='bbox 722 3425 773 3480; x_wconf 93' lang='lat' dir='ltr'><strong>per</strong></span> <span class='ocrx_word' id='word_1_409' title='bbox 783 3416 1033 3468; x_wconf 87' lang='lat' dir='ltr'><strong>sacramentorum</strong></span> <span class='ocrx_word' id='word_1_410' title='bbox 1087 3416 1154 3467; x_wconf 85' lang='lat' dir='ltr'><strong>vute</strong></span> <span class='ocrx_word' id='word_1_411' title='bbox 1168 3426 1241 3482; x_wconf 88' lang='lat' dir='ltr'><strong>pene</strong></span> <span class='ocrx_word' id='word_1_412' title='bbox 1254 3408 1327 3466; x_wconf 91' lang='lat' dir='ltr'><strong>bene</strong></span> <span class='ocrx_word' id='word_1_413' title='bbox 1342 3409 1517 3481; x_wconf 87' lang='lat' dir='ltr'><strong>permansit;</strong></span> <span class='ocrx_word' id='word_1_414' title='bbox 1535 3412 1586 3468; x_wconf 89' lang='lat' dir='ltr'><strong>sed</strong></span> <span class='ocrx_word' id='word_1_415' title='bbox 1611 3411 1696 3470; x_wconf 87' lang='lat' dir='ltr'><strong>filius</strong></span> <span class='ocrx_word' id='word_1_416' title='bbox 1715 3416 1783 3487; x_wconf 70' lang='lat' dir='ltr'><strong>eins</strong></span> <span class='ocrx_word' id='word_1_417' title='bbox 1803 3414 1894 3479; x_wconf 58' lang='lat' dir='ltr'><strong>affin,</strong></span> 
     </span>
     <span class='ocr_line' id='line_1_36' title="bbox 210 3494 1891 3573; baseline 0.006 -21"><span class='ocrx_word' id='word_1_418' title='bbox 210 3495 385 3552; x_wconf 90' lang='lat' dir='ltr'><strong>etobsidum</strong></span> <span class='ocrx_word' id='word_1_419' title='bbox 396 3494 514 3567; x_wconf 87' lang='lat' dir='ltr'><strong>pignus,</strong></span> <span class='ocrx_word' id='word_1_420' title='bbox 527 3498 559 3548; x_wconf 93' lang='lat' dir='ltr'><strong>ut</strong></span> <span class='ocrx_word' id='word_1_421' title='bbox 574 3496 690 3566; x_wconf 90' lang='lat' dir='ltr'><strong>quando</strong></span> <span class='ocrx_word' id='word_1_422' title='bbox 701 3497 810 3552; x_wconf 61' lang='lat' dir='ltr'><strong>eveniret</strong></span> <span class='ocrx_word' id='word_1_423' title='bbox 825 3515 891 3553; x_wconf 94' lang='lat' dir='ltr'><strong>cum</strong></span> <span class='ocrx_word' id='word_1_424' title='bbox 906 3500 1033 3557; x_wconf 82' lang='lat' dir='ltr'><strong>exercitu</strong></span> <span class='ocrx_word' id='word_1_425' title='bbox 1088 3497 1310 3570; x_wconf 82' lang='lat' dir='ltr'><strong>Heinricus,qui</strong></span> <span class='ocrx_word' id='word_1_426' title='bbox 1330 3501 1431 3570; x_wconf 88' lang='lat' dir='ltr'><strong>postea</strong></span> <span class='ocrx_word' id='word_1_427' title='bbox 1446 3515 1496 3555; x_wconf 88' lang='lat' dir='ltr'><strong>rex</strong></span> <span class='ocrx_word' id='word_1_428' title='bbox 1510 3503 1537 3556; x_wconf 87' lang='lat' dir='ltr'><strong>et</strong></span> <span class='ocrx_word' id='word_1_429' title='bbox 1548 3501 1704 3573; x_wconf 81' lang='lat' dir='ltr'><strong>Augustus</strong></span> <span class='ocrx_word' id='word_1_430' title='bbox 1728 3504 1843 3561; x_wconf 74' lang='lat' dir='ltr'><strong>effectus</strong></span> <span class='ocrx_word' id='word_1_431' title='bbox 1854 3504 1891 3568; x_wconf 77' lang='lat' dir='ltr'><strong>att</strong></span> 
     </span>
     <span class='ocr_line' id='line_1_37' title="bbox 208 3581 1890 3667; baseline 0.003 -26"><span class='ocrx_word' id='word_1_432' title='bbox 208 3585 244 3642; x_wconf 90' lang='lat' dir='ltr'><strong>ad</strong></span> <span class='ocrx_word' id='word_1_433' title='bbox 257 3582 475 3655; x_wconf 89' lang='lat' dir='ltr'><strong>subjiciendum</strong></span> <span class='ocrx_word' id='word_1_434' title='bbox 486 3581 680 3656; x_wconf 86' lang='lat' dir='ltr'><strong>ltaliam‚ipsc</strong></span> <span class='ocrx_word' id='word_1_435' title='bbox 691 3601 757 3640; x_wconf 90' lang='lat' dir='ltr'><strong>eum</strong></span> <span class='ocrx_word' id='word_1_436' title='bbox 769 3586 918 3659; x_wconf 89' lang='lat' dir='ltr'><strong>reciperet,</strong></span> <span class='ocrx_word' id='word_1_437' title='bbox 926 3593 955 3644; x_wconf 88' lang='lat' dir='ltr'><strong>et</strong></span> <span class='ocrx_word' id='word_1_438' title='bbox 965 3606 1032 3646; x_wconf 90' lang='lat' dir='ltr'><strong>eum</strong></span> <span class='ocrx_word' id='word_1_439' title='bbox 1087 3588 1197 3662; x_wconf 93' lang='lat' dir='ltr'><strong>optime</strong></span> <span class='ocrx_word' id='word_1_440' title='bbox 1211 3593 1239 3643; x_wconf 87' lang='lat' dir='ltr'><strong>et</strong></span> <span class='ocrx_word' id='word_1_441' title='bbox 1260 3586 1324 3644; x_wconf 92' lang='lat' dir='ltr'><strong>sine</strong></span> <span class='ocrx_word' id='word_1_442' title='bbox 1337 3587 1476 3660; x_wconf 91' lang='lat' dir='ltr'><strong>scrupulo</strong></span> <span class='ocrx_word' id='word_1_443' title='bbox 1499 3588 1629 3662; x_wconf 88' lang='lat' dir='ltr'><strong>patrium</strong></span> <span class='ocrx_word' id='word_1_444' title='bbox 1645 3597 1750 3649; x_wconf 87' lang='lat' dir='ltr'><strong>vetum</strong></span> <span class='ocrx_word' id='word_1_445' title='bbox 1775 3588 1890 3667; x_wconf 60' lang='lat' dir='ltr'><strong>captoria</strong></span> 
     </span>
     <span class='ocr_line' id='line_1_38' title="bbox 207 3670 1938 3755; baseline 0.002 -24"><span class='ocrx_word' id='word_1_446' title='bbox 207 3672 345 3731; x_wconf 91' lang='lat' dir='ltr'><strong>omnibus</strong></span> <span class='ocrx_word' id='word_1_447' title='bbox 360 3670 422 3726; x_wconf 92' lang='lat' dir='ltr'><strong>suis</strong></span> <span class='ocrx_word' id='word_1_448' title='bbox 438 3672 475 3726; x_wconf 93' lang='lat' dir='ltr'><strong>ad</strong></span> <span class='ocrx_word' id='word_1_449' title='bbox 490 3671 643 3727; x_wconf 90' lang='lat' dir='ltr'><strong>dominum</strong></span> <span class='ocrx_word' id='word_1_450' title='bbox 655 3678 683 3728; x_wconf 90' lang='lat' dir='ltr'><strong>et</strong></span> <span class='ocrx_word' id='word_1_451' title='bbox 694 3690 791 3746; x_wconf 89' lang='lat' dir='ltr'><strong>regem</strong></span> <span class='ocrx_word' id='word_1_452' title='bbox 804 3675 919 3746; x_wconf 89' lang='lat' dir='ltr'><strong>publice</strong></span> <span class='ocrx_word' id='word_1_453' title='bbox 934 3676 1033 3736; x_wconf 85' lang='lat' dir='ltr'><strong>lauda·</strong></span> <span class='ocrx_word' id='word_1_454' title='bbox 1087 3677 1156 3752; x_wconf 91' lang='lat' dir='ltr'><strong>quia</strong></span> <span class='ocrx_word' id='word_1_455' title='bbox 1171 3677 1200 3731; x_wconf 93' lang='lat' dir='ltr'><strong>in</strong></span> <span class='ocrx_word' id='word_1_456' title='bbox 1217 3676 1297 3732; x_wconf 91' lang='lat' dir='ltr'><strong>omni</strong></span> <span class='ocrx_word' id='word_1_457' title='bbox 1320 3676 1380 3731; x_wconf 84' lang='lat' dir='ltr'><strong>vita</strong></span> <span class='ocrx_word' id='word_1_458' title='bbox 1403 3693 1458 3733; x_wconf 91' lang='lat' dir='ltr'><strong>sua</strong></span> <span class='ocrx_word' id='word_1_459' title='bbox 1480 3693 1532 3750; x_wconf 89' lang='lat' dir='ltr'><strong>pro</strong></span> <span class='ocrx_word' id='word_1_460' title='bbox 1556 3678 1700 3737; x_wconf 85' lang='lat' dir='ltr'><strong>omnibus</strong></span> <span class='ocrx_word' id='word_1_461' title='bbox 1723 3678 1888 3755; x_wconf 71' lang='lat' dir='ltr'><strong>dignitatibus</strong></span> <span class='ocrx_word' id='word_1_462' title='bbox 1936 3672 1938 3679; x_wconf 78' lang='lat'>&#39;</span> 
     </span>
    </p>
   </div>
   <div class='ocr_carea' id='block_1_9' title="bbox 97 3761 1886 3840">
    <p class='ocr_par' dir='ltr' id='par_1_10' title="bbox 97 3761 1886 3840">
     <span class='ocr_line' id='line_1_39' title="bbox 97 3761 1886 3840; baseline 0.003 -23"><span class='ocrx_word' id='word_1_463' title='bbox 97 3794 100 3799; x_wconf 92' lang='lat'>·</span> <span class='ocrx_word' id='word_1_464' title='bbox 204 3766 258 3829; x_wconf 84' lang='lat' dir='ltr'><strong>ret,</strong></span> <span class='ocrx_word' id='word_1_465' title='bbox 275 3761 435 3833; x_wconf 88' lang='lat' dir='ltr'><strong>statimque</strong></span> <span class='ocrx_word' id='word_1_466' title='bbox 459 3766 619 3816; x_wconf 86' lang='lat' dir='ltr'><strong>coronaret.</strong></span> <span class='ocrx_word' id='word_1_467' title='bbox 636 3761 777 3818; x_wconf 86' lang='lat' dir='ltr'><strong>Similiter</strong></span> <span class='ocrx_word' id='word_1_468' title='bbox 800 3763 904 3837; x_wconf 90' lang='lat' dir='ltr'><strong>reliqui</strong></span> <span class='ocrx_word' id='word_1_469' title='bbox 920 3766 1030 3840; x_wconf 89' lang='lat' dir='ltr'><strong>Longu·</strong></span> <span class='ocrx_word' id='word_1_470' title='bbox 1086 3763 1616 3839; x_wconf 88' lang='lat' dir='ltr'><strong>ecclesiasticisuniusubulipretium</strong></span> <span class='ocrx_word' id='word_1_471' title='bbox 1629 3768 1886 3827; x_wconf 79' lang='lat' dir='ltr'><strong>nondiu&#39;taredbuc</strong></span> 
     </span>
    </p>
   </div>
   <div class='ocr_carea' id='block_1_10' title="bbox 174 3850 1938 5721">
    <p class='ocr_par' dir='ltr' id='par_1_11' title="bbox 174 3850 1938 5721">
     <span class='ocr_line' id='line_1_40' title="bbox 202 3850 1884 3933; baseline 0.005 -25"><span class='ocrx_word' id='word_1_472' title='bbox 202 3851 285 3908; x_wconf 91' lang='lat' dir='ltr'><strong>bardi</strong></span> <span class='ocrx_word' id='word_1_473' title='bbox 302 3850 429 3906; x_wconf 84' lang='lat' dir='ltr'><strong>fecerant</strong></span> <span class='ocrx_word' id='word_1_474' title='bbox 451 3853 569 3923; x_wconf 91' lang='lat' dir='ltr'><strong>propter</strong></span> <span class='ocrx_word' id='word_1_475' title='bbox 592 3850 773 3920; x_wconf 86' lang='lat' dir='ltr'><strong>Ticinenscs,</strong></span> <span class='ocrx_word' id='word_1_476' title='bbox 788 3852 838 3925; x_wconf 92' lang='lat' dir='ltr'><strong>qui</strong></span> <span class='ocrx_word' id='word_1_477' title='bbox 853 3859 881 3908; x_wconf 89' lang='lat' dir='ltr'><strong>ct</strong></span> <span class='ocrx_word' id='word_1_478' title='bbox 905 3854 962 3910; x_wconf 90' lang='lat' dir='ltr'><strong>alio</strong></span> <span class='ocrx_word' id='word_1_479' title='bbox 979 3874 1030 3913; x_wconf 90' lang='lat' dir='ltr'><strong>na·</strong></span> <span class='ocrx_word' id='word_1_480' title='bbox 1086 3853 1242 3927; x_wconf 87' lang='lat' dir='ltr'><strong>accepisse.</strong></span> <span class='ocrx_word' id='word_1_481' title='bbox 1261 3853 1320 3908; x_wconf 84' lang='lat' dir='ltr'><strong>Rex</strong></span> <span class='ocrx_word' id='word_1_482' title='bbox 1343 3870 1410 3909; x_wconf 87' lang='lat' dir='ltr'><strong>vcro</strong></span> <span class='ocrx_word' id='word_1_483' title='bbox 1434 3853 1629 3913; x_wconf 87' lang='lat' dir='ltr'><strong>Chuouredus</strong></span> <span class='ocrx_word' id='word_1_484' title='bbox 1653 3852 1884 3933; x_wconf 59' lang='lat' dir='ltr'><strong>colloquiorum</strong></span> 
     </span>
     <span class='ocr_line' id='line_1_41' title="bbox 200 3939 1885 4021; baseline 0.004 -25"><span class='ocrx_word' id='word_1_485' title='bbox 200 3940 280 3997; x_wconf 91' lang='lat' dir='ltr'><strong>mine</strong></span> <span class='ocrx_word' id='word_1_486' title='bbox 294 3939 453 4011; x_wconf 89' lang='lat' dir='ltr'><strong>Papienscs</strong></span> <span class='ocrx_word' id='word_1_487' title='bbox 478 3943 630 4007; x_wconf 87' lang='lat' dir='ltr'><strong>vocantur,</strong></span> <span class='ocrx_word' id='word_1_488' title='bbox 647 3957 773 4012; x_wconf 90' lang='lat' dir='ltr'><strong>quorum</strong></span> <span class='ocrx_word' id='word_1_489' title='bbox 799 3941 886 4015; x_wconf 91' lang='lat' dir='ltr'><strong>legati</strong></span> <span class='ocrx_word' id='word_1_490' title='bbox 904 3944 1031 4010; x_wconf 70' lang='lat' dir='ltr'><strong>aderant</strong></span> <span class='ocrx_word' id='word_1_491' title='bbox 1084 3945 1183 4003; x_wconf 90' lang='lat' dir='ltr'><strong>habito</strong></span> <span class='ocrx_word' id='word_1_492' title='bbox 1199 3942 1328 4010; x_wconf 84' lang='lat' dir='ltr'><strong>Basilea,</strong></span> <span class='ocrx_word' id='word_1_493' title='bbox 1339 3947 1369 3999; x_wconf 88' lang='lat' dir='ltr'><strong>et</strong></span> <span class='ocrx_word' id='word_1_494' title='bbox 1383 3944 1518 4000; x_wconf 87' lang='lat' dir='ltr'><strong>terminis</strong></span> <span class='ocrx_word' id='word_1_495' title='bbox 1532 3947 1799 4021; x_wconf 75' lang='lat' dir='ltr'><strong>Burgundiaultrn</strong></span> <span class='ocrx_word' id='word_1_496' title='bbox 1811 3944 1885 4003; x_wconf 76' lang='lat' dir='ltr'><strong>vulve-</strong></span> 
     </span>
     <span class='ocr_line' id='line_1_42' title="bbox 198 4027 1885 4111; baseline 0.003 -27"><span class='ocrx_word' id='word_1_497' title='bbox 198 4044 265 4085; x_wconf 91' lang='lat' dir='ltr'><strong>cum</strong></span> <span class='ocrx_word' id='word_1_498' title='bbox 281 4028 455 4084; x_wconf 89' lang='lat' dir='ltr'><strong>muneribus</strong></span> <span class='ocrx_word' id='word_1_499' title='bbox 476 4032 505 4082; x_wconf 90' lang='lat' dir='ltr'><strong>et</strong></span> <span class='ocrx_word' id='word_1_500' title='bbox 520 4027 633 4093; x_wconf 91' lang='lat' dir='ltr'><strong>amicis,</strong></span> <span class='ocrx_word' id='word_1_501' title='bbox 646 4027 798 4085; x_wconf 86' lang='lat' dir='ltr'><strong>molientes</strong></span> <span class='ocrx_word' id='word_1_502' title='bbox 814 4034 847 4085; x_wconf 91' lang='lat' dir='ltr'><strong>ut</strong></span> <span class='ocrx_word' id='word_1_503' title='bbox 863 4048 960 4105; x_wconf 84' lang='lat' dir='ltr'><strong>regem</strong></span> <span class='ocrx_word' id='word_1_504' title='bbox 977 4051 1028 4105; x_wconf 86' lang='lat' dir='ltr'><strong>pru</strong></span> <span class='ocrx_word' id='word_1_505' title='bbox 1083 4039 1172 4090; x_wconf 85' lang='lat' dir='ltr'><strong>tatem</strong></span> <span class='ocrx_word' id='word_1_506' title='bbox 1182 4031 1328 4105; x_wconf 87' lang='lat' dir='ltr'><strong>Rudolphi</strong></span> <span class='ocrx_word' id='word_1_507' title='bbox 1339 4033 1470 4104; x_wconf 86' lang='lat' dir='ltr'><strong>ejusdem</strong></span> <span class='ocrx_word' id='word_1_508' title='bbox 1480 4032 1658 4107; x_wconf 69' lang='lat' dir='ltr'><strong>Burgundios</strong></span> <span class='ocrx_word' id='word_1_509' title='bbox 1670 4034 1885 4111; x_wconf 75' lang='lat' dir='ltr'><strong>regisdiligenter</strong></span> 
     </span>
     <span class='ocr_line' id='line_1_43' title="bbox 197 4113 1883 4197; baseline 0.005 -21"><span class='ocrx_word' id='word_1_510' title='bbox 197 4118 357 4176; x_wconf 79' lang='lat' dir='ltr'><strong>offensione</strong></span> <span class='ocrx_word' id='word_1_511' title='bbox 368 4116 474 4172; x_wconf 89' lang='lat' dir='ltr'><strong>civium</strong></span> <span class='ocrx_word' id='word_1_512' title='bbox 486 4113 645 4188; x_wconf 89' lang='lat' dir='ltr'><strong>placarent,</strong></span> <span class='ocrx_word' id='word_1_513' title='bbox 654 4134 824 4190; x_wconf 85' lang='lat' dir='ltr'><strong>quanquam</strong></span> <span class='ocrx_word' id='word_1_514' title='bbox 836 4119 864 4174; x_wconf 91' lang='lat' dir='ltr'><strong>id</strong></span> <span class='ocrx_word' id='word_1_515' title='bbox 876 4121 1029 4194; x_wconf 89' lang='lat' dir='ltr'><strong>adispieia</strong></span> <span class='ocrx_word' id='word_1_516' title='bbox 1083 4121 1302 4196; x_wconf 70' lang='lat' dir='ltr'><strong>preoccupans,</strong></span> <span class='ocrx_word' id='word_1_517' title='bbox 1315 4137 1366 4193; x_wconf 89' lang='lat' dir='ltr'><strong>per</strong></span> <span class='ocrx_word' id='word_1_518' title='bbox 1392 4120 1525 4177; x_wconf 84' lang='lat' dir='ltr'><strong>Rhenum</strong></span> <span class='ocrx_word' id='word_1_519' title='bbox 1552 4140 1648 4196; x_wconf 85' lang='lat' dir='ltr'><strong>usque</strong></span> <span class='ocrx_word' id='word_1_520' title='bbox 1670 4123 1883 4197; x_wconf 64' lang='lat' dir='ltr'><strong>mxummpr·</strong></span> 
     </span>
     <span class='ocr_line' id='line_1_44' title="bbox 198 4203 1882 4285; baseline 0.005 -24"><span class='ocrx_word' id='word_1_521' title='bbox 198 4222 265 4280; x_wconf 88' lang='lat' dir='ltr'><strong>rega</strong></span> <span class='ocrx_word' id='word_1_522' title='bbox 277 4206 364 4279; x_wconf 81' lang='lat' dir='ltr'><strong>juxta</strong></span> <span class='ocrx_word' id='word_1_523' title='bbox 374 4209 474 4260; x_wconf 90' lang='lat' dir='ltr'><strong>votnm</strong></span> <span class='ocrx_word' id='word_1_524' title='bbox 487 4221 574 4260; x_wconf 89' lang='lat' dir='ltr'><strong>suum</strong></span> <span class='ocrx_word' id='word_1_525' title='bbox 587 4203 667 4261; x_wconf 90' lang='lat' dir='ltr'><strong>nullo</strong></span> <span class='ocrx_word' id='word_1_526' title='bbox 680 4205 765 4261; x_wconf 82' lang='lat' dir='ltr'><strong>niodo</strong></span> <span class='ocrx_word' id='word_1_527' title='bbox 775 4205 912 4263; x_wconf 87' lang='lat' dir='ltr'><strong>valerent.</strong></span> <span class='ocrx_word' id='word_1_528' title='bbox 925 4209 955 4264; x_wconf 92' lang='lat' dir='ltr'><strong>ln</strong></span> <span class='ocrx_word' id='word_1_529' title='bbox 970 4227 1028 4283; x_wconf 91' lang='lat' dir='ltr'><strong>qua</strong></span> <span class='ocrx_word' id='word_1_530' title='bbox 1081 4211 1169 4267; x_wconf 76' lang='lat' dir='ltr'><strong>venit⁴</strong></span> <span class='ocrx_word' id='word_1_531' title='bbox 1183 4212 1276 4277; x_wconf 87' lang='lat' dir='ltr'><strong>Quare</strong></span> <span class='ocrx_word' id='word_1_532' title='bbox 1286 4212 1383 4264; x_wconf 90' lang='lat' dir='ltr'><strong>autem</strong></span> <span class='ocrx_word' id='word_1_533' title='bbox 1396 4207 1542 4283; x_wconf 83' lang='lat' dir='ltr'><strong>Rudolphi</strong></span> <span class='ocrx_word' id='word_1_534' title='bbox 1558 4209 1637 4285; x_wconf 87' lang='lat' dir='ltr'><strong>regis</strong></span> <span class='ocrx_word' id='word_1_535' title='bbox 1648 4212 1828 4273; x_wconf 72' lang='lat' dir='ltr'><strong>meminerim</strong></span> <span class='ocrx_word' id='word_1_536' title='bbox 1837 4210 1882 4269; x_wconf 64' lang='lat' dir='ltr'><strong>it*</strong></span> 
     </span>
     <span class='ocr_line' id='line_1_45' title="bbox 196 4292 1883 4374; baseline 0.003 -24"><span class='ocrx_word' id='word_1_537' title='bbox 196 4298 295 4350; x_wconf 88' lang='lat' dir='ltr'><strong>autem</strong></span> <span class='ocrx_word' id='word_1_538' title='bbox 311 4310 342 4349; x_wconf 84' lang='lat' dir='ltr'><strong>rc</strong></span> <span class='ocrx_word' id='word_1_539' title='bbox 366 4292 550 4357; x_wconf 83' lang='lat' dir='ltr'><strong>offenderint,</strong></span> <span class='ocrx_word' id='word_1_540' title='bbox 577 4293 702 4350; x_wconf 91' lang='lat' dir='ltr'><strong>breviter</strong></span> <span class='ocrx_word' id='word_1_541' title='bbox 726 4293 885 4352; x_wconf 88' lang='lat' dir='ltr'><strong>absolvam.</strong></span> <span class='ocrx_word' id='word_1_542' title='bbox 905 4297 974 4353; x_wconf 82' lang='lat' dir='ltr'><strong>Erat</strong></span> <span class='ocrx_word' id='word_1_543' title='bbox 996 4299 1025 4354; x_wconf 90' lang='lat' dir='ltr'><strong>in</strong></span> <span class='ocrx_word' id='word_1_544' title='bbox 1081 4296 1883 4374; x_wconf 66' lang='lat' dir='ltr'><strong>viterdicamlstcRudolphusrexBurgnndiaanmiuat·</strong></span> 
     </span>
     <span class='ocr_line' id='line_1_46' title="bbox 196 4381 1883 4460; baseline 0.004 -22"><span class='ocrx_word' id='word_1_545' title='bbox 196 4383 310 4439; x_wconf 87' lang='lat' dir='ltr'><strong>civitate</strong></span> <span class='ocrx_word' id='word_1_546' title='bbox 323 4382 457 4455; x_wconf 90' lang='lat' dir='ltr'><strong>Papiensi</strong></span> <span class='ocrx_word' id='word_1_547' title='bbox 475 4381 618 4455; x_wconf 90' lang='lat' dir='ltr'><strong>palatium</strong></span> <span class='ocrx_word' id='word_1_548' title='bbox 634 4383 840 4439; x_wconf 82' lang='lat' dir='ltr'><strong>a&#39;llreodarieu</strong></span> <span class='ocrx_word' id='word_1_549' title='bbox 857 4402 922 4459; x_wconf 88' lang='lat' dir='ltr'><strong>rege</strong></span> <span class='ocrx_word' id='word_1_550' title='bbox 933 4403 1026 4458; x_wconf 90' lang='lat' dir='ltr'><strong>quun·</strong></span> <span class='ocrx_word' id='word_1_551' title='bbox 1080 4392 1197 4444; x_wconf 89' lang='lat' dir='ltr'><strong>nectute</strong></span> <span class='ocrx_word' id='word_1_552' title='bbox 1207 4403 1390 4460; x_wconf 84' lang='lat' dir='ltr'><strong>suaregnum</strong></span> <span class='ocrx_word' id='word_1_553' title='bbox 1404 4385 1883 4457; x_wconf 59' lang='lat' dir='ltr'><strong>mollitertractaretmuimmh·</strong></span> 
     </span>
     <span class='ocr_line' id='line_1_47' title="bbox 196 4470 1883 4555; baseline 0.007 -29"><span class='ocrx_word' id='word_1_554' title='bbox 196 4470 264 4526; x_wconf 88' lang='lat' dir='ltr'><strong>dam</strong></span> <span class='ocrx_word' id='word_1_555' title='bbox 276 4471 350 4527; x_wconf 89' lang='lat' dir='ltr'><strong>miro</strong></span> <span class='ocrx_word' id='word_1_556' title='bbox 362 4488 449 4543; x_wconf 89' lang='lat' dir='ltr'><strong>opere</strong></span> <span class='ocrx_word' id='word_1_557' title='bbox 462 4470 622 4540; x_wconf 89' lang='lat' dir='ltr'><strong>conditum,</strong></span> <span class='ocrx_word' id='word_1_558' title='bbox 634 4488 665 4525; x_wconf 87' lang='lat' dir='ltr'><strong>ac</strong></span> <span class='ocrx_word' id='word_1_559' title='bbox 682 4476 783 4545; x_wconf 87' lang='lat' dir='ltr'><strong>pastea</strong></span> <span class='ocrx_word' id='word_1_560' title='bbox 798 4473 834 4528; x_wconf 91' lang='lat' dir='ltr'><strong>ab</strong></span> <span class='ocrx_word' id='word_1_561' title='bbox 851 4474 1025 4547; x_wconf 88' lang='lat' dir='ltr'><strong>imperatore</strong></span> <span class='ocrx_word' id='word_1_562' title='bbox 1079 4477 1187 4532; x_wconf 88' lang='lat' dir='ltr'><strong>vidium</strong></span> <span class='ocrx_word' id='word_1_563' title='bbox 1198 4477 1276 4548; x_wconf 87' lang='lat' dir='ltr'><strong>apud</strong></span> <span class='ocrx_word' id='word_1_564' title='bbox 1292 4476 1438 4549; x_wconf 78' lang='lat' dir='ltr'><strong>principes</strong></span> <span class='ocrx_word' id='word_1_565' title='bbox 1452 4474 1591 4550; x_wconf 84' lang='lat' dir='ltr'><strong>regui-sui</strong></span> <span class='ocrx_word' id='word_1_566' title='bbox 1604 4489 1883 4555; x_wconf 56' lang='lat' dir='ltr'><strong>comparassem·</strong></span> 
     </span>
     <span class='ocr_line' id='line_1_48' title="bbox 194 4559 1883 4649; baseline 0.007 -34"><span class='ocrx_word' id='word_1_567' title='bbox 194 4559 300 4616; x_wconf 88' lang='lat' dir='ltr'><strong>Ottone</strong></span> <span class='ocrx_word' id='word_1_568' title='bbox 311 4559 395 4614; x_wconf 90' lang='lat' dir='ltr'><strong>tertio</strong></span> <span class='ocrx_word' id='word_1_569' title='bbox 408 4559 497 4615; x_wconf 93' lang='lat' dir='ltr'><strong>nimis</strong></span> <span class='ocrx_word' id='word_1_570' title='bbox 510 4560 694 4615; x_wconf 88' lang='lat' dir='ltr'><strong>adornatum.</strong></span> <span class='ocrx_word' id='word_1_571' title='bbox 703 4561 823 4633; x_wconf 87' lang='lat' dir='ltr'><strong>Cognito</strong></span> <span class='ocrx_word' id='word_1_572' title='bbox 837 4567 933 4618; x_wconf 88' lang='lat' dir='ltr'><strong>autem</strong></span> <span class='ocrx_word' id='word_1_573' title='bbox 943 4565 1023 4623; x_wconf 91' lang='lat' dir='ltr'><strong>obitu</strong></span> <span class='ocrx_word' id='word_1_574' title='bbox 1041 4585 1063 4649; x_wconf 71' lang='lat' dir='ltr'>D</span> <span class='ocrx_word' id='word_1_575' title='bbox 1079 4565 1149 4620; x_wconf 91' lang='lat' dir='ltr'><strong>dum</strong></span> <span class='ocrx_word' id='word_1_576' title='bbox 1161 4564 1327 4621; x_wconf 87' lang='lat' dir='ltr'><strong>llcinrieurn</strong></span> <span class='ocrx_word' id='word_1_577' title='bbox 1341 4563 1559 4637; x_wconf 87' lang='lat' dir='ltr'><strong>imperatorem,</strong></span> <span class='ocrx_word' id='word_1_578' title='bbox 1570 4563 1670 4623; x_wconf 83' lang='lat' dir='ltr'><strong>fllium</strong></span> <span class='ocrx_word' id='word_1_579' title='bbox 1683 4567 1793 4625; x_wconf 78' lang='lat' dir='ltr'><strong>sumtis</strong></span> <span class='ocrx_word' id='word_1_580' title='bbox 1802 4561 1883 4625; x_wconf 68' lang='lat' dir='ltr'><strong>soni·</strong></span> 
     </span>
     <span class='ocr_line' id='line_1_49' title="bbox 193 4644 1938 4729; baseline 0.007 -27"><span class='ocrx_word' id='word_1_581' title='bbox 193 4647 381 4721; x_wconf 82' lang='lat' dir='ltr'><strong>imperatoris</strong></span> <span class='ocrx_word' id='word_1_582' title='bbox 396 4647 523 4703; x_wconf 90' lang='lat' dir='ltr'><strong>Heinrici</strong></span> <span class='ocrx_word' id='word_1_583' title='bbox 544 4649 737 4705; x_wconf 89' lang='lat' dir='ltr'><strong>antecessoris</strong></span> <span class='ocrx_word' id='word_1_584' title='bbox 752 4650 917 4707; x_wconf 79' lang='lat' dir='ltr'><strong>chuonradi</strong></span> <span class='ocrx_word' id='word_1_585' title='bbox 935 4653 1022 4727; x_wconf 88' lang='lat' dir='ltr'><strong>regis,</strong></span> <span class='ocrx_word' id='word_1_586' title='bbox 1079 4652 1360 4728; x_wconf 82' lang='lat' dir='ltr'><strong>regnuminvitavit‚</strong></span> <span class='ocrx_word' id='word_1_587' title='bbox 1377 4654 1884 4729; x_wconf 61' lang='lat' dir='ltr'><strong>eumquepustvitamsuamm</strong></span> <span class='ocrx_word' id='word_1_588' title='bbox 1934 4644 1938 4651; x_wconf 49' lang='lat'>¹</span> 
     </span>
     <span class='ocr_line' id='line_1_50' title="bbox 191 4734 1938 4819; baseline 0.005 -27"><span class='ocrx_word' id='word_1_589' title='bbox 191 4741 225 4792; x_wconf 91' lang='lat' dir='ltr'><strong>ut</strong></span> <span class='ocrx_word' id='word_1_590' title='bbox 239 4754 304 4794; x_wconf 89' lang='lat' dir='ltr'><strong>mus</strong></span> <span class='ocrx_word' id='word_1_591' title='bbox 321 4741 365 4793; x_wconf 89' lang='lat' dir='ltr'><strong>cst</strong></span> <span class='ocrx_word' id='word_1_592' title='bbox 379 4736 535 4792; x_wconf 88' lang='lat' dir='ltr'><strong>huminum</strong></span> <span class='ocrx_word' id='word_1_593' title='bbox 552 4754 669 4809; x_wconf 87' lang='lat' dir='ltr'><strong>semper</strong></span> <span class='ocrx_word' id='word_1_594' title='bbox 683 4737 712 4793; x_wconf 91' lang='lat' dir='ltr'><strong>in</strong></span> <span class='ocrx_word' id='word_1_595' title='bbox 725 4738 809 4794; x_wconf 88' lang='lat' dir='ltr'><strong>novis</strong></span> <span class='ocrx_word' id='word_1_596' title='bbox 820 4741 908 4796; x_wconf 90' lang='lat' dir='ltr'><strong>rebus</strong></span> <span class='ocrx_word' id='word_1_597' title='bbox 922 4741 1025 4799; x_wconf 86' lang='lat' dir='ltr'><strong>intem·</strong></span> <span class='ocrx_word' id='word_1_598' title='bbox 1080 4742 1255 4815; x_wconf 78' lang='lat' dir='ltr'><strong>Burgundio</strong></span> <span class='ocrx_word' id='word_1_599' title='bbox 1269 4740 1440 4814; x_wconf 87' lang='lat' dir='ltr'><strong>designavit.</strong></span> <span class='ocrx_word' id='word_1_600' title='bbox 1453 4744 1482 4812; x_wconf 75' lang='lat' dir='ltr'><strong>et</strong></span> <span class='ocrx_word' id='word_1_601' title='bbox 1491 4741 1643 4816; x_wconf 84' lang='lat' dir='ltr'><strong>principes</strong></span> <span class='ocrx_word' id='word_1_602' title='bbox 1654 4734 1884 4819; x_wconf 63' lang='lat' dir='ltr'><strong>regnijnrmffl&#39;</strong></span> <span class='ocrx_word' id='word_1_603' title='bbox 1935 4742 1938 4753; x_wconf 85' lang='lat'>&#39;</span> 
     </span>
     <span class='ocr_line' id='line_1_51' title="bbox 191 4825 1883 4909; baseline 0.007 -27"><span class='ocrx_word' id='word_1_604' title='bbox 191 4825 1022 4899; x_wconf 85' lang='lat' dir='ltr'><strong>parantursehaberc,statimPapiensesineonsultund</strong></span> <span class='ocrx_word' id='word_1_605' title='bbox 1080 4831 1155 4887; x_wconf 87' lang='lat' dir='ltr'><strong>lucit.</strong></span> <span class='ocrx_word' id='word_1_606' title='bbox 1177 4832 1219 4886; x_wconf 81' lang='lat' dir='ltr'><strong>Ad</strong></span> <span class='ocrx_word' id='word_1_607' title='bbox 1250 4846 1339 4902; x_wconf 91' lang='lat' dir='ltr'><strong>quam</strong></span> <span class='ocrx_word' id='word_1_608' title='bbox 1368 4846 1428 4886; x_wconf 88' lang='lat' dir='ltr'><strong>rem</strong></span> <span class='ocrx_word' id='word_1_609' title='bbox 1456 4832 1727 4891; x_wconf 87' lang='lat' dir='ltr'><strong>cemmendandam</strong></span> <span class='ocrx_word' id='word_1_610' title='bbox 1754 4833 1883 4909; x_wconf 66' lang='lat' dir='ltr'><strong>imputa</strong></span> 
     </span>
     <span class='ocr_line' id='line_1_52' title="bbox 190 4913 1883 4997; baseline 0.008 -29"><span class='ocrx_word' id='word_1_611' title='bbox 190 4913 338 4973; x_wconf 88' lang='lat' dir='ltr'><strong>imbellem</strong></span> <span class='ocrx_word' id='word_1_612' title='bbox 355 4915 452 4973; x_wconf 90' lang='lat' dir='ltr'><strong>aulam</strong></span> <span class='ocrx_word' id='word_1_613' title='bbox 471 4919 599 4970; x_wconf 85' lang='lat' dir='ltr'><strong>ruentes.</strong></span> <span class='ocrx_word' id='word_1_614' title='bbox 1077 4919 1231 4977; x_wconf 88' lang='lat' dir='ltr'><strong>Heinricus</strong></span> <span class='ocrx_word' id='word_1_615' title='bbox 1257 4917 1403 4974; x_wconf 85' lang='lat' dir='ltr'><strong>infinitam</strong></span> <span class='ocrx_word' id='word_1_616' title='bbox 1419 4918 1574 4991; x_wconf 88' lang='lat' dir='ltr'><strong>pecuniam</strong></span> <span class='ocrx_word' id='word_1_617' title='bbox 1590 4937 1671 4995; x_wconf 78' lang='lat' dir='ltr'><strong>saepe</strong></span> <span class='ocrx_word' id='word_1_618' title='bbox 1694 4927 1726 4980; x_wconf 82' lang='lat' dir='ltr'><strong>et</strong></span> <span class='ocrx_word' id='word_1_619' title='bbox 1745 4917 1883 4997; x_wconf 54' lang='lat' dir='ltr'><strong>sapisti!</strong></span> 
     </span>
     <span class='ocr_line' id='line_1_53' title="bbox 223 5000 1938 5087; baseline 0.008 -29"><span class='ocrx_word' id='word_1_620' title='bbox 223 5005 353 5062; x_wconf 82' lang='lat' dir='ltr'><strong>Ausibus</strong></span> <span class='ocrx_word' id='word_1_621' title='bbox 370 5004 480 5061; x_wconf 85' lang='lat' dir='ltr'><strong>illicitis</strong></span> <span class='ocrx_word' id='word_1_622' title='bbox 496 5006 645 5077; x_wconf 83' lang='lat' dir='ltr'><strong>fregerunt</strong></span> <span class='ocrx_word' id='word_1_623' title='bbox 660 5005 768 5061; x_wconf 85' lang='lat' dir='ltr'><strong>moenia</strong></span> <span class='ocrx_word' id='word_1_624' title='bbox 784 5006 871 5080; x_wconf 89' lang='lat' dir='ltr'><strong>regis.</strong></span> <span class='ocrx_word' id='word_1_625' title='bbox 1076 5007 1270 5083; x_wconf 89' lang='lat' dir='ltr'><strong>consumpsit,</strong></span> <span class='ocrx_word' id='word_1_626' title='bbox 1283 5008 1333 5065; x_wconf 90' lang='lat' dir='ltr'><strong>sed</strong></span> <span class='ocrx_word' id='word_1_627' title='bbox 1351 5007 1487 5067; x_wconf 80' lang='lat' dir='ltr'><strong>defunctu</strong></span> <span class='ocrx_word' id='word_1_628' title='bbox 1498 5004 1881 5087; x_wconf 64' lang='lat' dir='ltr'><strong>imperatorettainacatr</strong></span> <span class='ocrx_word' id='word_1_629' title='bbox 1935 5000 1938 5005; x_wconf 41' lang='lat'>¹</span> 
     </span>
     <span class='ocr_line' id='line_1_54' title="bbox 189 5092 1880 5172; baseline 0.005 -28"><span class='ocrx_word' id='word_1_630' title='bbox 189 5093 342 5164; x_wconf 90' lang='lat' dir='ltr'><strong>totumque</strong></span> <span class='ocrx_word' id='word_1_631' title='bbox 359 5092 500 5166; x_wconf 88' lang='lat' dir='ltr'><strong>palatium</strong></span> <span class='ocrx_word' id='word_1_632' title='bbox 518 5110 612 5165; x_wconf 81' lang='lat' dir='ltr'><strong>usqne</strong></span> <span class='ocrx_word' id='word_1_633' title='bbox 624 5094 659 5148; x_wconf 90' lang='lat' dir='ltr'><strong>ad</strong></span> <span class='ocrx_word' id='word_1_634' title='bbox 671 5093 764 5149; x_wconf 84' lang='lat' dir='ltr'><strong>inrum</strong></span> <span class='ocrx_word' id='word_1_635' title='bbox 777 5095 963 5153; x_wconf 79' lang='lat' dir='ltr'><strong>fundamenti</strong></span> <span class='ocrx_word' id='word_1_636' title='bbox 976 5098 1018 5155; x_wconf 91' lang='lat' dir='ltr'><strong>la·</strong></span> <span class='ocrx_word' id='word_1_637' title='bbox 1074 5098 1202 5172; x_wconf 88' lang='lat' dir='ltr'><strong>delphus</strong></span> <span class='ocrx_word' id='word_1_638' title='bbox 1212 5115 1262 5155; x_wconf 80' lang='lat' dir='ltr'><strong>rex</strong></span> <span class='ocrx_word' id='word_1_639' title='bbox 1273 5097 1420 5170; x_wconf 88' lang='lat' dir='ltr'><strong>promissa</strong></span> <span class='ocrx_word' id='word_1_640' title='bbox 1432 5113 1487 5153; x_wconf 87' lang='lat' dir='ltr'><strong>sua</strong></span> <span class='ocrx_word' id='word_1_641' title='bbox 1500 5097 1584 5155; x_wconf 86' lang='lat' dir='ltr'><strong>irrite</strong></span> <span class='ocrx_word' id='word_1_642' title='bbox 1598 5099 1666 5160; x_wconf 76' lang='lat' dir='ltr'><strong>lieri</strong></span> <span class='ocrx_word' id='word_1_643' title='bbox 1680 5097 1880 5159; x_wconf 71' lang='lat' dir='ltr'><strong>veluitffivau</strong></span> 
     </span>
     <span class='ocr_line' id='line_1_55' title="bbox 189 5177 1880 5263; baseline 0.009 -32"><span class='ocrx_word' id='word_1_644' title='bbox 189 5177 286 5248; x_wconf 88' lang='lat' dir='ltr'><strong>pidem</strong></span> <span class='ocrx_word' id='word_1_645' title='bbox 301 5182 452 5252; x_wconf 87' lang='lat' dir='ltr'><strong>eruebant,</strong></span> <span class='ocrx_word' id='word_1_646' title='bbox 462 5199 497 5238; x_wconf 90' lang='lat' dir='ltr'><strong>ne</strong></span> <span class='ocrx_word' id='word_1_647' title='bbox 514 5183 672 5255; x_wconf 86' lang='lat' dir='ltr'><strong>quisquam</strong></span> <span class='ocrx_word' id='word_1_648' title='bbox 689 5199 790 5255; x_wconf 86' lang='lat' dir='ltr'><strong>regum</strong></span> <span class='ocrx_word' id='word_1_649' title='bbox 807 5183 1018 5244; x_wconf 85' lang='lat' dir='ltr'><strong>ulteriusiasra</strong></span> <span class='ocrx_word' id='word_1_650' title='bbox 1073 5189 1162 5245; x_wconf 89' lang='lat' dir='ltr'><strong>radus</strong></span> <span class='ocrx_word' id='word_1_651' title='bbox 1177 5192 1276 5244; x_wconf 88' lang='lat' dir='ltr'><strong>autem</strong></span> <span class='ocrx_word' id='word_1_652' title='bbox 1301 5203 1350 5242; x_wconf 85' lang='lat' dir='ltr'><strong>rex</strong></span> <span class='ocrx_word' id='word_1_653' title='bbox 1371 5186 1584 5263; x_wconf 82' lang='lat' dir='ltr'><strong>magiaaugerc</strong></span> <span class='ocrx_word' id='word_1_654' title='bbox 1601 5204 1693 5263; x_wconf 85' lang='lat' dir='ltr'><strong>quam</strong></span> <span class='ocrx_word' id='word_1_655' title='bbox 1717 5188 1880 5249; x_wconf 65' lang='lat' dir='ltr'><strong>munna</strong></span> 
     </span>
     <span class='ocr_line' id='line_1_56' title="bbox 187 5265 1880 5351; baseline 0.008 -32"><span class='ocrx_word' id='word_1_656' title='bbox 187 5265 332 5323; x_wconf 82' lang='lat' dir='ltr'><strong>civitatem</strong></span> <span class='ocrx_word' id='word_1_657' title='bbox 344 5268 424 5324; x_wconf 88' lang='lat' dir='ltr'><strong>illarn</strong></span> <span class='ocrx_word' id='word_1_658' title='bbox 436 5271 578 5342; x_wconf 89' lang='lat' dir='ltr'><strong>palatium</strong></span> <span class='ocrx_word' id='word_1_659' title='bbox 587 5288 694 5343; x_wconf 87' lang='lat' dir='ltr'><strong>ponere</strong></span> <span class='ocrx_word' id='word_1_660' title='bbox 703 5270 887 5329; x_wconf 84' lang='lat' dir='ltr'><strong>decrevisset.</strong></span> <span class='ocrx_word' id='word_1_661' title='bbox 898 5275 937 5330; x_wconf 82' lang='lat' dir='ltr'><strong>Ex</strong></span> <span class='ocrx_word' id='word_1_662' title='bbox 948 5293 1016 5348; x_wconf 91' lang='lat' dir='ltr'><strong>qua.</strong></span> <span class='ocrx_word' id='word_1_663' title='bbox 1071 5294 1166 5351; x_wconf 90' lang='lat' dir='ltr'><strong>gnum</strong></span> <span class='ocrx_word' id='word_1_664' title='bbox 1184 5276 1327 5341; x_wconf 87' lang='lat' dir='ltr'><strong>intentus,</strong></span> <span class='ocrx_word' id='word_1_665' title='bbox 1340 5274 1535 5333; x_wconf 87' lang='lat' dir='ltr'><strong>antecessoris</strong></span> <span class='ocrx_word' id='word_1_666' title='bbox 1548 5274 1597 5332; x_wconf 85' lang='lat' dir='ltr'><strong>sui</strong></span> <span class='ocrx_word' id='word_1_667' title='bbox 1609 5275 1732 5339; x_wconf 79' lang='lat' dir='ltr'><strong>labores</strong></span> <span class='ocrx_word' id='word_1_668' title='bbox 1743 5282 1880 5335; x_wconf 64' lang='lat' dir='ltr'><strong>micuit</strong></span> 
     </span>
     <span class='ocr_line' id='line_1_57' title="bbox 186 5353 1876 5439; baseline 0.009 -28"><span class='ocrx_word' id='word_1_669' title='bbox 186 5353 309 5411; x_wconf 87' lang='lat' dir='ltr'><strong>audacia</strong></span> <span class='ocrx_word' id='word_1_670' title='bbox 319 5357 369 5411; x_wconf 93' lang='lat' dir='ltr'><strong>diu</strong></span> <span class='ocrx_word' id='word_1_671' title='bbox 381 5374 488 5428; x_wconf 82' lang='lat' dir='ltr'><strong>magna</strong></span> <span class='ocrx_word' id='word_1_672' title='bbox 499 5360 695 5416; x_wconf 86' lang='lat' dir='ltr'><strong>controversia</strong></span> <span class='ocrx_word' id='word_1_673' title='bbox 712 5361 899 5434; x_wconf 86' lang='lat' dir='ltr'><strong>interregem</strong></span> <span class='ocrx_word' id='word_1_674' title='bbox 916 5368 945 5420; x_wconf 89' lang='lat' dir='ltr'><strong>et</strong></span> <span class='ocrx_word' id='word_1_675' title='bbox 961 5365 1012 5421; x_wconf 89' lang='lat' dir='ltr'><strong>Pa·</strong></span> <span class='ocrx_word' id='word_1_676' title='bbox 1069 5365 1144 5433; x_wconf 89' lang='lat' dir='ltr'><strong>lens,</strong></span> <span class='ocrx_word' id='word_1_677' title='bbox 1156 5365 1301 5422; x_wconf 90' lang='lat' dir='ltr'><strong>Basileam</strong></span> <span class='ocrx_word' id='word_1_678' title='bbox 1321 5363 1378 5420; x_wconf 88' lang='lat' dir='ltr'><strong>sibi</strong></span> <span class='ocrx_word' id='word_1_679' title='bbox 1394 5363 1572 5439; x_wconf 79' lang='lat' dir='ltr'><strong>subjugavit,</strong></span> <span class='ocrx_word' id='word_1_680' title='bbox 1588 5370 1623 5422; x_wconf 91' lang='lat' dir='ltr'><strong>nt</strong></span> <span class='ocrx_word' id='word_1_681' title='bbox 1647 5362 1876 5437; x_wconf 73' lang='lat' dir='ltr'><strong>animadvertunt.</strong></span> 
     </span>
     <span class='ocr_line' id='line_1_58' title="bbox 186 5441 1880 5526; baseline 0.01 -28"><span class='ocrx_word' id='word_1_682' title='bbox 186 5441 303 5517; x_wconf 81' lang='lat' dir='ltr'><strong>pienses</strong></span> <span class='ocrx_word' id='word_1_683' title='bbox 313 5444 414 5500; x_wconf 89' lang='lat' dir='ltr'><strong>habita</strong></span> <span class='ocrx_word' id='word_1_684' title='bbox 424 5449 477 5502; x_wconf 90' lang='lat' dir='ltr'><strong>cst.</strong></span> <span class='ocrx_word' id='word_1_685' title='bbox 490 5447 795 5521; x_wconf 89' lang='lat' dir='ltr'><strong>DicebantPapienscs</strong></span> <span class='ocrx_word' id='word_1_686' title='bbox 806 5467 812 5504; x_wconf 93' lang='lat'>:</span> <span class='ocrx_word' id='word_1_687' title='bbox 825 5451 915 5515; x_wconf 85' lang='lat' dir='ltr'><strong>Quem</strong></span> <span class='ocrx_word' id='word_1_688' title='bbox 926 5453 1014 5511; x_wconf 80' lang='lat' dir='ltr'><strong>ullen-</strong></span> <span class='ocrx_word' id='word_1_689' title='bbox 1069 5471 1106 5509; x_wconf 91' lang='lat' dir='ltr'><strong>an</strong></span> <span class='ocrx_word' id='word_1_690' title='bbox 1120 5471 1171 5510; x_wconf 86' lang='lat' dir='ltr'><strong>rex</strong></span> <span class='ocrx_word' id='word_1_691' title='bbox 1182 5451 1357 5526; x_wconf 80' lang='lat' dir='ltr'><strong>liudulphus</strong></span> <span class='ocrx_word' id='word_1_692' title='bbox 1368 5452 1515 5526; x_wconf 85' lang='lat' dir='ltr'><strong>promissa</strong></span> <span class='ocrx_word' id='word_1_693' title='bbox 1527 5454 1703 5517; x_wconf 74' lang='lat' dir='ltr'><strong>attenderet.</strong></span> <span class='ocrx_word' id='word_1_694' title='bbox 1716 5451 1880 5526; x_wconf 58' lang='lat' dir='ltr'><strong>armante·</strong></span> 
     </span>
     <span class='ocr_line' id='line_1_59' title="bbox 185 5532 1878 5621; baseline 0.006 -32"><span class='ocrx_word' id='word_1_695' title='bbox 185 5532 1010 5614; x_wconf 83' lang='lat' dir='ltr'><strong>dimus‘limperatorinustrofidumetlrunoremusquead</strong></span> <span class='ocrx_word' id='word_1_696' title='bbox 1067 5542 1165 5600; x_wconf 87' lang='lat' dir='ltr'><strong>Gisela</strong></span> <span class='ocrx_word' id='word_1_697' title='bbox 1188 5539 1377 5616; x_wconf 69' lang='lat' dir='ltr'><strong>raginaidis</strong></span> <span class='ocrx_word' id='word_1_698' title='bbox 1399 5541 1508 5600; x_wconf 87' lang='lat' dir='ltr'><strong>sororis</strong></span> <span class='ocrx_word' id='word_1_699' title='bbox 1533 5542 1631 5617; x_wconf 88' lang='lat' dir='ltr'><strong>ipsius</strong></span> <span class='ocrx_word' id='word_1_700' title='bbox 1646 5545 1725 5621; x_wconf 81' lang='lat' dir='ltr'><strong>rugis</strong></span> <span class='ocrx_word' id='word_1_701' title='bbox 1742 5532 1878 5614; x_wconf 66' lang='lat' dir='ltr'><strong>Rudclpbl’</strong></span> 
     </span>
     <span class='ocr_line' id='line_1_60' title="bbox 174 5621 1324 5721; baseline 0.005 -40"><span class='ocrx_word' id='word_1_702' title='bbox 174 5692 175 5695; x_wconf 7' lang='grc' dir='ltr'><strong>Ἴ</strong></span> <span class='ocrx_word' id='word_1_703' title='bbox 183 5621 344 5721; x_wconf 57' lang='lat' dir='ltr'><strong>germinum</strong></span> <span class='ocrx_word' id='word_1_704' title='bbox 354 5623 419 5682; x_wconf 80' lang='lat' dir='ltr'><strong>vitae</strong></span> <span class='ocrx_word' id='word_1_705' title='bbox 435 5639 494 5684; x_wconf 79' lang='lat' dir='ltr'><strong>suae</strong></span> <span class='ocrx_word' id='word_1_706' title='bbox 509 5624 703 5700; x_wconf 84' lang='lat' dir='ltr'><strong>servavimus;</strong></span> <span class='ocrx_word' id='word_1_707' title='bbox 718 5644 776 5704; x_wconf 92' lang='lat' dir='ltr'><strong>quo</strong></span> <span class='ocrx_word' id='word_1_708' title='bbox 787 5628 1009 5701; x_wconf 75' lang='lat' dir='ltr'><strong>desunctamm</strong></span> <span class='ocrx_word' id='word_1_709' title='bbox 1065 5632 1137 5691; x_wconf 88' lang='lat' dir='ltr'><strong>benc</strong></span> <span class='ocrx_word' id='word_1_710' title='bbox 1152 5629 1324 5708; x_wconf 81' lang='lat' dir='ltr'><strong>pacificavit.</strong></span> 
     </span>
    </p>
   </div>
   <div class='ocr_carea' id='block_1_11' title="bbox 0 0 1946 6084">
    <p class='ocr_par' dir='ltr' id='par_1_12' title="bbox 0 0 1946 6084">
     <span class='ocr_line' id='line_1_61' title="bbox 0 0 1946 6084; baseline 0 5"><span class='ocrx_word' id='word_1_711' title='bbox 0 0 1946 6084; x_wconf 95' lang='lat' dir='ltr'><strong> </strong></span> 
     </span>
    </p>
   </div>
  </div>
 </body>
</html>
