3884 6084
181 281 242 344 2³9
633 284 666 345 S.
688 283 889 347 DRUNONIS
912 283 1223 346 transtrotudsts
1245 283 1435 345 uutscort.
1828 279 1890 342 ssd

183 414 757 475 rideatPerDominumnostrumtcsum
773 415 932 486 Christum,
949 421 1003 476 stc.
1021 417 1048 485 Α
1098 415 1319 472 CCousuctudo
1329 412 1669 488 peccantiumest,utqui
1681 411 1784 470 dolum
1796 413 1891 487 parati

460 520 625 579 pspgqqgg
643 522 734 580 quqq·
1063 504 1214 561 hominem
1228 521 1259 561 se
1274 508 1356 577 putet
1370 503 1470 561 fallere
1485 520 1581 576 posse,
1598 503 1640 561 sic
1653 503 1746 561 iudai
1762 503 1890 573 contbsi,

395 608 596 651 assumamus
616 611 695 651 esan.
719 613 795 651 amu.
1063 593 1213 650 Christum
1224 594 1428 649 tantummodo
1443 592 1592 650 hominem
1604 591 1893 666 putantes,maligni·

217 688 239 742 c
254 683 387 743 Christus
401 699 453 757 per
466 686 561 742 totum
575 683 655 740 hunc
670 683 862 757 psalmumdc
878 701 931 742 sua
940 701 1011 757 pas·
1063 685 1154 739 tatem
1168 699 1253 738 suum
1271 698 1329 737 non
1345 681 1503 738 credebant
1517 680 1637 756 agnosci
1648 681 1684 738 ab
1699 679 1892 750 illo,cuicun·

183 774 265 831 sione
277 772 417 846 loquitur.
1064 775 1111 828 cta
1126 773 1236 844 patent.
1563 763 1570 774 ⁸

369 861 430 919 ΤΤ.
451 862 483 918 ln
496 862 715 935 tacmpsatmas
729 862 826 919 Dauid.
1081 862 1099 915 6
1135 861 1257 916 scrutati
1270 865 1334 915 sant
1348 861 1531 933 iniquitates:

218 954 238 1006 G
254 950 343 1008 Tituli
358 950 449 1023 hujus
472 951 564 1008 verba
575 952 663 1024 (sicut
677 969 753 1026 saepe
774 952 953 1024 dictumest)
965 969 1009 1008 re·
1135 952 1296 1021 Defecerant
1309 958 1462 1005 scrutantes
1477 950 1625 1007 scrutinio.

182 1039 316 1096 feruntur
343 1039 380 1095 ad
408 1038 568 1097 Dominum
596 1039 756 1109 Christum,
771 1041 823 1114 qui
849 1058 901 1115 per
915 1046 1010 1098 totum
1101 1038 1263 1095 CScrutati
1279 1041 1350 1094 sunt
1363 1039 1457 1095 tudaei
1480 1038 1673 1111 iniquitates:
1690 1056 1764 1112 quas
1791 1040 1895 1113 utique

181 1117 330 1203 psalmum
353 1127 470 1185 locutus
485 1131 540 1197 εει,
556 1131 608 1203 qui
631 1134 730 1187 sextus
746 1148 810 1187 esse
825 1129 1011 1204 cognoscitur
1065 1128 1288 1202 praetermittere
1302 1127 1484 1196 debuissent,
1496 1127 1567 1183 dum
1583 1127 1699 1184 nultum
1709 1129 1749 1184 ibi
1764 1129 1893 1186 fructum

180 1216 287 1276 horum
306 1216 357 1291 qui
371 1216 540 1291 passionem
558 1219 861 1294 resurrectionemque
881 1218 1012 1276 Domini·
1066 1233 1125 1273 sua
1146 1214 1250 1272 salutis
1272 1219 1408 1288 poterant
1431 1216 1570 1273 invenire.
1587 1216 1729 1274 Dixarunt
1743 1218 1824 1274 euim
1840 1236 1847 1274 :
1863 1219 1894 1275 Si

181 1320 246 1365 cam
262 1305 531 1364 breviravciaticne
546 1307 730 1382 contingunt.
1066 1304 1244 1360 dimittimus
1257 1320 1325 1360 cum
1341 1304 1382 1360 sic
1396 1304 1484 1376 (toan.
1500 1305 1551 1377 m),
1566 1304 1684 1361 venient
1699 1304 1894 1374 Romani,stc.

198 1396 212 1454 t
251 1394 372 1463 Exaudi,
386 1382 469 1465 Deus,
480 1398 633 1454 orationem
646 1413 736 1454 ewam
747 1413 811 1454 cum
824 1398 952 1472 deprecor
966 1415 972 1453 :
1066 1393 1256 1450 Defecerant:
1275 1393 1345 1466 quia
1360 1408 1477 1466 semper
1490 1393 1520 1450 in
1543 1392 1718 1468 cogitatione
1741 1393 1896 1463 deliciunt,

252 1484 273 1541 A
288 1484 387 1542 timore
400 1486 510 1542 inimici
523 1486 599 1559 cripe
611 1488 735 1543 animam
749 1504 849 1544 meam.
1067 1482 1117 1555 qui
1133 1482 1169 1538 ad
1185 1499 1231 1538 res
1246 1480 1391 1555 pessimas
1406 1481 1557 1555 pervenire
1571 1482 1766 1541 contendunt.

217 1570 370 1646 GApsrte
382 1573 579 1632 humanitatis
594 1580 755 1650 assumptae
770 1575 940 1650 postulabat
954 1580 1011 1633 Do·
1082 1574 1101 1626 7
1137 1570 1256 1629 Accedet
1269 1569 1348 1628 tmmc
1360 1571 1396 1626 ad
1407 1587 1455 1628 cor
1467 1571 1556 1628 attam
1570 1589 1579 1627 :

181 1654 284 1720 miuus
296 1661 440 1731 Christus,
452 1667 485 1720 ut
508 1664 573 1737 ejus
587 1665 760 1722 exaudiatur
774 1667 877 1733 oratio,
894 1665 1011 1739 quando
1136 1662 1170 1716 lit
1184 1661 1352 1716 cecitatitur
1365 1662 1447 1716 Deus.

178 1751 251 1808 ¹totis
266 1751 378 1809 dubus
392 1752 511 1825 petitur,
529 1754 607 1826 quod
631 1756 769 1828 prodesse
785 1755 920 1812 sentitur.
934 1757 960 1812 Α
974 1755 1010 1811 ti·
1088 1751 1105 1804 8
1141 1750 1260 1820 Scottis
1272 1751 1452 1821 paruulorum
1465 1752 1547 1820 scete
1561 1751 1625 1807 sum
1636 1751 1731 1824 pthae
1741 1768 1838 1810 soram
1853 1773 1863 1809 .-

182 1856 262 1897 mcre
276 1839 399 1909 inimici,
416 1840 445 1898 ld
460 1845 505 1898 est
517 1841 700 1912 iudicasset
715 1842 842 1902 diaboli:
852 1861 922 1901 auos
939 1843 1007 1900 fide·
1140 1839 1174 1893 Et
1188 1840 1337 1910 icfimtctae
1351 1843 1416 1895 suat
1430 1848 1525 1897 contra
1539 1856 1583 1897 ecs
1596 1840 1701 1912 ltaque
1714 1857 1821 1900 coram.

180 1928 223 1986 les
238 1928 311 2002 eripi
325 1929 502 2003 postulabat.
1078 1929 1096 1982 9
1134 1929 1295 1985 Contactati
1307 1933 1372 1984 suat
1385 1945 1477 1986 omnes
1492 1931 1541 2002 qai
1554 1930 1683 1987 uidebant
1696 1947 1746 1989 cos
1762 1950 1772 1987 .·

197 2021 216 2073 2
253 2020 404 2076 Proteaisti
416 2037 460 2078 me
475 2038 492 2077 a
506 2026 640 2079 convecta
649 2023 863 2096 ctatiqncctiam
879 2041 885 2079 :
1132 2018 1165 2073 Et
1179 2019 1273 2074 timuit
1287 2020 1376 2075 omnis
1391 2018 1479 2076 boum.

250 2110 271 2165 Α
286 2109 464 2186 multitudine
477 2114 649 2183 operantium
664 2114 850 2186 iniquitatem.
1064 2109 1098 2162 10
1133 2109 1166 2163 Et
1180 2109 1415 2164 accaritiavcmnt
1430 2124 1512 2180 opera
1526 2110 1580 2166 Dci
1594 2128 1604 2165 .·

216 2197 398 2256 GPromctus
409 2204 455 2257 εει
469 2197 584 2272 planca
598 2205 740 2257 conventu
756 2202 771 2259 J
775 2202 1009 2275 udeorum,quia
1133 2199 1167 2253 Et
1179 2199 1254 2268 facta
1267 2198 1326 2269 ejas
1342 2199 1547 2254 intellexerant.

181 2286 253 2344 dum
265 2286 308 2343 illi
324 2302 393 2345 sum
407 2288 558 2345 crederent
573 2290 769 2347 communiter
783 2290 869 2360 mori,
884 2291 948 2363 ejus
964 2307 1008 2347 re·
1099 2285 1185 2342 GCor
1199 2284 1279 2345 enim
1294 2284 1653 2360 altumesttunc,quaudo
1664 2287 1754 2346 homo
1765 2288 1896 2348 coelestia

182 2374 372 2435 surrectionis
385 2375 480 2451 gloria
498 2377 661 2451 probantur
675 2396 740 2437 esse
753 2379 877 2437 confusi.
895 2380 1008 2436 Protcc-
1063 2373 1172 2448 cogitat
1186 2378 1215 2431 et
1229 2379 1345 2432 terrena
1359 2376 1477 2432 devitat.
1493 2379 1551 2433 Iste
1566 2393 1625 2433 non
1640 2376 1738 2434 delicit
1751 2378 1832 2436 sicut
1846 2377 1894 2437 illa

180 2465 412 2538 incestitaqua,
429 2467 500 2540 quia
514 2466 711 2541 malignorum
728 2467 851 2525 insidias
873 2467 1009 2542 potentie
1064 2463 1115 2536 qui
1144 2464 1330 2521 scrutabatur
1353 2464 1506 2535 scrutinio,
1537 2466 1588 2523 sed
1614 2467 1710 2541 magia
1738 2464 1893 2542 magisque

182 2570 242 2612 sue
255 2555 362 2613 virtuts
376 2556 560 2629 superstitit
569 2556 758 2615 multitudine
772 2556 895 2626 dixitur
910 2561 1008 2615 actum
1064 2554 1178 2622 crescit,
1196 2552 1265 2626 quia
1279 2553 1310 2609 in
1335 2555 1399 2627 ejus
1424 2556 1510 2612 corde
1530 2554 1706 2629 exaltabitur
1729 2554 1819 2627 Deus,
1835 2570 1893 2613 non

181 2643 356 2717 exprimeret
368 2643 526 2718 passionis,
549 2647 685 2720 superius
707 2647 787 2704 enim
812 2646 918 2703 dixita
943 2664 1010 2703 con·
1064 2642 1094 2699 in
1110 2660 1151 2701 se.
1170 2644 1247 2700 Deus
1262 2644 1340 2700 enim
1368 2645 1399 2700 in
1423 2660 1457 2702 eo
1472 2644 1650 2719 grandescit,
1672 2646 1723 2720 qui
1739 2645 1894 2704 sanctitate

182 2737 271 2790 ventu
281 2732 601 2809 malignantium,quod
613 2736 649 2792 ad
659 2735 781 2792 consilia
793 2740 890 2809 potest
898 2736 1009 2804 referri,
1064 2731 1178 2789 crescit.

181 2818 237 2878 boc
252 2823 352 2879 autem
361 2821 398 2879 ad
409 2827 508 2881 actum
520 2824 700 2893 eorum,ideo
710 2825 783 2881 dixit
799 2842 805 2881 :
819 2825 1009 2898 Operantium
1099 2825 1120 2877 C
1135 2821 1324 2879 Parvulorum
1342 2821 1454 2897 sagitte
1471 2841 1478 2880 :
1496 2823 1595 2881 inania
1608 2822 1667 2882 tela
1679 2828 1761 2891 sunt,
1771 2823 1824 2897 qui
1834 2827 1896 2881 stu-

182 2909 380 2984 iniquitatam.
1065 2911 1113 2968 dio
1128 2911 1249 2969 ludendi
1264 2911 1382 2985 fragiles
1397 2929 1507 2970 cannas
1517 2913 1617 2985 jacere
1632 2917 1849 2972 consueverunt
1864 2906 1894 2971 in

198 3001 217 3057 3
254 3001 324 3070 Qaic
337 3009 505 3059 exacuerant
517 3010 548 3058 ot
561 3001 686 3073 qtadiam
701 3003 882 3074 linqucssaas
898 3021 905 3060 ι
1065 3001 1187 3057 modum
1203 3001 1388 3075 sagittarum.
1404 3001 1452 3059 Sic
1472 3001 1641 3059 iudeorum
1666 3006 1735 3060 vota
1750 3001 1894 3060 inefficaci

251 3088 430 3149 Inundarunt
452 3107 547 3147 araim
565 3106 764 3147 rememorem
789 3100 820 3148 at
837 3094 967 3163 saqittcut
981 3094 1010 3148 iri
1065 3090 1247 3164 malignitate
1276 3090 1459 3148 saevissima:
1484 3109 1542 3148 non
1565 3091 1729 3149 intulerunt
1753 3092 1892 3162 flendam,

287 3181 397 3237 coeattrs
411 3180 632 3237 immacalatam.
1021 3166 1043 3234 C
1063 3184 1198 3250 mortem,
1206 3180 1256 3236 scd
1264 3178 1508 3252 gloriosissimam
1518 3181 1724 3253 passionem.H
1736 3182 1893 3253 Infirmata

215 3267 316 3325 ctam
332 3268 465 3325 redditur
480 3286 579 3336 causa,
597 3286 649 3326 cur
663 3275 813 3343 protectus
827 3270 865 3326 sit
885 3272 922 3327 ab
938 3288 1007 3344 ope·
1063 3274 1134 3326 sunt
1147 3268 1339 3343 linguae,quia
1350 3268 1461 3326 nullam
1473 3270 1551 3343 cepit
1560 3269 1753 3328 stabilitatem
1765 3269 1892 3328 elocutio

181 3355 316 3412 rantibus
324 3355 592 3428 iniquitatsmmam
604 3362 749 3430 quantum
760 3358 801 3414 illi
810 3359 926 3433 linguas
938 3377 1008 3417 suas
1062 3359 1229 3424 eorum,sed
1245 3358 1330 3415 dolus
1345 3375 1447 3439 eorum
1462 3358 1589 3416 reddidit
1602 3375 1653 3417 eos
1671 3358 1819 3419 infirmos.

180 3443 260 3501 velut
274 3445 457 3503 mortiferum
480 3443 612 3519 gladium
627 3452 812 3515 exacuerant,
829 3452 944 3505 tantum
960 3465 1008 3506 ec·
1098 3448 1301 3504 cconturbati
1332 3452 1402 3504 sunt
1430 3465 1465 3503 ex
1490 3447 1548 3505 illis
1577 3449 1891 3524 quidamcredentes,

181 3548 248 3592 rum
263 3531 405 3606 iniquitas
418 3534 617 3607 frangebatur,
633 3539 661 3590 et
680 3534 722 3591 eis
747 3535 842 3610 magis
865 3539 1008 3595 nocebant
1062 3537 1179 3610 quando
1189 3540 1331 3593 venerunt
1344 3541 1373 3593 ει
1388 3537 1569 3594 discruutud
1581 3536 1729 3611 apostcia's
1745 3537 1837 3606 :Ouid
1848 3538 1893 3597 ta·

182 3637 272 3696 quam
286 3621 411 3680 cbristo.
427 3621 542 3679 Dtenim
555 3639 620 3679 mos
634 3627 679 3679 est
693 3625 887 3696 peccantium,
904 3631 937 3682 ut
953 3627 1009 3699 pri·
1061 3627 1174 3682 ciamus
1187 3625 1242 3682 viri
1253 3626 1376 3683 fratres?
1387 3627 1454 3699 (Act.
1470 3628 1514 3690 u.)
1526 3626 1560 3682 m
1569 3625 1670 3684 timuit
1679 3627 1777 3684 omnia
1790 3628 1891 3685 boma.

183 3726 267 3770 mum
283 3710 339 3770 sibi
362 3716 496 3780 noceant,
512 3712 563 3785 qui
579 3711 704 3769 alterum
719 3729 839 3786 gravare
856 3714 1005 3771 festinant.
1062 3716 1137 3771 Dicit
1151 3719 1305 3787 totumpro
1315 3715 1549 3788 parte,utomnis
1559 3714 1891 3791 intelligaturquiJudi-

181 3801 311 3876 Linguae
335 3804 522 3870 exacuerunt,
545 3802 663 3874 quando
685 3819 754 3859 voce
773 3820 831 3859 uua
845 3803 1004 3862 dixerunt:
1060 3804 1140 3860 cium
1164 3804 1281 3860 Domini
1295 3805 1427 3859 futurum
1443 3803 1742 3874 formidabatttimuit,
1758 3806 1891 3879 quiaja-

176 3890 525 3965 emumga.tutenderuut
539 3890 688 3961 arcum,id
704 3896 749 3948 est
770 3891 893 3949 insidias
908 3893 1005 3950 occul·
1060 3892 1170 3951 dicium
1183 3894 1316 3949 futurum
1332 3893 1388 3950 sibi
1404 3892 1559 3950 imminere
1574 3893 1760 3952 formidabat.

177 3981 272 4039 tas-0
287 3997 334 4037 res
357 3996 460 4038 amara
474 3983 503 4036 et
517 3980 597 4038 omni
616 3979 682 4037 telle
696 3980 832 4039 deterior.
849 3982 1003 4039 Convivam
1094 3985 1114 4038 C
1129 3982 1508 4050 aununtiaveruntscilicet
1522 3981 1644 4056 gloriam
1652 3982 1889 4052 resurrectionis,

176 4070 215 4128 ad·
228 4067 435 4144 proditionem,
450 4068 630 4143 discipulum
644 4069 681 4126 ad
692 4086 803 4140 necem,
820 4075 1004 4128 conservato·
1058 4074 1087 4128 et
1099 4071 1195 4144 priora
1210 4070 1353 4128 miracula
1368 4088 1432 4144 quae
1447 4071 1562 4129 fecitDt
1571 4071 1720 4146 factsejus
1734 4070 1890 4129 intellexa¹⁴

175 4169 237 4217 reni
252 4157 381 4233 pecunia
395 4158 514 4234 premio
529 4156 660 4232 pecunia
673 4159 765 4216 fuisse
780 4164 1003 4233 corruptum.ln
1057 4163 1137 4233 runt,
1153 4159 1264 4217 scilicet
1278 4177 1342 4218 esse
1364 4160 1473 4230 divina,
1500 4159 1569 4234 quia
1591 4158 1664 4217 talia
1682 4158 1806 4234 implere
1827 4176 1888 4219 uon

173 4247 317 4311 occultis:
334 4247 377 4306 sic
389 4246 594 4323 accipiendum
609 4250 664 4315 est,
679 4251 713 4303 ut
725 4247 819 4304 iudei
834 4251 977 4321 putarunt
993 4269 1000 4306 :
1056 4253 1170 4321 poterat
1180 4249 1311 4306 humana
1326 4248 1505 4323 fragilitasil
1521 4249 1693 4323 compuncti
1707 4249 1789 4307 enim
1797 4250 1888 4307 corda

172 4340 311 4395 astarum
336 4341 412 4395 cetu
431 4352 534 4394 eorum
558 4335 691 4394 occultus
715 4353 780 4394 esse
803 4336 918 4394 Christo
943 4355 1001 4394 non
1056 4336 1886 4412 intellexerunt,etintellectaaliisnuntiarunt,quiMum

172 4425 329 4499 potuit,qui
343 4425 511 4499 frequenter
519 4429 587 4480 ants
593 4425 749 4497 pradictus
765 4429 909 4499 estquam
920 4427 999 4483 frere.
1055 4426 1189 4500 religiose
1204 4427 1377 4483 timuerunt.

173 4512 505 4572 Immaculatidicuntur
515 4513 662 4585 etiamqui
671 4512 762 4570 abluti
780 4532 797 4571 a
811 4515 938 4587 peccatis
949 4515 998 4573 Dei
1014 4536 1037 4601 Ι)
1055 4518 1086 4571 ll
1124 4517 1276 4573 letabitur
1284 4516 1376 4588 justus
1390 4518 1420 4572 ic
1435 4517 1549 4573 Domino
1563 4525 1589 4575 et
1603 4515 1771 4592 sperabitis
1784 4532 1841 4576 cc:

172 4606 242 4660 sunt
255 4601 520 4669 misericorditem
535 4617 600 4658 vers
607 4601 815 4660 immaculatus
831 4603 911 4660 solus
920 4603 998 4660 Chri·
1123 4609 1160 4660 st
1177 4605 1365 4660 laudabantur
1379 4621 1469 4663 manes
1482 4608 1552 4663 recti
1565 4605 1654 4664 corde.

172 4697 238 4752 stus
252 4690 363 4766 estqui
378 4689 492 4748 nullam
507 4690 656 4748 maculam
672 4694 824 4749 contraxit.
1090 4694 1113 4750 H
1129 4693 1287 4751 Latabitur
1307 4695 1418 4766 justus.
1436 4694 1518 4752 Sicut
1531 4695 1611 4752 enim
1639 4694 1750 4770 impius
1766 4697 1886 4768 propter

187 4785 203 4840 t
241 4782 337 4840 Satitc
350 4779 523 4853 sagittabunt
532 4796 595 4837 cam
609 4784 636 4837 ct
648 4797 703 4837 ccc
720 4782 851 4838 liniebant
867 4800 873 4839 :
1053 4783 1254 4840 infidelitatem
1268 4783 1551 4853 suamlormidat,ita
1557 4784 1659 4858 justus
1670 4787 1792 4858 propter
1801 4797 1885 4858 spem

240 4875 435 4930 firmaverunt
446 4871 502 4929 siti
514 4885 664 4928 ammonem
677 4887 805 4943 acquam.
1053 4871 1223 4928 aternitatis
1238 4889 1298 4928 sue
1314 4872 1441 4929 exsultat
1464 4872 1494 4929 in
1510 4872 1644 4930 Domino.
1661 4872 1682 4930 G
1698 4871 1781 4929 Raeti
1797 4870 1886 4929 corde

206 4962 310 5018 Sabim
326 4961 411 5035 quasi
426 4960 512 5018 invisi
527 4960 571 5017 vel
586 4977 621 5017 cx
635 4959 837 5034 improuisofl
853 4961 889 5019 Ut
903 4963 997 5021 iudaei
1052 4966 1123 5019 sunt
1137 4962 1186 5034 qui
1204 4977 1256 5035 per
1270 4963 1390 5019 semitas
1406 4962 1522 5019 Domini
1534 4962 1776 5037 gradiuntur,qui
1792 4958 1885 5019 atDo·

170 5049 385 5107 dementissimi
402 5055 586 5124 putaverunt.
600 5047 682 5114 Quod
697 5065 764 5105 vero
779 5050 862 5121 dixit,
880 5054 1000 5126 sagitta-
1052 5051 1166 5107 minum
1191 5050 1322 5117 laudant,
1338 5055 1368 5116 et
1396 5051 1433 5108 ab
1463 5052 1528 5125 ipsa
1555 5051 1676 5109 vemtats
1704 5046 1884 5107 laudantur?

169 5138 245 5194 bunt
259 5141 288 5195 et
301 5154 360 5194 non
368 5139 516 5195 timebunt
531 5139 678 5195 :ostendit
688 5138 823 5212 maligna
838 5140 998 5198 voluntatis
1052 5141 1126 5207 Quid
1142 5139 1323 5197 laudabilius
1339 5158 1428 5214 quam
1444 5140 1481 5198 ab
1495 5141 1560 5216 ipsc
1576 5140 1678 5199 audire
1695 5158 1701 5197 :
1717 5138 1886 5208 Vanitaba

167 5225 297 5284 velocem
311 5227 458 5284 effectum.
475 5226 677 5284 firmaverunt
690 5227 757 5297 sibi,
774 5230 892 5301 quando
916 5231 998 5288 dixe·
1053 5228 1173 5299 nedieti,
1190 5229 1267 5287 eici

169 5319 257 5372 runt:
274 5315 353 5374 Reus
369 5319 414 5372 εει
437 5314 561 5383 mortis3
577 5305 656 5373 sive:
671 5317 797 5389 Sanguis
821 5320 885 5391 ejus
910 5337 999 5393 super
1284 5336 1387 5376 caurio
1410 5337 1444 5376 ax
1469 5337 1546 5378 rsus.
1568 5332 1648 5378 nxut.

168 5421 223 5463 nos
240 5408 271 5462 ct
284 5420 374 5479 super
388 5403 464 5463 stica
479 5410 597 5462 nostros
612 5407 716 5478 (Mersit.
732 5409 831 5481 xxvu).
1086 5407 1191 5465 Tutela
1204 5407 1336 5464 omnium
1352 5408 1636 5478 credentium,Dcus,
1652 5406 1771 5466 custodi
1785 5404 1883 5464 suetus

184 5496 205 5554 5
238 5495 430 5553 Narravcract
442 5501 474 5552 at
484 5494 678 5552 absconderem
693 5497 804 5571 laqueos
818 5516 829 5556 .·
1052 5495 1124 5554 siam
1142 5502 1225 5553 tuam
1240 5514 1257 5553 a
1271 5502 1415 5554 conventu
1426 5498 1665 5573 malignantium,
1680 5495 1733 5570 qui
1751 5507 1818 5554 eam
1833 5510 1885 5552 oc*

238 5585 377 5650 ammas
391 5602 399 5646 t
415 5583 482 5661 Qua
495 5583 600 5648 viteid
611 5589 674 5647 eost
1051 5586 1139 5647 cdltia
1157 5586 1267 5663 jaculis
1284 5586 1459 5666 impugnare
1481 5589 1625 5663 nituntur,
1652 5592 1686 5648 ut
1716 5590 1744 5646 te
1771 5581 1886 5645 salubti
