3884 6084
86 304 165 368 leet
534 328 538 335 ·
581 307 683 372 lllS'l'.
707 306 834 372 ultntu.
858 306 1058 372 enacmin
1079 309 1112 372 S.
1135 302 1299 373 andlan.
1715 306 1793 374 liat

283 436 444 498 securius
464 439 543 499 nias
563 441 705 500 sYuonr.
926 440 1021 509 AQni
1038 440 1136 500 statim
1152 460 1187 499 ex
1198 443 1372 501 auctoritate
1386 441 1546 518 apostoliea
1558 445 1677 504 vocatus
1697 447 1743 502 est
1756 435 1793 504 nd

124 530 167 586 15.
182 528 322 602 Sequenti
338 531 491 588 autemdie
502 532 537 587 ad
554 536 744 591 memoratam
761 531 913 589 basilicam
969 530 1138 600 nomiliam,
1157 532 1244 606 quod,
1260 536 1292 588 ut
1314 533 1468 605 prelatum
1497 535 1551 601 est,
1569 534 1664 591 medio
1692 528 1798 594 mense'

87 636 158 675 eum
174 618 330 676 abbatibus
350 625 378 676 et
392 617 470 676 clero
493 621 733 679 convenientibus
757 623 912 697 episcopis,
969 620 1061 694 Aprili
1078 622 1174 678 Roma
1184 625 1246 678 erat
1254 621 1471 691 celebrandum,
1482 622 1560 679 utibi
1575 622 1794 697 rationisbnjus
1885 678 1887 682 .

87 709 215 764 domnus
241 725 316 781 papa
338 725 406 765 cum
431 709 608 782 quibusdam
629 728 731 767 eorum
749 713 870 768 secessit
885 713 914 768 in
970 709 1129 782 agitaretur
1139 708 1296 781 judicium.
1307 710 1375 767 Post
1385 710 1446 767 hac
1459 715 1637 767 memoratus
1653 711 1794 770 diaconus

87 798 248 854 oratorium
264 801 370 854 sancta
385 797 548 866 Trinitatis,
565 799 614 855 ubi
631 801 701 856 dum
713 818 780 856 cnm
798 818 832 857 eo
847 819 915 858 con·
970 799 1000 855 in
1017 798 1185 871 episcopum
1202 799 1416 872 Lingonensem
1432 799 1588 867 invehitur,
1596 816 1723 873 eumque
1738 796 1796 873 epi-

88 885 917 961 lessionissuaprivatumcolloquium[lemensishabuis-
971 887 1116 960 scopalem
1134 889 1304 962 dignitatem
1322 905 1373 961 per
1387 886 1583 945 Simoniacam
1598 888 1731 945 haeresim
1748 888 1797 946 ob·

91 980 136 1032 set
162 974 410 1048 archiepiscopus,
424 982 453 1034 et
481 979 516 1034 de
543 978 743 1035 ecclesiasticas
768 980 916 1054 religionis
971 976 1106 1045 tinuisse,
1123 993 1221 1033 sacros
1252 977 1368 1033 ordines
1398 977 1573 1044 vendidisse,
1590 975 1694 1035 bellica
1714 984 1796 1035 ar'ma

91 1065 224 1138 prosectu
239 1068 395 1121 tractatum
412 1069 489 1123 essct
503 1067 625 1136 diutius,
638 1082 671 1124 eo
686 1069 788 1125 ordine
816 1087 873 1142 quo
888 1074 918 1127 et
971 1071 1072 1123 contra
1088 1067 1131 1122 las
1147 1066 1264 1122 ferendo
1278 1065 1797 1140 homicidiaperpetrasse,alienima·

90 1157 240 1209 transacta
254 1153 301 1210 die
325 1155 501 1227 apostolicus
523 1156 591 1213 inde
616 1159 766 1230 processit,
783 1159 918 1231 dictaque
971 1154 1101 1211 trimonii
1110 1157 1180 1226 Jura
1194 1154 1328 1222 violasse,
1345 1157 1375 1210 in
1392 1155 1512 1212 elericos
1528 1173 1596 1212 suos
1611 1154 1795 1229 tyrannidem

91 1242 262 1314 antiphona,
279 1248 308 1300 et
323 1243 425 1300 litania
441 1246 513 1301 lacta
535 1263 552 1301 a
570 1246 739 1303 Trevirense
765 1247 920 1320 archipra·
972 1243 1331 1312 exercuisse,Sodomitico
1346 1246 1434 1302 etiam
1450 1244 1558 1319 flagitio
1573 1244 1718 1317 pollutum
1733 1244 1797 1301 esse

91 1330 167 1399 sule,
184 1330 367 1405 evangelium
384 1333 478 1390 Omnia
496 1335 578 1391 orior
592 1336 660 1393 tono
676 1336 822 1392 Diaconus
837 1336 915 1410 legit.
972 1332 1156 1389 criminatur.
1164 1333 1275 1398 Quibus
1285 1334 1380 1390 verbis
1395 1333 1483 1390 fidem
1499 1330 1793 1407 prabebantplurirni

91 1421 242 1478 Universis
259 1421 364 1478 deinde
379 1440 432 1479 sno
448 1423 511 1479 loco
528 1425 917 1494 residentidus,llcmensem
973 1422 1116 1478 delatores
1133 1421 1182 1494 qui
1199 1422 1329 1488 aderant,
1346 1423 1511 1495 intorques
1531 1422 1651 1495 quidam
1675 1419 1798 1478 clericus

93 1508 348 1584 archiepiscopum
361 1516 394 1567 ut
409 1513 444 1568 de
459 1513 626 1570 Simoniaca
640 1514 797 1583 haeresi,de
809 1515 919 1588 quabe·
973 1511 1101 1567 asseruit
1115 1511 1192 1583 qnod
1209 1510 1265 1566 sibi
1282 1511 1376 1567 adhue
1391 1510 1465 1568 laico
1476 1512 1629 1584 conjugem
1646 1526 1730 1567 suam
1741 1509 1800 1567 vio·

93 1603 208 1655 eternas
236 1600 404 1657 obtinuerat
431 1600 575 1668 inducias,
605 1603 746 1660 rationem
775 1604 917 1670 redderet,
973 1599 1066 1656 lenter
1080 1598 1288 1666 abstuleratet
1302 1604 1368 1674 1³⁰8t
1383 1604 1657 1672 perpelrssluffifflffl
1673 1614 1707 1655 0⁸
1719 1594 1800 1655 &dul-

92 1688 231 1761 praelatns
259 1689 412 1745 admonuit
438 1691 640 1758 cannellarius,
655 1694 800 1765 impetens
829 1692 918 1748 etiarn
973 1688 1079 1743 terium
1095 1687 1269 1745 monacham
1286 1686 1800 1761 lecerat.hdlnitetpresbyierqui·

93 1782 161 1833 eum
178 1779 213 1833 de
224 1777 327 1835 multis
342 1794 405 1852 qua
421 1796 462 1846 se,
480 1782 557 1838 lama
578 1781 724 1855 vulgante,
741 1783 919 1854 comperisse
934 1806 959 1880 B
975 1778 1042 1833 dum
1058 1793 1089 1833 su
1104 1777 1141 1832 nb
1157 1776 1257 1832 eodem
1275 1774 1410 1849 episcopo
1427 1792 1608 1849 conquerens
1620 1778 1748 1849 captum,
1771 1778 1802 1831 et

94 1867 244 1922 asserebat
255 1866 439 1924 criminibus.
453 1870 495 1925 Ad
517 1869 579 1926 haeo
603 1871 840 1944 archiepiscopus
854 1890 920 1928 sur·
975 1865 1136 1923 satellitum
1146 1867 1209 1938 ejus
1226 1865 1317 1922 luisse
1327 1865 1462 1938 potestati
1479 1865 1632 1933 traditum,
1648 1862 1708 1937 qui,
1733 1872 1801 1920 euni

95 1969 178 2028 gens,
191 1954 287 2012 utsibi
302 1956 473 2013 consiliandi
487 1959 608 2015 incultas
623 1961 830 2017 concederetur
840 1976 921 2034 expe·
975 1955 1077 2011 multis
1092 1954 1245 2028 suppliciis
1260 1954 1472 2021 excruciantes,
1485 1954 1562 2028 quod
1578 1952 1730 2010 seclestius
1745 1956 1801 2021 est,

98 2042 154 2098 tiit.
176 2045 238 2110 Oua
252 2042 417 2116 impetrata,
434 2046 707 2117 vesontionensem,
729 2048 922 2106 Suessionen-
976 2044 1066 2100 clavis
1080 2043 1260 2099 acutissimis
1275 2043 1413 2116 genitalia
1423 2036 1803 2115 ejrrsconllxerant,talique

96 2124 424 2206 sem,rlndegavensem.
434 2135 652 2205 Nivernensem,
665 2138 922 2206 silvanectensem,
977 2132 1157 2191 violentiaab
1166 2150 1199 2189 eo
1212 2133 1311 2189 docem
1324 2131 1801 2188 librasdenariorumextorserant.

99 2215 295 2277 hiorinensem
311 2223 463 2295 episcopos
477 2240 649 2292 convocans,
667 2243 733 2282 cum
746 2226 789 2283 eis
819 2232 924 2300 myste-
978 2218 1028 2277 His
1043 2221 1161 2289 auditis,
1178 2221 1334 2294 episcopus
1349 2214 1523 2277 consiliandi
1546 2219 1694 2276 licentiam
1720 2216 1802 2292 petit.

99 2308 175 2365 dnm
188 2309 293 2366 habuit
306 2311 419 2368 consilii
436 2312 482 2369 sui
496 2331 502 2381 ;
515 2313 641 2388 indeque
657 2332 800 2380 reversus,
816 2322 848 2372 ut
858 2333 925 2372 cau·
979 2310 1041 2375 Qua
1056 2310 1222 2382 impetrata,
1236 2309 1471 2382 archiepiscopos
1495 2306 1757 2365 Vesontionenaem
1776 2308 1805 2363 ea

96 2402 160 2455 sam
176 2415 261 2457 suam
276 2398 499 2458 Silvanectensis
512 2409 669 2475 peroraret,
687 2422 704 2460 a
719 2406 826 2461 domno
847 2421 925 2479 papa
980 2397 1804 2472 Lugdunensemaccersit,eisqueeredensarcanumeon-

99 2486 235 2544 nbtinuit.
251 2487 381 2562 Surgcns
396 2494 493 2547 autem
510 2491 665 2566 episcopus
687 2491 922 2562 silvanectensis,
980 2487 1036 2546 silli
1052 2487 1108 2555 sui,
1125 2487 1197 2560 petit
1214 2492 1245 2543 nt
1260 2487 1316 2544 sibi
1330 2488 1390 2544 sint
1405 2487 1546 2545 causidici
1564 2503 1570 2542 :
1587 2485 1638 2542 sed
1659 2482 1720 2557 qui,
1736 2496 1805 2541 cum

102 2576 238 2632 eumdem
253 2574 503 2650 arehiepiscopum
521 2571 671 2653 respondit
686 2598 743 2638 non
755 2598 818 2638 esse
843 2598 925 2638 reum
979 2578 1070 2634 tantis
1086 2574 1205 2649 lingitiis
1221 2576 1294 2632 loret
1306 2572 1606 2648 implicitusinooulis
1617 2571 1806 2629 alteriusmo-

101 2664 273 2721 Simoniaea·
288 2664 417 2722 haeresis.
433 2667 485 2723 His
495 2669 614 2733 auditis,
630 2670 809 2742 apostolicus
820 2686 925 2742 praeee-
980 2665 1025 2738 gis
1042 2680 1132 2736 quam
1147 2663 1179 2718 in
1204 2662 1266 2720 suis
1281 2663 1394 2718 trabem
1410 2662 1512 2718 videns
1527 2658 1646 2716 ftalrem
1671 2658 1806 2734 (1¹1thss

102 2753 145 2825 pit
160 2757 193 2807 ut
207 2752 927 2830 haecitiaessesacramentoprobaretarchiepisco·
981 2751 1155 2824 culpabilem
1172 2749 1202 2804 in
1218 2750 1354 2807 heslcrna
1378 2749 1488 2825 synodo
1503 2748 1676 2804 criminatus
1700 2742 1805 2817 iuerat,

101 2844 168 2912 pus,
180 2839 325 2896 mandens
340 2840 426 2895 etiam
443 2841 559 2897 recitari
573 2845 747 2900 sententiam
764 2862 822 2918 qua
837 2845 928 2900 Maxi·
982 2841 1103 2913 ejusque
1114 2840 1149 2894 ad
1166 2837 1382 2895 damnationem
1395 2842 1421 2891 rt
1437 2837 1609 2911 ipsemerito
1620 2828 1807 2893 damnandus

103 2936 185 2981 mum
203 2926 405 2983 Salonitanum
422 2928 602 3002 episcopum,
618 2949 652 2988 ex
667 2932 756 2988 simili
771 2932 858 3006 culpa
877 2949 929 2989 no·
983 2929 1170 3001 aspiraverat,
1179 2944 1235 2984 non
1243 2926 1337 2984 solum
1347 2944 1378 2984 se
1386 2927 1552 2998 abobjectis
1563 2926 1814 2999 nequilexcusare.

104 3014 280 3086 tatum,pnri
295 3016 382 3072 modo
398 3032 428 3072 se
446 3018 512 3073 inde
526 3036 651 3094 purgare
666 3021 770 3079 beatus
785 3039 930 3095 papasan-
983 3018 1167 3086 criminibus,
1184 3017 1234 3072 sed
1248 3016 1336 3072 ctiam
1353 3017 1417 3089 ejus
1432 3015 1590 3088 causidico,
1607 3031 1643 3071 ne
1658 3013 1747 3072 adsui
1761 3010 1809 3071 de·

103 3101 146 3158 xit
162 3102 329 3176 Gregorius.
345 3105 381 3159 At
393 3102 441 3161 ille
456 3107 611 3163 eanonicus
633 3109 765 3166 inducias
794 3110 926 3183 indepo-
984 3106 1315 3179 lensioncmquidquam
1329 3106 1455 3178 prolerre
1468 3103 1687 3178 valeat,liuguac
1698 3120 1808 3160 munna

104 3190 235 3263 siulavit,
252 3208 342 3265 seque
357 3200 423 3266 post
437 3210 538 3250 aarum
555 3196 746 3270 expletionem
763 3201 839 3272 qnod
856 3199 929 3256 ratio
944 3178 965 3245 G
983 3190 1809 3266 [ol.‚motnsladimiturdivinitue.Vesontianensisquippe

107 3279 289 3352 purgationis
300 3288 432 3355 posceret
448 3291 635 3356 peracturum
644 3287 812 3360 spopondit,
822 3288 930 3361 quibus
984 3286 1149 3359 episcopus,
1164 3285 1235 3340 dum
1246 3288 1415 3356 susceptum
1427 3284 1491 3356 ojus
1503 3283 1648 3357 negotium
1663 3294 1808 3357 perorare,

104 3369 129 3424 ei
146 3369 305 3439 concessis,
322 3374 464 3426 statutum
481 3377 573 3429 estut
602 3376 697 3431 medio
721 3376 811 3449 Aprili
830 3394 931 3433 niense
985 3378 1013 3431 et
1029 3374 1064 3429 ad
1079 3371 1293 3429 excusationem
1314 3371 1464 3428 criminosi
1489 3372 1649 3446 incongrua
1674 3370 1810 3444 quedam

104 3456 227 3514 coneilio
238 3455 294 3531 (17)
305 3460 382 3532 quod
400 3460 497 3516 lloma
513 3462 720 3519 celebrandum
737 3470 799 3521 erat
813 3464 931 3522 interes·
985 3458 1810 3535 decernerctproponers,insperatosibisuliragiumvocia

104 3551 158 3603 set.
175 3551 282 3604 Cretera
292 3564 359 3605 vero
379 3566 443 3621 quae
456 3549 482 3607 ei
504 3550 618 3623 objecta
632 3557 711 3619 sunt,
724 3553 793 3626 quia
808 3553 932 3628 legitimi
986 3542 1085 3608 divino
1097 3551 1190 3608 sensit
1205 3549 1343 3624 denegari
1358 3551 1489 3607 nurnine.
1507 3548 1610 3606 Procul
1634 3546 1724 3606 dubio
1749 3546 1809 3604 lile·

105 3635 284 3693 docusatoris
306 3635 482 3694 videbantur
496 3637 639 3696 delatione
655 3658 765 3710 carere,
781 3644 930 3700 decretum
986 3657 1062 3715 gnus
1077 3643 1158 3713 paler
1173 3638 1324 3712 Remigius
1338 3639 1374 3695 ob
1389 3639 1444 3696 hoe
1459 3639 1568 3712 ipsum,
1590 3642 1622 3695 nt
1636 3637 1810 3712 predictum

105 3728 151 3781 est
166 3724 344 3797 adpraesens
359 3725 527 3782 indiscussa
539 3743 699 3786 remanere.
712 3729 760 3786 Sic
775 3730 866 3805 igitur
880 3731 934 3787 hu·
986 3733 1117 3797 estante
1130 3731 1318 3801 conspectum
1334 3727 1437 3802 synodi
1448 3728 1634 3801 expositus,a
1644 3724 1809 3785 beataefidei

103 3813 236 3885 jusmodi
252 3812 378 3871 diffinito
398 3815 523 3888 negotio,
540 3833 628 3889 super
652 3818 770 3876 abbatia
794 3820 932 3877 Dervensi
987 3835 1063 3892 papa
1077 3818 1167 3874 etiam
1187 3817 1234 3873 hia
1248 3817 1381 3890 ejusdem
1402 3817 1520 3873 virtutis
1541 3816 1645 3874 enituit
1669 3804 1809 3890 potentia,

108 3899 935 3978 domnuspapaoonquestusest,quial'ullensisubtracta
988 3924 1077 3982 quam
1107 3905 1187 3974 olim,
1204 3906 1275 3961 dum
1303 3903 1399 3961 adhuc
1419 3905 1653 3978 peregrinaretur
1667 3903 1697 3961 in
1712 3902 1809 3972 terris,

107 3984 203 4048 iuerat
218 3991 376 4066 episcopio,
394 3996 423 4049 et
438 3994 512 4050 hane
526 3995 621 4066 ipsius
636 3996 764 4053 ecelesia
790 3999 933 4070 pertinere
987 3996 1086 4053 Ariani
1102 3995 1182 4052 illius
1193 3993 1349 4052 exinanivit
1359 3993 1611 4051 moliminaTuno
1628 3991 1707 4049 enim
1724 3993 1812 4049 here

107 4081 322 4153 possessionem
339 4097 390 4154 per
405 4080 623 4157 privilegiorum
648 4100 711 4157 queo
726 4085 794 4142 inde
808 4086 935 4144 babebat
988 4087 1079 4141 ticum
1096 4085 1236 4141 adversus
1253 4082 1425 4140 catholicam
1434 4083 1522 4139 fidem
1531 4079 1728 4155 blasphemias
1739 4078 1811 4137 deli·

106 4169 317 4226 demonstravit
332 4170 531 4228 recitationem
551 4189 557 4227 :
575 4189 590 4229 e
607 4178 708 4229 eontra
723 4174 876 4233 Remeusis
891 4193 934 4231 ar
988 4175 1138 4230 berantam
1162 4172 1282 4247 garrire,
1299 4189 1335 4229 ne
1350 4175 1455 4229 conata
1474 4174 1634 4245 perageret,
1648 4168 1699 4227 scd
1715 4164 1812 4243 potius

106 4254 475 4332 chleplsoopusabbatiam
492 4260 934 4338 illamresponditsuijurispo·
988 4262 1187 4335 resipiscendo
1216 4258 1311 4318 lldclis
1345 4261 1436 4329 fieret,
1466 4259 1582 4317 silentio
1608 4250 1814 4316 condemnavit

105 4337 166 4402 tius
182 4360 257 4413 esse,
274 4351 303 4403 et
317 4347 372 4404 hoc
387 4348 604 4421 antiquioribus
620 4350 780 4426 privilegiis
805 4351 933 4410 eeclesia
989 4368 1067 4410 nune
1083 4356 1178 4408 autem
1195 4349 1376 4418 virnm‚licct
1391 4348 1561 4419 lidelem,ne
1575 4344 1749 4405 sceleratum
1765 4336 1813 4403 de·

107 4439 166 4490 sun
181 4443 211 4491 se
221 4434 372 4493 testilleari
389 4436 492 4493 valere.
501 4437 578 4510 Papa
592 4456 668 4507 vero,
681 4440 784 4515 qulain
798 4442 934 4515 prasenti
988 4442 1133 4498 laudando
1148 4439 1404 4513 delinqueret‚nsn
1420 4437 1559 4511 loquendi
1571 4436 1703 4510 privavit.
1720 4432 1756 4493 lit
1770 4451 1813 4492 re-

106 4538 163 4579 non
173 4528 257 4582 erant
271 4525 373 4582 eadem
389 4525 497 4598 scripta
508 4542 542 4581 ex
553 4542 678 4598 quorum
693 4527 816 4587 lectione
826 4529 934 4588 valeret
948 4534 973 4613 p
987 4547 1055 4587 vera
1070 4530 1173 4585 divina
1189 4528 1381 4585 sublimitatis
1396 4522 1702 4601 incomprehensibilis
1719 4518 1813 4582 virtus

105 4612 375 4671 haccontrouersia
389 4615 574 4687 linirijussit
589 4632 623 4672 ea
634 4616 752 4674 interim
764 4618 793 4675 in
808 4619 934 4678 archivis
988 4619 1154 4691 inutraque
1169 4619 1223 4674 hoe
1238 4618 1313 4675 lacto
1325 4613 1499 4674 mirabiliter
1518 4615 1634 4683 enituit,
1651 4615 1715 4689 qnae
1729 4612 1758 4671 e't
1772 4608 1813 4671 ibi

107 4701 261 4759 Remensis
273 4703 399 4761 ecclesiia
415 4704 612 4778 perquisitain
628 4706 756 4763 crastino
769 4708 935 4765 inmedium
990 4707 1122 4781 gloriosa
1144 4706 1257 4773 anima,
1273 4706 1342 4762 licet
1356 4705 1503 4779 corporeis
1530 4704 1626 4760 adhue
1655 4694 1813 4759 involueris

107 4788 215 4847 afferri.
233 4792 315 4848 Tune
327 4792 513 4850 Turonenses
527 4793 623 4850 clerici
640 4811 691 4867 per
706 4795 934 4870 Lugdunensem
990 4799 1212 4869 septoe,tautum
1225 4793 1517 4867 potestatiscontulit,
1527 4790 1814 4864 etquantaeamjam

107 4876 360 4955 archiepiscopum
376 4880 525 4955 querelam
541 4882 706 4940 intulerunt
716 4901 804 4958 super
814 4885 871 4959 (18)
882 4886 937 4943 llo·
990 4884 1198 4943 beatificaverit
1207 4882 1396 4957 gloriarum
1407 4882 1484 4939 circa
1494 4882 1558 4954 ejus
1568 4879 1814 4952 exanimeeorpus

107 4968 181 5025 lensi
198 4969 333 5044 episeopo
349 4971 516 5038 Britannice,
527 4972 576 5043 qui
592 4989 623 5028 se
633 4989 700 5029 eum
713 4977 824 5046 septem
835 4974 937 5032 sullra-
991 4978 1122 5047 patenter
1132 4973 1270 5030 ostendit.
1294 4972 1452 5045 Postquam
1466 4987 1534 5043 ergo
1549 4972 1687 5042 pravatus
1702 4960 1813 5025 Veson-

106 5058 207 5131 ganeis
220 5044 404 5117 n'l'uren'ensi
421 5049 648 5134 archiepiscopio
664 5062 856 5131 subtraxerat,
869 5062 937 5121 sibi·
990 5060 1133 5118 tianensis
1149 5061 1304 5135 episcopus
1319 5077 1400 5117 asun
1429 5063 1535 5116 conatu
1561 5057 1611 5114 tali
1628 5054 1768 5114 miraculo
1783 5072 1815 5113 ee

107 5158 165 5219 quo
181 5146 398 5221 archipresulis
413 5164 520 5205 nomen
545 5153 647 5206 contra
661 5150 705 5208 las
728 5151 936 5225 vindicaverat,
992 5149 1139 5224 prohiberi
1165 5149 1308 5223 cognovit,
1326 5148 1513 5222 lugdunensi
1529 5152 1562 5203 ut
1580 5147 1626 5203 sui
1641 5146 1703 5204 vica
1715 5144 1814 5203 fratris

147 5309 204 5381 (17)
212 5308 297 5366 Wido
313 5311 410 5366 sedern
422 5326 504 5367 suam
517 5312 653 5382 usquead
667 5315 791 5369 mortem
804 5310 935 5383 retinuit,
990 5312 1184 5385 decretaque
1200 5307 1332 5366 Dolensis
1347 5310 1376 5364 et
1391 5306 1441 5363 elii
1455 5301 1611 5363 britannice
1626 5300 1814 5389 minorlscpi·

129 5397 171 5435 ure
188 5381 310 5453 contigit
324 5399 400 5438 anno
417 5383 486 5438 1055
501 5381 694 5455 sepultusque
709 5389 755 5441 est
768 5385 796 5440 in
813 5385 936 5442 eeclesia
992 5382 1071 5455 scopi
1086 5382 1248 5437 Turonensi
1266 5374 1489 5452 metropolitano
1510 5379 1614 5435 anemii
1627 5384 1706 5435 sunt.
1721 5377 1814 5447 Hujus

108 5397 139 5505 g,
158 5452 293 5525 Remigii.
991 5452 1192 5511 coutroversiae
1203 5457 1267 5508 aeta
1282 5456 1406 5507 anostra
1416 5450 1567 5506 lldmnndo
1581 5450 1814 5530 lllartenerecens

146 5524 201 5594 (18)
216 5523 295 5581 Hane
310 5525 548 5592 controversiam,
582 5541 624 5580 un
640 5528 682 5582 lot
698 5527 813 5583 seculis
866 5527 937 5586 itata
993 5526 1067 5599 typis
1085 5525 1244 5580 editasnnt
1259 5523 1288 5578 in
1305 5539 1378 5578 nova
1393 5521 1566 5580 collectione
1581 5525 1814 5591 veterumserrp-

110 5594 215 5663 luerat,
228 5595 321 5652 llnivit
335 5595 452 5653 tantiam
468 5592 573 5654 lunate
594 5595 654 5654 tius
668 5592 707 5655 llI
729 5600 813 5672 papi,
831 5608 850 5655 c'
862 5594 935 5658 lebni
991 5599 1119 5670 piorulh.
