3884 6084
109 246 176 317 U
549 249 821 317 ulsroelartou
843 251 947 317 LIBRI
968 250 1158 326 QUINQUE.
1181 283 1214 297 -
1241 249 1314 315 LlD.
1339 247 1392 315 lll.
1756 250 1819 319 066

116 381 193 443 niet
204 381 340 456 exprimi.
357 383 397 442 De
411 382 496 458 oldas
509 382 598 442 etiam
612 385 714 445 funere
727 385 941 459 subsequentes
953 386 981 457 Δ
995 401 1085 458 quem
1099 383 1183 442 civile
1198 384 1457 458 patratur-luteres
1472 398 1540 441 cum
1554 381 1820 460 superbiavensre·

117 470 262 530 imbioos
276 477 396 548 mgstus
412 473 580 531 alratribus
593 456 708 532 cecini':
996 473 1084 531 bilem
1099 475 1214 530 Patrem
1225 473 1406 530 willelmum
1422 471 1707 549 consuluisset,apud
1722 475 1820 534 Divio-

996 563 1080 619 nensi
1096 563 1276 636 castro,qnid
1291 578 1376 636 agere
1392 562 1528 631 deberet3
1545 579 1702 637 oransque,
1713 569 1746 622 ut
1758 569 1821 623 erat

995 653 1040 709 uir
1054 652 1145 709 totius
1161 652 1398 709 mansuetudinis
1421 656 1450 708 et
1475 652 1602 725 pietatis,
1619 653 1745 726 qualiter
1759 659 1820 713 tem

996 759 1048 815 pro
1063 759 1095 799 se
1110 758 1198 815 quam
1214 759 1266 815 pro
1280 740 1339 798 illis
1354 741 1512 798 Dominum
1526 741 1693 811 oraret,tale
1703 760 1822 817 respon·

996 848 1061 889 sum
1078 833 1115 889 ab
1130 832 1231 887 eodem
1247 831 1389 903 suscepit:
1408 852 1422 881 ιι
1437 829 1606 886 Meminisse
1621 835 1679 898 leo
1693 849 1823 899 rencon-

996 920 1076 978 ucnit
1089 920 1265 993 injuriarum
1277 918 1561 992 opprobriorumque
1574 920 1648 991 patri
1659 936 1693 976 ao
1703 920 1790 977 matri
1805 940 1822 978 a

996 1014 1025 1067 ts
1039 1009 1186 1066 illatorum
1207 1009 1302 1064 intua
1319 1008 1482 1080 juventute,
1500 1008 1639 1080 quoniam
1663 1008 1734 1066 talin
1757 1010 1822 1078 tibi,

992 1100 1075 1171 justo
1098 1100 1197 1170 judice
1220 1099 1278 1154 Deo
1294 1098 1490 1171 permittente,
1507 1113 1524 1152 a
1550 1095 1619 1154 filiis
1638 1097 1823 1171 ingeruntur,

997 1187 1096 1262 qualia
1110 1192 1143 1243 lu
1158 1188 1220 1260 ipse
1234 1186 1417 1260 genitoribus
1432 1186 1609 1260 ingessisti.»
1621 1187 1686 1245 Hac
1701 1188 1824 1245 audiens

883 1324 888 1339 ,
997 1295 1047 1335 rex
1062 1275 1277 1350 patientissime
1291 1273 1469 1348 tulit;seque
1485 1272 1561 1330 ultro
1577 1273 1754 1348 culpabilem
1765 1277 1824 1334 cla·

998 1383 1094 1436 mans,
1110 1383 1168 1421 non
1182 1365 1309 1438 negarit.
1326 1362 1437 1420 Deinde
1453 1367 1519 1435 post
1535 1362 1718 1421 obsidionem
1731 1382 1764 1421 ac
1774 1366 1826 1421 de-

997 1455 1217 1529 populationem
1232 1453 1387 1525 utriusque
1410 1451 1628 1524 provinciam
1653 1470 1755 1526 pacem
1780 1471 1824 1510 re-

998 1542 1825 1616 deuntespaulisperquieveruntdnnoquoquesequeuti

999 1649 1100 1690 mense
1114 1631 1193 1690 Julio
1210 1632 1356 1688 liebertus
1371 1648 1421 1687 rex
1442 1632 1520 1704 apud
1544 1634 1673 1687 castrum
1686 1630 1826 1688 ltlclsdu·

964 1761 988 1828 B
1002 1738 1091 1780 nense
1103 1722 1182 1778 diem
1197 1720 1303 1777 clausit
1316 1723 1492 1787 extremum,
1502 1719 1693 1793 delatumque
1707 1724 1752 1777 est
1764 1737 1826 1779 eor-

1003 1829 1060 1885 pus
1074 1814 1139 1885 ejus
1154 1812 1191 1868 ed
1205 1810 1358 1868 ecelesiam
1374 1809 1468 1865 sancti
1485 1809 1615 1883 Dionysii
1631 1810 1777 1884 martyris,
1794 1827 1827 1866 ac

149 594 326 677 Plasmator,
341 623 428 682 parce
442 606 555 665 moestis
571 607 781 677 mundialibus,

125 692 129 699 '
152 692 312 753 Succurrat
327 694 414 753 lletus
428 696 540 753 intimis
553 696 703 754 doloribus
717 715 723 753 :

153 780 258 839 Pascat
273 788 429 842 moerentes
445 784 630 860 singultuum
644 787 781 860 gemitus,

153 868 323 929 Humanum
338 872 429 931 decus
443 874 514 931 dum
529 874 605 948 rapit
619 874 765 932 interitus.

155 959 248 1017 Annis
263 961 385 1018 llorebat
398 963 508 1019 mundo
524 962 712 1034 juvenilibus,

155 1048 212 1105 Ter
225 1049 311 1107 denis
325 1049 426 1107 minus
439 1056 603 1108 excreverat
617 1052 743 1121 duobus,

156 1140 322 1213 Regnorum
338 1137 437 1195 lumen
450 1138 544 1214 Hugo,
560 1157 683 1215 regnum
701 1141 857 1198 maximus.

131 1224 135 1231 '
158 1227 254 1293 Quem·
265 1243 322 1283 nox
337 1227 452 1285 funesta
467 1228 570 1284 invidit
583 1229 765 1287 hominibus.

156 1314 218 1372 lion
234 1314 310 1373 alter
323 1320 424 1373 nostro
437 1316 505 1373 talis
517 1317 622 1375 emicat
634 1335 703 1388 avo,

157 1403 266 1479 Regnis
281 1409 442 1478 spectatus,
458 1405 588 1462 adscitus
603 1406 736 1481 imperio.

157 1490 304 1550 Bellorum
317 1497 399 1550 tanto
413 1494 567 1551 decoretur
579 1495 740 1570 triumpho,

157 1578 264 1656 Vigore
275 1581 337 1655 pari
352 1580 446 1640 valeat
460 1599 607 1659 corporeo.

157 1670 234 1736 Duos
250 1686 323 1745 gens
338 1671 517 1729 Francorum
530 1671 645 1746 vigebat
659 1673 838 1742 letabunda,

157 1758 296 1833 lldeiqus
312 1776 382 1833 pace
394 1764 455 1817 tota
469 1760 558 1818 simul
573 1762 677 1819 Gallia.

161 1846 264 1907 Dmnis
279 1864 368 1923 quem
383 1865 475 1923 prona
489 1850 626 1924 poscebat
641 1851 734 1921 ltalia,

159 1936 255 1995 Cesar
266 1941 300 1996 ut
310 1939 380 2012 J'ura
393 1943 540 2014 promeret
555 1939 672 2014 regalia.

159 2026 212 2084 een
229 2030 260 2084 te
275 2043 334 2083 non
347 2031 458 2107 nostra,
471 2028 613 2102 juvenum
627 2028 833 2103 pulcherrime,

160 2114 240 2173 licui
259 2114 333 2189 proh
348 2115 448 2173 dolori
463 2120 596 2192 tempora
611 2134 762 2188 meruere;

158 2200 273 2270 Doibus
285 2188 435 2261 inundant
449 2203 594 2262 malorum
611 2207 746 2275 miseria,

156 2292 241 2351 lires
256 2293 402 2349 honorum
416 2298 558 2351 corruunt
572 2295 700 2352 assidue.

159 2380 201 2439 'ra
218 2378 306 2438 dolor
319 2381 432 2452 matris,
448 2382 661 2457 calamitasque
676 2384 777 2458 patris,

159 2470 281 2529 crudele
294 2468 385 2528 nimis
400 2472 613 2530 monimentum
628 2475 777 2547 germanis
795 2493 802 2531 :

133 2564 137 2571 '
158 2558 265 2617 Maeror
277 2560 445 2618 communis
456 2560 570 2618 cunctis
586 2562 615 2618 in
631 2561 758 2636 palatiis,

159 2646 372 2723 iustitiumque
387 2650 562 2725 populorum
578 2650 699 2709 ultimis.

1002 1901 1033 1959 in
1047 1903 1148 1959 eadem
1163 1900 1323 1974 sepultum.
1339 1899 1420 1955 'lunc
1436 1916 1540 1956 rursus
1554 1899 1648 1955 oritur
1671 1899 1747 1956 inter
1764 1916 1826 1956 ma·

1002 1995 1077 2049 trem
1093 1995 1122 2048 et
1136 1989 1213 2046 filios
1224 1989 1352 2045 rediviva
1365 1986 1516 2044 discordia
1532 1987 1740 2055 crudelilas,ac
1754 2006 1826 2061 prm-

1002 2080 1156 2139 teritarum
1170 2079 1281 2135 irarum
1296 2078 1379 2135 Dana
1390 2076 1489 2133 laxant
1502 2076 1662 2133 inveterata
1678 2077 1754 2133 odia.
1772 2078 1827 2134 Diu

1003 2168 1190 2241 multumque
1202 2168 1343 2224 vastando
1354 2183 1400 2224 res
1407 2166 1540 2239 proprias
1551 2165 1762 2222 debacchatum
1771 2172 1826 2236 est,

1003 2259 1095 2315 donec
1118 2256 1205 2314 Fulco
1228 2256 1451 2327 hudegsvorum
1477 2271 1585 2323 comes,
1608 2259 1751 2329 cognatus
1765 2256 1827 2329 [st.,

1004 2347 1176 2418 avunculus]
1199 2344 1311 2402 scilieet
1333 2344 1477 2417 ipsorum,
1500 2348 1626 2400 matrem
1649 2343 1827 2417 redarguens

1003 2453 1057 2492 cnr
1069 2434 1221 2492 bestialem
1227 2433 1377 2490 vesaniam
1393 2449 1462 2506 erga
1476 2432 1552 2489 lilios
1559 2436 1830 2500 exerceret,utrum·

1004 2542 1062 2598 que
1075 2528 1225 2597 parentem
1244 2522 1275 2579 in
1302 2537 1404 2596 pacem
1431 2522 1591 2578 reduceret.
1608 2520 1747 2594 Sequenti
1762 2538 1829 2580 vero

1004 2631 1080 2671 anno
1095 2614 1198 2671 codem
1213 2628 1324 2677 mense,
1334 2616 1421 2684 alque
1436 2610 1465 2666 in
1481 2611 1584 2668 eodem
1598 2615 1693 2669 castro
1709 2627 1767 2683 quo
1779 2628 1829 2668 rex

1003 2703 1116 2761 obierat
1130 2707 1159 2759 et
1172 2700 1237 2774 ipsa
1251 2699 1333 2768 obiit,
1350 2699 1475 2772 indeque
1490 2702 1604 2771 portata
1623 2703 1669 2755 est
1684 2699 1720 2755 ad
1735 2700 1828 2756 sancti

1004 2790 1133 2865 Dionysii
1149 2787 1312 2857 basilicam,
1328 2805 1361 2844 ac
1372 2789 1458 2860 juxta
1473 2804 1571 2861 regem
1586 2788 1712 2860 sepulta.
1727 2787 1829 2846 ilenri-

1004 2898 1057 2938 cus
1070 2896 1175 2952 nempe
1196 2895 1257 2944 rex,
1272 2878 1402 2950 paternis
1418 2878 1505 2932 rebus
1519 2876 1639 2949 potitus,
1655 2894 1829 2949 germanum

1005 2987 1093 3028 suum
1110 2968 1269 3024 liebertum
1285 2965 1436 3023 constituit
1450 2964 1625 3037 burgundia
1640 2965 1831 3023 duoem.Prae·

1005 3062 1085 3117 teres
1100 3056 1260 3113 cumidem
1275 3072 1325 3111 rex
1347 3053 1558 3126 rempublicam
1580 3052 1669 3109 vivaci
1691 3059 1789 3111 mente
1802 3059 1831 3111 et

965 3132 990 3200 0
1006 3147 1074 3217 agili
1090 3162 1211 3219 corpore
1226 3144 1307 3217 regni
1323 3143 1368 3200 sui
1385 3143 1552 3210 discuteret,
1570 3147 1640 3199 tunc
1660 3143 1783 3218 contigit
1798 3148 1831 3201 ut

1006 3236 1171 3294 leotericus
1185 3235 1334 3291 Senonum
1358 3230 1547 3305 archipresul
1571 3232 1674 3288 obiret.
1690 3231 1741 3289 Ille
1763 3250 1830 3289 vero

1006 3342 1099 3383 unum
1114 3326 1150 3381 de
1164 3341 1224 3380 sum
1235 3321 1353 3396 gentilia
1362 3320 1831 3378 nobilibusconsecrarimandavit

1006 3420 1095 3487 atque
1109 3415 1139 3471 in
1152 3415 1217 3487 ejus
1230 3412 1294 3469 loco
1310 3409 1475 3484 submgari.
1492 3410 1548 3467 Sed
1560 3410 1621 3466 Ddo
1634 3426 1733 3467 rerum
1748 3411 1831 3467 ditis·

128 3497 179 3566 Dui
192 3497 224 3554 in
239 3498 346 3555 mem
364 3512 425 3570 qua
448 3498 586 3572 primitus
608 3504 765 3557 coronatus
788 3501 883 3558 luerat
905 3520 951 3560 ec·
1005 3503 1182 3572 simus,licet
1196 3503 1253 3558 lide
1267 3517 1388 3574 pauper,
1400 3499 1525 3556 alterum
1541 3504 1661 3556 econtra
1674 3499 1829 3573 delegerat,

123 3584 224 3655 desis,
239 3587 318 3644 beati
343 3588 480 3660 martyris
503 3587 628 3645 Cornelii
653 3589 797 3656 videlieet,
817 3591 896 3664 regio
921 3591 951 3649 in
1005 3595 1104 3665 neJus
1120 3590 1233 3665 regium
1248 3590 1303 3646 hac
1313 3589 1343 3645 in
1355 3593 1437 3662 parte
1447 3587 1521 3645 loret
1532 3588 1688 3662 integrum.
1698 3589 1771 3645 Nam
1780 3588 1830 3662 qui

123 3674 308 3749 mmmm
319 3675 523 3748 estsepultus.
536 3676 604 3734 Post
617 3677 703 3748 cujus
726 3678 840 3736 obitum
866 3681 953 3754 coepit
1005 3682 1110 3740 viventi
1126 3680 1201 3754 patri
1217 3680 1341 3736 lieberto
1356 3675 1450 3734 multa
1463 3676 1560 3733 tamti
1575 3677 1831 3750 quamcalliditate

119 3762 233 3823 ilerum
249 3764 327 3822 idem
342 3780 393 3822 rex
407 3769 544 3834 tractare,
555 3765 623 3839 quis
636 3767 825 3840 potissimum
836 3785 870 3826 ex
880 3772 952 3827 resi-
1005 3771 1208 3843 subripuerat3
1225 3773 1287 3825 arte
1303 3766 1392 3824 simili
1407 3765 1477 3822 liliis
1493 3767 1587 3824 lacere
1601 3766 1747 3840 cupiebat.
1756 3766 1829 3824 Cum

120 3853 193 3913 nnis
202 3852 284 3910 illius
298 3855 366 3928 post
378 3871 410 3911 se
423 3870 549 3928 regnare
563 3854 690 3911 deberet.
696 3854 893 3917 constituerat
899 3875 951 3915 su·
1005 3859 1086 3917 enim
1101 3858 1239 3933 primitus
1252 3856 1393 3923 civitates,
1403 3856 1561 3912 Trecorum
1575 3855 1708 3913 videlicet
1718 3855 1830 3912 nehiel-

117 3945 184 4003 (ιι
199 3942 657 4016 mndnmssmqnndiedueem
668 3944 952 4007 Henricumnomine
1005 3949 1191 4016 dorum,cum
1208 3944 1421 4018 multiplicibus
1436 3945 1551 4011 castris,
1561 3942 1604 3999 illi
1620 3944 1828 4018 preripuisset,

115 4034 193 4106 μ
205 4030 360 4105 liuganem
374 4032 649 4105 natum,ipsumque
662 4032 789 4089 decreuit
799 4050 853 4107 pro
864 4036 952 4094 fratre
1005 4042 1072 4112 post
1087 4040 1208 4093 mortem
1225 4036 1290 4108 ejus
1305 4033 1422 4107 conjugi
1431 4037 1460 4089 et
1475 4031 1545 4088 liliis
1559 4030 1639 4088 illius
1654 4032 1829 4089 Senonicam

116 4118 154 4177 'n
167 4136 296 4196 regnum
309 4119 482 4178 sublimare.
498 4122 555 4178 Sed
568 4138 687 4179 rursum
703 4127 797 4179 mater
814 4123 951 4182 muliebri
1003 4126 1153 4198 subripuit
1167 4124 1280 4190 urbem,
1297 4138 1387 4194 quam
1403 4121 1492 4177 etiam
1506 4125 1578 4177 tunc
1603 4121 1745 4177 adversus
1763 4118 1829 4176 illos

117 4208 449 4285 uimmmagitntn,
464 4215 526 4267 tem
541 4214 656 4283 epatre
670 4226 760 4283 quam
784 4229 803 4268 a
827 4214 949 4284 ceteris,
1003 4210 1539 4286 inlamispossessorvallaverat.0uod
1549 4209 1828 4277 cernensllenricus,

159 2736 256 2797 Leone
272 2756 383 2812 presso,
398 2738 479 2814 virgo
495 2740 584 2797 solem
598 2746 724 2815 ceperat,

157 2826 220 2884 Τιιιι
235 2845 304 2885 cum
320 2828 404 2886 dirus
418 2830 551 2886 membra
566 2828 660 2904 pallor
674 2836 806 2906 occupat.

159 2914 251 2974 Danis
264 2914 369 2975 diebus
385 2922 462 2975 sorte
477 2919 510 2975 fit
519 2916 569 2975 lux
583 2919 718 2994 septima,

161 3006 202 3064 'le
215 3006 294 3081 patri
308 3006 387 3064 lama
400 3006 564 3081 perdidisse
579 3009 705 3066 nuntiat.

111 3100 114 3105 ’
161 3095 227 3154 lam
242 3096 428 3165 seculorum,
444 3114 540 3167 cerne,
556 3101 652 3155 rector
665 3099 785 3172 optime,

133 3172 138 3179 ⁴
161 3184 285 3243 Gentem
298 3184 475 3242 Francorum
490 3186 540 3259 qui
556 3191 638 3261 regat
652 3187 811 3259 tutissime,

160 3272 341 3349 llostemque
356 3292 464 3331 savum
480 3275 574 3332 valeat
588 3275 726 3350 repellere
741 3293 748 3333 :

157 3363 283 3421 Pactum
299 3363 407 3437 quietis
421 3362 464 3421 illi
479 3365 518 3421 da
531 3370 689 3440 perpetue.

117 4298 173 4375 qul
194 4297 274 4373 pull
296 4297 378 4356 illius
400 4299 545 4369 lavabant,
570 4299 719 4367 dissentit,
734 4301 858 4358 dicens:
879 4304 950 4360 'l'er-
1004 4319 1073 4360 aera
1087 4300 1177 4358 animi
1192 4298 1341 4356 ferocitate
1355 4298 1459 4355 tandiu
1476 4297 1561 4354 illum
1571 4296 1723 4354 insecutus
1732 4300 1830 4355 estdo·

117 4386 527 4462 mmmgntmurteramm
535 4388 768 4462 prestantiorem
777 4390 950 4465 lorefilium,
1003 4389 1152 4457 bellando,
1167 4403 1322 4462 quousque
1336 4403 1413 4462 genu
1434 4387 1553 4444 flectens
1574 4386 1600 4442 el
1623 4403 1656 4444 se
1678 4387 1827 4458 subderet,

120 4476 178 4550 qui
189 4477 952 4554 st·ltobsmpetrimomineeemebsturlloequippe
966 4498 990 4565 D
1004 4481 1128 4552 eiusque
1141 4477 1244 4534 ditioni
1261 4476 1400 4534 obediens
1415 4478 1540 4549 pararet.
1556 4476 1626 4532 Erat
1641 4475 1720 4533 enim
1735 4475 1828 4534 isdem

119 4563 324 4625 manuae
335 4565 527 4624 seminarium
542 4565 950 4627 discordieinitDoadunatis
1003 4569 1066 4627 Ode
1081 4573 1167 4626 natus
1182 4583 1217 4623 ex
1238 4565 1298 4623 filia
1320 4565 1487 4622 chuonradi
1510 4565 1587 4640 regis
1609 4565 1828 4622 Austrasiomm

120 4652 253 4729 hique
276 4670 328 4712 rex
349 4654 503 4728 metropoli
531 4655 632 4712 Rerms
653 4655 737 4729 regni
760 4656 949 4729 primatibus,
1004 4660 1090 4717 Beria
1111 4657 1239 4725 nomine,
1255 4655 1323 4713 licet
1337 4673 1355 4712 a
1369 4655 1461 4729 patris
1486 4655 1533 4712 sui
1558 4654 1674 4728 proavis
1699 4655 1828 4711 obseura

119 4742 265 4801 ambivit
278 4743 360 4818 regni
375 4759 493 4801 corona
501 4744 672 4810 licerinum,
687 4759 776 4818 quem
790 4745 947 4820 delegerat.
1004 4747 1136 4805 duxisset
1152 4761 1246 4819 genus
1269 4743 1363 4800 linem.
1380 4744 1414 4800 Εἰ
1440 4743 1580 4817 quoniam
1605 4742 1667 4815 regi
1691 4740 1827 4806 liedulfo,

122 4830 341 4891 hardenum
355 4836 431 4906 post-
441 4831 562 4906 aliquod
587 4831 727 4906 temporis
750 4833 892 4904 spatium,
908 4835 950 4892 illi
1002 4834 1149 4895 avunculo
1173 4831 1286 4892 scilieet
1305 4834 1381 4905 ejus,
1397 4849 1455 4889 non
1480 4837 1544 4888 eret
1567 4831 1664 4904 proles
1678 4828 1748 4901 ulla,
1764 4846 1828 4904 quae

122 4918 181 4979 due
192 4920 313 4990 mirre,
327 4921 446 4978 firmato
460 4920 595 4978 amicitiae
609 4921 731 4988 loedore,
746 4922 891 4996 precipue
913 4925 950 4981 ob
1004 4926 1078 4983 foret
1092 4924 1173 4999 mgni
1188 4923 1290 4990 baeres,
1308 4921 1497 4995 presumpsit
1511 4921 1576 4994 ipso
1591 4919 1713 4987 muenia,
1728 4919 1757 4975 vi
1776 4936 1828 4992 po-

123 5006 311 5068 huisntim
334 5010 440 5067 nutris
463 5026 577 5083 crepere
597 5009 626 5066 vi
654 5009 791 5068 invadere
819 5013 898 5069 meos
922 5019 952 5071 et
1003 5015 1064 5073 tius
1079 5030 1168 5087 quam
1183 5027 1293 5077 amore,
1309 5011 1391 5085 regni
1407 5010 1536 5066 habenas
1552 5007 1716 5082 preripere,
1732 5009 1827 5065 conle-

121 5097 244 5157 uma
256 5099 305 5156 sui
318 5100 424 5172 patris,
433 5116 469 5156 sc
482 5098 674 5156 eircumeirca
684 5099 811 5172 diripere
825 5118 890 5174 qua
898 5119 949 5176 po·

123 5186 219 5247 tuone
230 5189 374 5247 bonorum
387 5187 710 5260 iilius.Nsmille,qnem
724 5205 822 5263 regem
831 5190 948 5260 lecerat,

124 5272 235 5351 benges
246 5276 293 5335 illi
306 5280 437 5335 oestrum
451 5276 761 5350 subripuitzeltervero
772 5277 802 5333 in
813 5278 950 5354 Burgun-

122 5362 176 5423 dio
189 5366 325 5440 pertibus
338 5364 508 5423 Avnllonem
524 5370 612 5438 etque
626 5365 799 5423 Delnensem
816 5366 948 5441 [at.,llel-

122 5450 320 5530 brumll’m
334 5455 445 5528 quibus
460 5472 510 5513 rex
523 5454 605 5529 gravi
620 5453 757 5512 turbatus
771 5459 948 5526 amore,col-

123 5538 217 5616 Ιίςουο
230 5543 392 5602 exereitum
407 5544 873 5619 aseenditssurgmuiamzbeltnm
882 5547 949 5621 plus

1002 5102 1198 5175 rensinsuper
1208 5099 1441 5166 multadonaria,
1453 5102 1486 5154 ut
1499 5098 1704 5156 cisassensum
1719 5098 1828 5170 prebe·

1003 5192 1217 5266 rentprimores
1230 5188 1340 5262 patrie.
1353 5188 1409 5245 Sed
1425 5188 1624 5261 nequidquam
1638 5204 1644 5244 :
1657 5185 1772 5243 Domini
1783 5191 1829 5243 est

1002 5283 1223 5354 enimregnum,
1234 5281 1264 5334 et
1275 5276 1579 5349 cuicunquevoluerit,
1593 5273 1764 5333 dabitillud.
1777 5275 1829 5331 Est
1864 5276 1868 5285 '

1003 5372 1092 5429 etiem
1107 5367 1292 5443 proverbium
1310 5366 1502 5423 :Secundum
1521 5367 1609 5423 fidem
1630 5365 1759 5422 hominis
1774 5363 1830 5420 erit

1002 5459 1118 5518 amicus
1133 5456 1222 5512 illius.
1238 5455 1316 5511 Gens
1330 5452 1408 5510 enim
1425 5453 1571 5527 praecipue
1591 5451 1672 5527 regni
1696 5451 1827 5523 ejusdem

1005 5548 1196 5608 assertionem
1211 5543 1279 5601 ildei
1295 5541 1490 5618 floccipendit,
1512 5548 1542 5601 et
1556 5543 1649 5600 laidus
1663 5557 1716 5615 pro
1737 5537 1827 5595 nihilo
