<?xml version="1.0" encoding="UTF-8"?>
<!DOCTYPE html PUBLIC "-//W3C//DTD XHTML 1.0 Transitional//EN"
    "http://www.w3.org/TR/xhtml1/DTD/xhtml1-transitional.dtd">
<html xmlns="http://www.w3.org/1999/xhtml" xml:lang="en" lang="en">
 <head>
  <title>
</title>
<meta http-equiv="Content-Type" content="text/html;charset=utf-8" />
  <meta name='ocr-system' content='tesseract 3.04.00' />
  <meta name='ocr-capabilities' content='ocr_page ocr_carea ocr_par ocr_line ocrx_word'/>
</head>
<body>
  <div class='ocr_page' id='page_1' title='image "./patrologiaecurs64unkngoog_0468.png"; bbox 0 0 3884 6084; ppageno 0'>
   <div class='ocr_carea' id='block_1_1' title="bbox 95 274 1809 376">
    <p class='ocr_par' dir='ltr' id='par_1_1' title="bbox 95 274 1809 376">
     <span class='ocr_line' id='line_1_1' title="bbox 95 274 1809 376; baseline -0.002 -32"><span class='ocrx_word' id='word_1_1' title='bbox 95 280 151 344; x_wconf 77' lang='lat' dir='ltr'>eal</span> <span class='ocrx_word' id='word_1_2' title='bbox 532 372 535 376; x_wconf 10' lang='grc' dir='ltr'><strong>Δ</strong></span> <span class='ocrx_word' id='word_1_3' title='bbox 554 279 587 342; x_wconf 82' lang='lat' dir='ltr'>S.</span> <span class='ocrx_word' id='word_1_4' title='bbox 606 276 787 342; x_wconf 80' lang='lat' dir='ltr'>ODlLONlS</span> <span class='ocrx_word' id='word_1_5' title='bbox 811 274 1091 342; x_wconf 69' lang='lat' dir='ltr'>CLUNIAOENSIS</span> <span class='ocrx_word' id='word_1_6' title='bbox 1114 277 1278 341; x_wconf 74' lang='lat' dir='ltr'>laberis</span> <span class='ocrx_word' id='word_1_7' title='bbox 1301 274 1339 341; x_wconf 85' lang='lat' dir='ltr'>V.</span> <span class='ocrx_word' id='word_1_8' title='bbox 1746 274 1809 340; x_wconf 72' lang='grc'>939</span> 
     </span>
    </p>
   </div>
   <div class='ocr_carea' id='block_1_2' title="bbox 31 410 1828 5496">
    <p class='ocr_par' dir='ltr' id='par_1_2' title="bbox 95 410 1807 753">
     <span class='ocr_line' id='line_1_2' title="bbox 97 410 1807 486; baseline -0.002 -16"><span class='ocrx_word' id='word_1_9' title='bbox 97 416 187 470; x_wconf 80' lang='lat' dir='ltr'>lunda</span> <span class='ocrx_word' id='word_1_10' title='bbox 202 413 286 468; x_wconf 88' lang='lat' dir='ltr'>vallis</span> <span class='ocrx_word' id='word_1_11' title='bbox 310 412 385 468; x_wconf 90' lang='lat' dir='ltr'>inter</span> <span class='ocrx_word' id='word_1_12' title='bbox 408 413 585 485; x_wconf 86' lang='lat' dir='ltr'>asperrimos</span> <span class='ocrx_word' id='word_1_13' title='bbox 608 412 745 486; x_wconf 87' lang='lat' dir='ltr'>scopulos</span> <span class='ocrx_word' id='word_1_14' title='bbox 770 410 918 467; x_wconf 87' lang='lat' dir='ltr'>dilabitur.</span> <span class='ocrx_word' id='word_1_15' title='bbox 933 413 961 480; x_wconf 73' lang='grc' dir='ltr'><strong>Α</strong></span> <span class='ocrx_word' id='word_1_16' title='bbox 977 427 1029 468; x_wconf 86' lang='lat' dir='ltr'>nec</span> <span class='ocrx_word' id='word_1_17' title='bbox 1044 410 1161 484; x_wconf 81' lang='lat' dir='ltr'>aliquod</span> <span class='ocrx_word' id='word_1_18' title='bbox 1177 411 1245 466; x_wconf 89' lang='lat' dir='ltr'>inde</span> <span class='ocrx_word' id='word_1_19' title='bbox 1257 411 1423 467; x_wconf 90' lang='lat' dir='ltr'>remedium</span> <span class='ocrx_word' id='word_1_20' title='bbox 1434 410 1558 468; x_wconf 89' lang='lat' dir='ltr'>inveniri</span> <span class='ocrx_word' id='word_1_21' title='bbox 1568 410 1807 484; x_wconf 69' lang='lat' dir='ltr'>possetdugerut</span> 
     </span>
     <span class='ocr_line' id='line_1_3' title="bbox 96 499 1805 576; baseline -0.001 -18"><span class='ocrx_word' id='word_1_22' title='bbox 96 505 196 559; x_wconf 91' lang='lat' dir='ltr'>lluuut</span> <span class='ocrx_word' id='word_1_23' title='bbox 211 502 374 576; x_wconf 76' lang='lat' dir='ltr'>praecipites</span> <span class='ocrx_word' id='word_1_24' title='bbox 386 500 553 574; x_wconf 74' lang='lat' dir='ltr'>Allobroges</span> <span class='ocrx_word' id='word_1_25' title='bbox 569 501 680 558; x_wconf 77' lang='lat' dir='ltr'>trustra</span> <span class='ocrx_word' id='word_1_26' title='bbox 694 501 862 570; x_wconf 85' lang='lat' dir='ltr'>nitentes,et</span> <span class='ocrx_word' id='word_1_27' title='bbox 877 499 919 556; x_wconf 92' lang='lat' dir='ltr'>ul·</span> <span class='ocrx_word' id='word_1_28' title='bbox 974 517 1097 557; x_wconf 88' lang='lat' dir='ltr'>somnus</span> <span class='ocrx_word' id='word_1_29' title='bbox 1112 501 1148 556; x_wconf 92' lang='lat' dir='ltr'>ab</span> <span class='ocrx_word' id='word_1_30' title='bbox 1164 500 1267 569; x_wconf 82' lang='lat' dir='ltr'>ecelis,</span> <span class='ocrx_word' id='word_1_31' title='bbox 1280 500 1486 556; x_wconf 77' lang='lat' dir='ltr'><strong>fastidiebatur</strong></span> <span class='ocrx_word' id='word_1_32' title='bbox 1496 501 1702 573; x_wconf 89' lang='lat' dir='ltr'>cujuscunque</span> <span class='ocrx_word' id='word_1_33' title='bbox 1718 514 1805 572; x_wconf 85' lang='lat' dir='ltr'>gena·</span> 
     </span>
     <span class='ocr_line' id='line_1_4' title="bbox 95 586 1803 662; baseline -0.002 -14"><span class='ocrx_word' id='word_1_34' title='bbox 95 598 141 648; x_wconf 87' lang='lat' dir='ltr'>tra</span> <span class='ocrx_word' id='word_1_35' title='bbox 162 592 237 647; x_wconf 88' lang='lat' dir='ltr'>vires</span> <span class='ocrx_word' id='word_1_36' title='bbox 261 590 372 662; x_wconf 92' lang='lat' dir='ltr'>aliquid</span> <span class='ocrx_word' id='word_1_37' title='bbox 397 594 545 646; x_wconf 87' lang='lat' dir='ltr'>conantes.</span> <span class='ocrx_word' id='word_1_38' title='bbox 561 590 691 645; x_wconf 83' lang='lat' dir='ltr'>&#39;l&#39;andem</span> <span class='ocrx_word' id='word_1_39' title='bbox 716 593 784 662; x_wconf 85' lang='lat' dir='ltr'>poet</span> <span class='ocrx_word' id='word_1_40' title='bbox 809 587 921 647; x_wconf 83' lang='lat' dir='ltr'>multos</span> <span class='ocrx_word' id='word_1_41' title='bbox 974 590 1111 645; x_wconf 90' lang='lat' dir='ltr'>riscibus</span> <span class='ocrx_word' id='word_1_42' title='bbox 1127 589 1284 661; x_wconf 90' lang='lat' dir='ltr'>nullusque</span> <span class='ocrx_word' id='word_1_43' title='bbox 1305 589 1458 662; x_wconf 74' lang='lat' dir='ltr'>sospitatis</span> <span class='ocrx_word' id='word_1_44' title='bbox 1482 589 1686 645; x_wconf 82' lang='lat' dir='ltr'>inveniebatur</span> <span class='ocrx_word' id='word_1_45' title='bbox 1711 586 1803 646; x_wconf 82' lang='lat' dir='ltr'>locus.</span> 
     </span>
     <span class='ocr_line' id='line_1_5' title="bbox 95 674 1805 753; baseline -0.002 -16"><span class='ocrx_word' id='word_1_46' title='bbox 95 678 922 753; x_wconf 74' lang='lat' dir='ltr'>animiconatus,repertoequosano,etaliquantedenar·-</span> <span class='ocrx_word' id='word_1_47' title='bbox 974 674 1805 750; x_wconf 78' lang='lat' dir='ltr'>Cognoscensitaquevirsenctuscausamtantipericuli,</span> 
     </span>
    </p>

    <p class='ocr_par' dir='ltr' id='par_1_3' title="bbox 31 760 1805 1284">
     <span class='ocr_line' id='line_1_6' title="bbox 31 760 1804 847; baseline -0.003 -20"><span class='ocrx_word' id='word_1_48' title='bbox 31 796 64 847; x_wconf 48' lang='grc' dir='ltr'>,ρ</span> <span class='ocrx_word' id='word_1_49' title='bbox 94 769 209 838; x_wconf 89' lang='lat' dir='ltr'>cinulis,</span> <span class='ocrx_word' id='word_1_50' title='bbox 226 773 405 843; x_wconf 83' lang='lat' dir='ltr'>cognoscunt</span> <span class='ocrx_word' id='word_1_51' title='bbox 419 768 521 824; x_wconf 85' lang='lat' dir='ltr'>deesse</span> <span class='ocrx_word' id='word_1_52' title='bbox 536 767 647 824; x_wconf 90' lang='lat' dir='ltr'>librum</span> <span class='ocrx_word' id='word_1_53' title='bbox 661 772 919 824; x_wconf 80' lang='lat' dir='ltr'>sacramentorum</span> <span class='ocrx_word' id='word_1_54' title='bbox 974 770 1003 822; x_wconf 89' lang='lat' dir='ltr'>et</span> <span class='ocrx_word' id='word_1_55' title='bbox 1018 765 1175 822; x_wconf 82' lang='lat' dir='ltr'>condolens</span> <span class='ocrx_word' id='word_1_56' title='bbox 1190 766 1251 821; x_wconf 92' lang='lat' dir='ltr'>viro</span> <span class='ocrx_word' id='word_1_57' title='bbox 1267 764 1322 822; x_wconf 90' lang='lat' dir='ltr'>sibi</span> <span class='ocrx_word' id='word_1_58' title='bbox 1338 766 1410 822; x_wconf 86' lang='lat' dir='ltr'>satis</span> <span class='ocrx_word' id='word_1_59' title='bbox 1422 765 1711 833; x_wconf 78' lang='lat' dir='ltr'>familiari,seersum</span> <span class='ocrx_word' id='word_1_60' title='bbox 1722 760 1804 822; x_wconf 73' lang='lat' dir='ltr'>illum&#39;</span> 
     </span>
     <span class='ocr_line' id='line_1_7' title="bbox 94 852 1798 930; baseline -0.002 -16"><span class='ocrx_word' id='word_1_61' title='bbox 94 858 189 914; x_wconf 87' lang='lat' dir='ltr'>aureis</span> <span class='ocrx_word' id='word_1_62' title='bbox 203 858 307 914; x_wconf 89' lang='lat' dir='ltr'>litteris</span> <span class='ocrx_word' id='word_1_63' title='bbox 323 858 479 930; x_wconf 84' lang='lat' dir='ltr'>scriptum,</span> <span class='ocrx_word' id='word_1_64' title='bbox 495 873 562 912; x_wconf 87' lang='lat' dir='ltr'>curn</span> <span class='ocrx_word' id='word_1_65' title='bbox 581 857 682 913; x_wconf 90' lang='lat' dir='ltr'>vitreis</span> <span class='ocrx_word' id='word_1_66' title='bbox 705 855 832 913; x_wconf 80' lang='lat' dir='ltr'>vasculis</span> <span class='ocrx_word' id='word_1_67' title='bbox 847 872 916 912; x_wconf 87' lang='lat' dir='ltr'>ane·</span> <span class='ocrx_word' id='word_1_68' title='bbox 974 853 1130 926; x_wconf 86' lang='lat' dir='ltr'>accipiens,</span> <span class='ocrx_word' id='word_1_69' title='bbox 1147 871 1235 928; x_wconf 88' lang='lat' dir='ltr'>super</span> <span class='ocrx_word' id='word_1_70' title='bbox 1259 852 1355 910; x_wconf 85' lang='lat' dir='ltr'>locum</span> <span class='ocrx_word' id='word_1_71' title='bbox 1382 854 1491 910; x_wconf 90' lang='lat' dir='ltr'>doloris</span> <span class='ocrx_word' id='word_1_72' title='bbox 1514 854 1633 927; x_wconf 88' lang='lat' dir='ltr'>signum</span> <span class='ocrx_word' id='word_1_73' title='bbox 1658 853 1798 926; x_wconf 76' lang='lat' dir='ltr'>imprimit</span> 
     </span>
     <span class='ocr_line' id='line_1_8' title="bbox 93 941 1795 1022; baseline -0.002 -19"><span class='ocrx_word' id='word_1_74' title='bbox 93 947 201 1022; x_wconf 86' lang='lat' dir='ltr'>plypho</span> <span class='ocrx_word' id='word_1_75' title='bbox 216 964 301 1019; x_wconf 90' lang='lat' dir='ltr'>opere</span> <span class='ocrx_word' id='word_1_76' title='bbox 316 947 529 1011; x_wconf 75' lang='lat' dir='ltr'>formatisouee</span> <span class='ocrx_word' id='word_1_77' title='bbox 545 962 590 1002; x_wconf 89' lang='lat' dir='ltr'>res</span> <span class='ocrx_word' id='word_1_78' title='bbox 606 963 663 1002; x_wconf 90' lang='lat' dir='ltr'>nan</span> <span class='ocrx_word' id='word_1_79' title='bbox 679 963 783 1019; x_wconf 90' lang='lat' dir='ltr'>parum</span> <span class='ocrx_word' id='word_1_80' title='bbox 798 946 853 1001; x_wconf 90' lang='lat' dir='ltr'>viri</span> <span class='ocrx_word' id='word_1_81' title='bbox 870 945 919 1000; x_wconf 85' lang='lat' dir='ltr'>Dei</span> <span class='ocrx_word' id='word_1_82' title='bbox 974 947 1080 999; x_wconf 85' lang='lat' dir='ltr'>sancte</span> <span class='ocrx_word' id='word_1_83' title='bbox 1093 944 1189 1001; x_wconf 88' lang='lat' dir='ltr'>crucis</span> <span class='ocrx_word' id='word_1_84' title='bbox 1203 960 1272 1001; x_wconf 87' lang='lat' dir='ltr'>cum</span> <span class='ocrx_word' id='word_1_85' title='bbox 1284 941 1483 1001; x_wconf 84' lang='lat' dir='ltr'>insufflatione</span> <span class='ocrx_word' id='word_1_86' title='bbox 1498 943 1557 1000; x_wconf 89' lang='lat' dir='ltr'>oris</span> <span class='ocrx_word' id='word_1_87' title='bbox 1572 947 1601 999; x_wconf 90' lang='lat' dir='ltr'>et</span> <span class='ocrx_word' id='word_1_88' title='bbox 1616 944 1726 998; x_wconf 87' lang='lat' dir='ltr'>virtute</span> <span class='ocrx_word' id='word_1_89' title='bbox 1739 959 1795 999; x_wconf 81' lang='lat' dir='ltr'>ore·</span> 
     </span>
     <span class='ocr_line' id='line_1_9' title="bbox 93 1031 1796 1106; baseline -0.002 -13"><span class='ocrx_word' id='word_1_90' title='bbox 93 1035 287 1094; x_wconf 77' lang='lat' dir='ltr'>moestificavit</span> <span class='ocrx_word' id='word_1_91' title='bbox 302 1037 446 1096; x_wconf 86' lang='lat' dir='ltr'>animum.</span> <span class='ocrx_word' id='word_1_92' title='bbox 462 1051 563 1090; x_wconf 91' lang='lat' dir='ltr'>verum</span> <span class='ocrx_word' id='word_1_93' title='bbox 579 1051 646 1090; x_wconf 91' lang='lat' dir='ltr'>cum</span> <span class='ocrx_word' id='word_1_94' title='bbox 661 1034 709 1090; x_wconf 89' lang='lat' dir='ltr'>his</span> <span class='ocrx_word' id='word_1_95' title='bbox 724 1051 787 1106; x_wconf 81' lang='lat' dir='ltr'>que</span> <span class='ocrx_word' id='word_1_96' title='bbox 805 1049 919 1106; x_wconf 89' lang='lat' dir='ltr'>repere·</span> <span class='ocrx_word' id='word_1_97' title='bbox 974 1031 1073 1100; x_wconf 88' lang='lat' dir='ltr'>tionis,</span> <span class='ocrx_word' id='word_1_98' title='bbox 1088 1031 1237 1103; x_wconf 86' lang='lat' dir='ltr'>spendens</span> <span class='ocrx_word' id='word_1_99' title='bbox 1251 1048 1292 1100; x_wconf 87' lang='lat' dir='ltr'>se,</span> <span class='ocrx_word' id='word_1_100' title='bbox 1308 1032 1379 1089; x_wconf 92' lang='lat' dir='ltr'>dum</span> <span class='ocrx_word' id='word_1_101' title='bbox 1394 1031 1505 1087; x_wconf 88' lang='lat' dir='ltr'>veniret</span> <span class='ocrx_word' id='word_1_102' title='bbox 1520 1032 1557 1088; x_wconf 89' lang='lat' dir='ltr'>ad</span> <span class='ocrx_word' id='word_1_103' title='bbox 1572 1031 1796 1104; x_wconf 89' lang='lat' dir='ltr'>hospitium,pre</span> 
     </span>
     <span class='ocr_line' id='line_1_10' title="bbox 92 1112 1805 1197; baseline -0.003 -15"><span class='ocrx_word' id='word_1_104' title='bbox 92 1129 265 1197; x_wconf 84' lang='lat' dir='ltr'>rantcoepto</span> <span class='ocrx_word' id='word_1_105' title='bbox 290 1125 394 1181; x_wconf 89' lang='lat' dir='ltr'>itinere</span> <span class='ocrx_word' id='word_1_106' title='bbox 417 1124 635 1197; x_wconf 79' lang='lat' dir='ltr'>gradiebantur.</span> <span class='ocrx_word' id='word_1_107' title='bbox 652 1123 920 1195; x_wconf 82' lang='lat' dir='ltr'>Advesperascentc</span> <span class='ocrx_word' id='word_1_108' title='bbox 974 1118 1023 1175; x_wconf 91' lang='lat' dir='ltr'>illo</span> <span class='ocrx_word' id='word_1_109' title='bbox 1039 1120 1216 1176; x_wconf 82' lang='lat' dir='ltr'>sacrificium</span> <span class='ocrx_word' id='word_1_110' title='bbox 1243 1120 1347 1176; x_wconf 81' lang='lat' dir='ltr'>ollerre</span> <span class='ocrx_word' id='word_1_111' title='bbox 1375 1119 1531 1177; x_wconf 79' lang='lat' dir='ltr'>saltatiierae</span> <span class='ocrx_word' id='word_1_112' title='bbox 1560 1112 1805 1177; x_wconf 79' lang='lat' dir='ltr'>oblationistiec¹</span> 
     </span>
     <span class='ocr_line' id='line_1_11' title="bbox 92 1208 1792 1284; baseline -0.005 -12"><span class='ocrx_word' id='word_1_113' title='bbox 92 1222 189 1272; x_wconf 85' lang='lat' dir='ltr'>autem</span> <span class='ocrx_word' id='word_1_114' title='bbox 205 1216 262 1282; x_wconf 92' lang='lat' dir='ltr'>die,</span> <span class='ocrx_word' id='word_1_115' title='bbox 279 1215 457 1270; x_wconf 89' lang='lat' dir='ltr'>devenerunt</span> <span class='ocrx_word' id='word_1_116' title='bbox 472 1214 507 1268; x_wconf 92' lang='lat' dir='ltr'>ad</span> <span class='ocrx_word' id='word_1_117' title='bbox 524 1213 682 1284; x_wconf 89' lang='lat' dir='ltr'>quamdam</span> <span class='ocrx_word' id='word_1_118' title='bbox 698 1211 800 1268; x_wconf 88' lang='lat' dir='ltr'>cellam</span> <span class='ocrx_word' id='word_1_119' title='bbox 817 1215 918 1268; x_wconf 86' lang='lat' dir='ltr'>sancto</span> <span class='ocrx_word' id='word_1_120' title='bbox 973 1225 1055 1265; x_wconf 91' lang='lat' dir='ltr'>mora</span> <span class='ocrx_word' id='word_1_121' title='bbox 1067 1226 1073 1264; x_wconf 90' lang='lat'>:</span> <span class='ocrx_word' id='word_1_122' title='bbox 1087 1212 1186 1264; x_wconf 92' lang='lat' dir='ltr'>sancto</span> <span class='ocrx_word' id='word_1_123' title='bbox 1202 1209 1492 1273; x_wconf 85' lang='lat' dir='ltr'>recedente‚somnus</span> <span class='ocrx_word' id='word_1_124' title='bbox 1506 1208 1555 1265; x_wconf 90' lang='lat' dir='ltr'>diu</span> <span class='ocrx_word' id='word_1_125' title='bbox 1568 1208 1792 1283; x_wconf 82' lang='lat' dir='ltr'>negetuspradi·</span> 
     </span>
    </p>

    <p class='ocr_par' dir='ltr' id='par_1_4' title="bbox 34 1296 1790 3235">
     <span class='ocr_line' id='line_1_12' title="bbox 34 1296 1790 1378; baseline -0.004 -19"><span class='ocrx_word' id='word_1_126' title='bbox 34 1323 37 1327; x_wconf 66' lang='grc'><em>’</em></span> <span class='ocrx_word' id='word_1_127' title='bbox 92 1304 229 1378; x_wconf 76' lang='lat' dir='ltr'>liuganda</span> <span class='ocrx_word' id='word_1_128' title='bbox 257 1303 352 1359; x_wconf 90' lang='lat' dir='ltr'>abbati</span> <span class='ocrx_word' id='word_1_129' title='bbox 379 1303 447 1373; x_wconf 89' lang='lat' dir='ltr'>jure</span> <span class='ocrx_word' id='word_1_130' title='bbox 474 1301 700 1367; x_wconf 87' lang='lat' dir='ltr'>subditam,ubi</span> <span class='ocrx_word' id='word_1_131' title='bbox 728 1302 919 1357; x_wconf 83' lang='lat' dir='ltr'>bonorifieea</span> <span class='ocrx_word' id='word_1_132' title='bbox 973 1296 1790 1371; x_wconf 83' lang='lat' dir='ltr'>ctumbominemdormirecoegitsvigilansqueperticu-</span> 
     </span>
     <span class='ocr_line' id='line_1_13' title="bbox 92 1384 1787 1462; baseline -0.004 -14"><span class='ocrx_word' id='word_1_133' title='bbox 92 1392 231 1448; x_wconf 85' lang='lat' dir='ltr'>l&#39;ratribus</span> <span class='ocrx_word' id='word_1_134' title='bbox 246 1391 304 1446; x_wconf 88' lang='lat' dir='ltr'>illic</span> <span class='ocrx_word' id='word_1_135' title='bbox 319 1391 506 1446; x_wconf 87' lang='lat' dir='ltr'>manentibus</span> <span class='ocrx_word' id='word_1_136' title='bbox 521 1391 660 1462; x_wconf 85' lang='lat' dir='ltr'>suscepti,</span> <span class='ocrx_word' id='word_1_137' title='bbox 678 1393 744 1462; x_wconf 90' lang='lat' dir='ltr'>post</span> <span class='ocrx_word' id='word_1_138' title='bbox 756 1388 915 1445; x_wconf 85' lang='lat' dir='ltr'>exhibitam</span> <span class='ocrx_word' id='word_1_139' title='bbox 974 1385 1032 1448; x_wconf 87' lang='lat' dir='ltr'>lam</span> <span class='ocrx_word' id='word_1_140' title='bbox 1048 1386 1165 1441; x_wconf 86' lang='lat' dir='ltr'>corticis</span> <span class='ocrx_word' id='word_1_141' title='bbox 1180 1387 1216 1444; x_wconf 88' lang='lat' dir='ltr'>ab</span> <span class='ocrx_word' id='word_1_142' title='bbox 1232 1384 1315 1441; x_wconf 92' lang='lat' dir='ltr'>oculo</span> <span class='ocrx_word' id='word_1_143' title='bbox 1330 1403 1398 1441; x_wconf 93' lang='lat' dir='ltr'>cum</span> <span class='ocrx_word' id='word_1_144' title='bbox 1413 1388 1540 1458; x_wconf 90' lang='lat' dir='ltr'>quadam</span> <span class='ocrx_word' id='word_1_145' title='bbox 1555 1385 1698 1460; x_wconf 79' lang='lat' dir='ltr'>lanugine</span> <span class='ocrx_word' id='word_1_146' title='bbox 1711 1386 1787 1442; x_wconf 84' lang='lat' dir='ltr'>dedu·</span> 
     </span>
     <span class='ocr_line' id='line_1_14' title="bbox 91 1472 1786 1549; baseline -0.004 -13"><span class='ocrx_word' id='word_1_147' title='bbox 91 1480 304 1536; x_wconf 84' lang='lat' dir='ltr'>humanitatem</span> <span class='ocrx_word' id='word_1_148' title='bbox 326 1480 508 1549; x_wconf 80' lang='lat' dir='ltr'>quieremnt.</span> <span class='ocrx_word' id='word_1_149' title='bbox 526 1479 677 1534; x_wconf 84' lang='lat' dir='ltr'>Delluebat</span> <span class='ocrx_word' id='word_1_150' title='bbox 701 1483 797 1534; x_wconf 90' lang='lat' dir='ltr'>autem</span> <span class='ocrx_word' id='word_1_151' title='bbox 823 1479 918 1534; x_wconf 87' lang='lat' dir='ltr'>imber</span> <span class='ocrx_word' id='word_1_152' title='bbox 972 1479 1049 1530; x_wconf 89' lang='lat' dir='ltr'>ctam</span> <span class='ocrx_word' id='word_1_153' title='bbox 1067 1474 1187 1541; x_wconf 80' lang='lat' dir='ltr'>invenit,</span> <span class='ocrx_word' id='word_1_154' title='bbox 1203 1477 1231 1529; x_wconf 90' lang='lat' dir='ltr'>et</span> <span class='ocrx_word' id='word_1_155' title='bbox 1258 1472 1395 1546; x_wconf 70' lang='lat' dir='ltr'>praeteriti</span> <span class='ocrx_word' id='word_1_156' title='bbox 1417 1472 1527 1529; x_wconf 88' lang='lat' dir='ltr'>doloris</span> <span class='ocrx_word' id='word_1_157' title='bbox 1552 1472 1721 1531; x_wconf 74' lang='lat' dir='ltr'>molestiam</span> <span class='ocrx_word' id='word_1_158' title='bbox 1741 1489 1786 1530; x_wconf 85' lang='lat' dir='ltr'>auu</span> 
     </span>
     <span class='ocr_line' id='line_1_15' title="bbox 90 1562 1785 1641; baseline -0.005 -16"><span class='ocrx_word' id='word_1_159' title='bbox 90 1570 228 1641; x_wconf 89' lang='lat' dir='ltr'>copiosus</span> <span class='ocrx_word' id='word_1_160' title='bbox 243 1569 359 1622; x_wconf 86' lang='lat' dir='ltr'>nivibus</span> <span class='ocrx_word' id='word_1_161' title='bbox 375 1568 559 1623; x_wconf 83' lang='lat' dir='ltr'>commistus.</span> <span class='ocrx_word' id='word_1_162' title='bbox 575 1566 625 1621; x_wconf 81' lang='lat' dir='ltr'>Vir</span> <span class='ocrx_word' id='word_1_163' title='bbox 640 1570 738 1622; x_wconf 88' lang='lat' dir='ltr'>autem</span> <span class='ocrx_word' id='word_1_164' title='bbox 750 1567 862 1622; x_wconf 86' lang='lat' dir='ltr'>Domini</span> <span class='ocrx_word' id='word_1_165' title='bbox 876 1566 918 1622; x_wconf 92' lang='lat' dir='ltr'>in·</span> <span class='ocrx_word' id='word_1_166' title='bbox 973 1563 1144 1618; x_wconf 85' lang='lat' dir='ltr'>sensitlliox</span> <span class='ocrx_word' id='word_1_167' title='bbox 1160 1563 1248 1617; x_wconf 89' lang='lat' dir='ltr'>etiam</span> <span class='ocrx_word' id='word_1_168' title='bbox 1265 1563 1363 1617; x_wconf 90' lang='lat' dir='ltr'>eibum</span> <span class='ocrx_word' id='word_1_169' title='bbox 1379 1563 1499 1617; x_wconf 92' lang='lat' dir='ltr'>omnino</span> <span class='ocrx_word' id='word_1_170' title='bbox 1521 1562 1687 1617; x_wconf 81' lang='lat' dir='ltr'>fastiditum</span> <span class='ocrx_word' id='word_1_171' title='bbox 1702 1562 1785 1636; x_wconf 85' lang='lat' dir='ltr'>requi·</span> 
     </span>
     <span class='ocr_line' id='line_1_16' title="bbox 91 1650 1783 1728; baseline -0.003 -16"><span class='ocrx_word' id='word_1_172' title='bbox 91 1658 176 1712; x_wconf 89' lang='lat' dir='ltr'>timat</span> <span class='ocrx_word' id='word_1_173' title='bbox 191 1657 408 1728; x_wconf 80' lang='lat' dir='ltr'>fratribusque</span> <span class='ocrx_word' id='word_1_174' title='bbox 425 1654 480 1712; x_wconf 91' lang='lat' dir='ltr'>sibi</span> <span class='ocrx_word' id='word_1_175' title='bbox 495 1656 671 1720; x_wconf 88' lang='lat' dir='ltr'>acciderent,</span> <span class='ocrx_word' id='word_1_176' title='bbox 688 1671 806 1710; x_wconf 90' lang='lat' dir='ltr'>summa</span> <span class='ocrx_word' id='word_1_177' title='bbox 830 1670 917 1727; x_wconf 82' lang='lat' dir='ltr'>expo·</span> <span class='ocrx_word' id='word_1_178' title='bbox 973 1652 1020 1721; x_wconf 89' lang='lat' dir='ltr'>rit,</span> <span class='ocrx_word' id='word_1_179' title='bbox 1036 1669 1103 1707; x_wconf 92' lang='lat' dir='ltr'>cum</span> <span class='ocrx_word' id='word_1_180' title='bbox 1119 1651 1264 1707; x_wconf 83' lang='lat' dir='ltr'>desiderio</span> <span class='ocrx_word' id='word_1_181' title='bbox 1279 1651 1380 1714; x_wconf 82' lang='lat' dir='ltr'>sumit</span> <span class='ocrx_word' id='word_1_182' title='bbox 1397 1667 1516 1723; x_wconf 77' lang='lat' dir='ltr'>suaeque</span> <span class='ocrx_word' id='word_1_183' title='bbox 1534 1650 1717 1707; x_wconf 87' lang='lat' dir='ltr'>liberationis</span> <span class='ocrx_word' id='word_1_184' title='bbox 1730 1667 1783 1707; x_wconf 85' lang='lat' dir='ltr'>cau-</span> 
     </span>
     <span class='ocr_line' id='line_1_17' title="bbox 90 1740 1779 1818; baseline -0.002 -17"><span class='ocrx_word' id='word_1_185' title='bbox 90 1762 175 1802; x_wconf 90' lang='lat' dir='ltr'>seens</span> <span class='ocrx_word' id='word_1_186' title='bbox 191 1761 325 1818; x_wconf 69' lang='lat' dir='ltr'>precene</span> <span class='ocrx_word' id='word_1_187' title='bbox 346 1745 556 1817; x_wconf 85' lang='lat' dir='ltr'>pigritarentur</span> <span class='ocrx_word' id='word_1_188' title='bbox 575 1744 610 1799; x_wconf 90' lang='lat' dir='ltr'>ad</span> <span class='ocrx_word' id='word_1_189' title='bbox 634 1745 735 1800; x_wconf 87' lang='lat' dir='ltr'>eadem</span> <span class='ocrx_word' id='word_1_190' title='bbox 755 1742 819 1800; x_wconf 89' lang='lat' dir='ltr'>loca</span> <span class='ocrx_word' id='word_1_191' title='bbox 839 1761 918 1800; x_wconf 86' lang='lat' dir='ltr'>scru—</span> <span class='ocrx_word' id='word_1_192' title='bbox 973 1757 1036 1797; x_wconf 91' lang='lat' dir='ltr'>sam</span> <span class='ocrx_word' id='word_1_193' title='bbox 1053 1759 1112 1814; x_wconf 78' lang='lat' dir='ltr'>pre</span> <span class='ocrx_word' id='word_1_194' title='bbox 1127 1742 1236 1814; x_wconf 86' lang='lat' dir='ltr'>gaudio</span> <span class='ocrx_word' id='word_1_195' title='bbox 1257 1757 1308 1813; x_wconf 87' lang='lat' dir='ltr'>per</span> <span class='ocrx_word' id='word_1_196' title='bbox 1331 1740 1545 1796; x_wconf 89' lang='lat' dir='ltr'>internuntium</span> <span class='ocrx_word' id='word_1_197' title='bbox 1567 1741 1632 1796; x_wconf 90' lang='lat' dir='ltr'>viro</span> <span class='ocrx_word' id='word_1_198' title='bbox 1655 1740 1705 1796; x_wconf 89' lang='lat' dir='ltr'>Dci</span> <span class='ocrx_word' id='word_1_199' title='bbox 1720 1741 1779 1814; x_wconf 86' lang='lat' dir='ltr'>apud</span> 
     </span>
     <span class='ocr_line' id='line_1_18' title="bbox 90 1828 1777 1905; baseline -0.002 -16"><span class='ocrx_word' id='word_1_200' title='bbox 90 1834 178 1890; x_wconf 86' lang='lat' dir='ltr'>tanda</span> <span class='ocrx_word' id='word_1_201' title='bbox 193 1835 338 1901; x_wconf 85' lang='lat' dir='ltr'>accedere,</span> <span class='ocrx_word' id='word_1_202' title='bbox 357 1833 381 1888; x_wconf 90' lang='lat' dir='ltr'>si</span> <span class='ocrx_word' id='word_1_203' title='bbox 404 1833 477 1888; x_wconf 78' lang='lat' dir='ltr'>torte</span> <span class='ocrx_word' id='word_1_204' title='bbox 501 1837 637 1888; x_wconf 89' lang='lat' dir='ltr'>auratum</span> <span class='ocrx_word' id='word_1_205' title='bbox 660 1832 767 1887; x_wconf 88' lang='lat' dir='ltr'>librum</span> <span class='ocrx_word' id='word_1_206' title='bbox 790 1831 917 1905; x_wconf 85' lang='lat' dir='ltr'>reperire</span> <span class='ocrx_word' id='word_1_207' title='bbox 971 1829 1159 1901; x_wconf 68' lang='lat' dir='ltr'>silvigiacum</span> <span class='ocrx_word' id='word_1_208' title='bbox 1180 1833 1324 1902; x_wconf 65' lang='lat' dir='ltr'>(cietque</span> <span class='ocrx_word' id='word_1_209' title='bbox 1345 1830 1410 1902; x_wconf 76' lang='lat' dir='ltr'>Jam</span> <span class='ocrx_word' id='word_1_210' title='bbox 1436 1833 1616 1902; x_wconf 87' lang='lat' dir='ltr'>pervenerat,</span> <span class='ocrx_word' id='word_1_211' title='bbox 1633 1828 1777 1899; x_wconf 71' lang='lat' dir='ltr'>innotescit</span> 
     </span>
     <span class='ocr_line' id='line_1_19' title="bbox 90 1918 1777 1994; baseline -0.001 -17"><span class='ocrx_word' id='word_1_212' title='bbox 90 1920 275 1978; x_wconf 85' lang='lat' dir='ltr'>valerentllli</span> <span class='ocrx_word' id='word_1_213' title='bbox 292 1937 358 1976; x_wconf 90' lang='lat' dir='ltr'>vero</span> <span class='ocrx_word' id='word_1_214' title='bbox 373 1925 470 1976; x_wconf 89' lang='lat' dir='ltr'>mente</span> <span class='ocrx_word' id='word_1_215' title='bbox 486 1921 706 1994; x_wconf 88' lang='lat' dir='ltr'>promptissima</span> <span class='ocrx_word' id='word_1_216' title='bbox 726 1921 871 1993; x_wconf 88' lang='lat' dir='ltr'>spondent</span> <span class='ocrx_word' id='word_1_217' title='bbox 886 1937 917 1979; x_wconf 89' lang='lat' dir='ltr'>se</span> <span class='ocrx_word' id='word_1_218' title='bbox 970 1919 1081 1991; x_wconf 84' lang='lat' dir='ltr'>gratias</span> <span class='ocrx_word' id='word_1_219' title='bbox 1097 1919 1157 1992; x_wconf 87' lang='lat' dir='ltr'>egit</span> <span class='ocrx_word' id='word_1_220' title='bbox 1172 1923 1201 1975; x_wconf 91' lang='lat' dir='ltr'>et</span> <span class='ocrx_word' id='word_1_221' title='bbox 1215 1920 1354 1993; x_wconf 89' lang='lat' dir='ltr'>deinceps</span> <span class='ocrx_word' id='word_1_222' title='bbox 1368 1936 1435 1974; x_wconf 91' lang='lat' dir='ltr'>eum</span> <span class='ocrx_word' id='word_1_223' title='bbox 1449 1919 1479 1974; x_wconf 92' lang='lat' dir='ltr'>in</span> <span class='ocrx_word' id='word_1_224' title='bbox 1495 1934 1604 1992; x_wconf 86' lang='lat' dir='ltr'>magna</span> <span class='ocrx_word' id='word_1_225' title='bbox 1616 1918 1777 1976; x_wconf 82' lang='lat' dir='ltr'>veneratione</span> 
     </span>
     <span class='ocr_line' id='line_1_20' title="bbox 88 2007 1404 2084; baseline -0.004 -17"><span class='ocrx_word' id='word_1_226' title='bbox 88 2011 206 2084; x_wconf 85' lang='lat' dir='ltr'>exsequi</span> <span class='ocrx_word' id='word_1_227' title='bbox 222 2013 287 2082; x_wconf 76' lang='lat' dir='ltr'>eJus</span> <span class='ocrx_word' id='word_1_228' title='bbox 301 2010 525 2076; x_wconf 86' lang='lat' dir='ltr'>mandata.Quis</span> <span class='ocrx_word' id='word_1_229' title='bbox 539 2010 617 2066; x_wconf 88' lang='lat' dir='ltr'>euim</span> <span class='ocrx_word' id='word_1_230' title='bbox 629 2009 703 2065; x_wconf 88' lang='lat' dir='ltr'>tanti</span> <span class='ocrx_word' id='word_1_231' title='bbox 716 2011 768 2064; x_wconf 92' lang='lat' dir='ltr'>viri</span> <span class='ocrx_word' id='word_1_232' title='bbox 781 2010 916 2082; x_wconf 89' lang='lat' dir='ltr'>preclbus</span> <span class='ocrx_word' id='word_1_233' title='bbox 971 2007 1084 2063; x_wconf 89' lang='lat' dir='ltr'>habuit.</span> <span class='ocrx_word' id='word_1_234' title='bbox 1398 2073 1404 2081; x_wconf 15' lang='lat' dir='ltr'>g</span> 
     </span>
     <span class='ocr_line' id='line_1_21' title="bbox 89 2096 1740 2172; baseline -0.002 -17"><span class='ocrx_word' id='word_1_235' title='bbox 89 2117 146 2155; x_wconf 91' lang='lat' dir='ltr'>noa</span> <span class='ocrx_word' id='word_1_236' title='bbox 163 2099 420 2172; x_wconf 88' lang='lat' dir='ltr'>acquiesceret,cui</span> <span class='ocrx_word' id='word_1_237' title='bbox 438 2098 525 2154; x_wconf 86' lang='lat' dir='ltr'>eliam</span> <span class='ocrx_word' id='word_1_238' title='bbox 536 2097 914 2170; x_wconf 87' lang='lat' dir='ltr'>Deusnosterplerumque,</span> <span class='ocrx_word' id='word_1_239' title='bbox 1020 2096 1088 2152; x_wconf 76' lang='lat' dir='ltr'>Car.</span> <span class='ocrx_word' id='word_1_240' title='bbox 1103 2097 1159 2153; x_wconf 82' lang='lat' dir='ltr'>XX.</span> <span class='ocrx_word' id='word_1_241' title='bbox 1178 2129 1210 2140; x_wconf 94' lang='lat'>—</span> <span class='ocrx_word' id='word_1_242' title='bbox 1226 2100 1262 2154; x_wconf 82' lang='lat' dir='ltr'>lle</span> <span class='ocrx_word' id='word_1_243' title='bbox 1276 2099 1403 2154; x_wconf 84' lang='lat' dir='ltr'>clericae</span> <span class='ocrx_word' id='word_1_244' title='bbox 1417 2099 1509 2155; x_wconf 84' lang='lat' dir='ltr'>morto</span> <span class='ocrx_word' id='word_1_245' title='bbox 1524 2098 1633 2153; x_wconf 74' lang='lat' dir='ltr'>brachii</span> <span class='ocrx_word' id='word_1_246' title='bbox 1644 2105 1740 2154; x_wconf 82' lang='lat' dir='ltr'>curato.</span> 
     </span>
     <span class='ocr_line' id='line_1_22' title="bbox 91 2187 1775 2260; baseline -0.001 -18"><span class='ocrx_word' id='word_1_247' title='bbox 91 2194 122 2244; x_wconf 93' lang='lat' dir='ltr'>ut</span> <span class='ocrx_word' id='word_1_248' title='bbox 133 2189 173 2243; x_wconf 89' lang='lat' dir='ltr'>ite</span> <span class='ocrx_word' id='word_1_249' title='bbox 183 2187 415 2258; x_wconf 85' lang='lat' dir='ltr'>dicum,obsequi</span> <span class='ocrx_word' id='word_1_250' title='bbox 430 2187 708 2242; x_wconf 89' lang='lat' dir='ltr'>videbatur.Aur0ra</span> <span class='ocrx_word' id='word_1_251' title='bbox 719 2187 818 2260; x_wconf 91' lang='lat' dir='ltr'>itaque</span> <span class='ocrx_word' id='word_1_252' title='bbox 830 2203 917 2260; x_wconf 88' lang='lat' dir='ltr'>appa·</span> <span class='ocrx_word' id='word_1_253' title='bbox 1005 2187 1136 2250; x_wconf 84' lang='lat' dir='ltr'>Quodam</span> <span class='ocrx_word' id='word_1_254' title='bbox 1147 2187 1235 2244; x_wconf 91' lang='lat' dir='ltr'>etiam</span> <span class='ocrx_word' id='word_1_255' title='bbox 1245 2190 1375 2260; x_wconf 88' lang='lat' dir='ltr'>tempore</span> <span class='ocrx_word' id='word_1_256' title='bbox 1387 2188 1457 2244; x_wconf 91' lang='lat' dir='ltr'>dum</span> <span class='ocrx_word' id='word_1_257' title='bbox 1467 2187 1585 2243; x_wconf 85' lang='lat' dir='ltr'>altoma</span> <span class='ocrx_word' id='word_1_258' title='bbox 1596 2190 1775 2255; x_wconf 84' lang='lat' dir='ltr'>reverteretur,</span> 
     </span>
     <span class='ocr_line' id='line_1_23' title="bbox 90 2272 1778 2350; baseline -0.001 -18"><span class='ocrx_word' id='word_1_259' title='bbox 90 2293 167 2340; x_wconf 88' lang='lat' dir='ltr'>rens,</span> <span class='ocrx_word' id='word_1_260' title='bbox 185 2276 291 2331; x_wconf 86' lang='lat' dir='ltr'>missos</span> <span class='ocrx_word' id='word_1_261' title='bbox 307 2275 417 2349; x_wconf 87' lang='lat' dir='ltr'>dirigit,</span> <span class='ocrx_word' id='word_1_262' title='bbox 430 2276 494 2329; x_wconf 83' lang='lat' dir='ltr'>drea</span> <span class='ocrx_word' id='word_1_263' title='bbox 510 2276 693 2348; x_wconf 88' lang='lat' dir='ltr'>subsequens</span> <span class='ocrx_word' id='word_1_264' title='bbox 708 2276 743 2331; x_wconf 90' lang='lat' dir='ltr'>ad</span> <span class='ocrx_word' id='word_1_265' title='bbox 755 2273 917 2332; x_wconf 90' lang='lat' dir='ltr'>lncndedu·</span> <span class='ocrx_word' id='word_1_266' title='bbox 970 2281 999 2331; x_wconf 88' lang='lat' dir='ltr'>et</span> <span class='ocrx_word' id='word_1_267' title='bbox 1027 2276 1303 2349; x_wconf 83' lang='lat' dir='ltr'>Lucas(3l)cestro</span> <span class='ocrx_word' id='word_1_268' title='bbox 1333 2277 1541 2350; x_wconf 89' lang='lat' dir='ltr'>hospitaretur,</span> <span class='ocrx_word' id='word_1_269' title='bbox 1557 2276 1676 2333; x_wconf 91' lang='lat' dir='ltr'>cuidam</span> <span class='ocrx_word' id='word_1_270' title='bbox 1703 2272 1778 2332; x_wconf 86' lang='lat' dir='ltr'>sancti</span> 
     </span>
     <span class='ocr_line' id='line_1_24' title="bbox 89 2362 1774 2436; baseline 0.002 -19"><span class='ocrx_word' id='word_1_271' title='bbox 89 2364 128 2418; x_wconf 87' lang='lat' dir='ltr'>eit</span> <span class='ocrx_word' id='word_1_272' title='bbox 144 2363 212 2436; x_wconf 82' lang='lat'>(33),</span> <span class='ocrx_word' id='word_1_273' title='bbox 229 2362 336 2417; x_wconf 89' lang='lat' dir='ltr'>librum</span> <span class='ocrx_word' id='word_1_274' title='bbox 354 2362 499 2434; x_wconf 90' lang='lat' dir='ltr'>perditum</span> <span class='ocrx_word' id='word_1_275' title='bbox 516 2378 582 2417; x_wconf 87' lang='lat' dir='ltr'>cum</span> <span class='ocrx_word' id='word_1_276' title='bbox 593 2362 849 2435; x_wconf 81' lang='lat' dir='ltr'>vasisrcquirunt3</span> <span class='ocrx_word' id='word_1_277' title='bbox 861 2365 912 2420; x_wconf 90' lang='lat' dir='ltr'>sed</span> <span class='ocrx_word' id='word_1_278' title='bbox 970 2364 1087 2421; x_wconf 87' lang='lat' dir='ltr'>Martini</span> <span class='ocrx_word' id='word_1_279' title='bbox 1104 2364 1284 2422; x_wconf 83' lang='lat' dir='ltr'>Turonensis</span> <span class='ocrx_word' id='word_1_280' title='bbox 1297 2365 1656 2431; x_wconf 83' lang='lat' dir='ltr'>canonico,drcbimbaldo</span> <span class='ocrx_word' id='word_1_281' title='bbox 1668 2364 1774 2433; x_wconf 90' lang='lat' dir='ltr'>nominc,</span> 
     </span>
     <span class='ocr_line' id='line_1_25' title="bbox 90 2448 1776 2527; baseline -0.001 -18"><span class='ocrx_word' id='word_1_282' title='bbox 90 2454 153 2525; x_wconf 89' lang='lat' dir='ltr'>ipso</span> <span class='ocrx_word' id='word_1_283' title='bbox 168 2468 222 2507; x_wconf 88' lang='lat' dir='ltr'>suo</span> <span class='ocrx_word' id='word_1_284' title='bbox 238 2450 335 2506; x_wconf 87' lang='lat' dir='ltr'>labore</span> <span class='ocrx_word' id='word_1_285' title='bbox 351 2450 462 2505; x_wconf 89' lang='lat' dir='ltr'>diutius</span> <span class='ocrx_word' id='word_1_286' title='bbox 478 2448 589 2523; x_wconf 81' lang='lat' dir='ltr'>fatigati</span> <span class='ocrx_word' id='word_1_287' title='bbox 605 2450 668 2506; x_wconf 91' lang='lat' dir='ltr'>sine</span> <span class='ocrx_word' id='word_1_288' title='bbox 684 2451 779 2507; x_wconf 86' lang='lat' dir='ltr'>lructu</span> <span class='ocrx_word' id='word_1_289' title='bbox 795 2452 830 2506; x_wconf 91' lang='lat' dir='ltr'>ad</span> <span class='ocrx_word' id='word_1_290' title='bbox 847 2468 913 2524; x_wconf 91' lang='lat' dir='ltr'>pro·</span> <span class='ocrx_word' id='word_1_291' title='bbox 970 2453 1075 2510; x_wconf 88' lang='lat' dir='ltr'>lethale</span> <span class='ocrx_word' id='word_1_292' title='bbox 1092 2454 1198 2510; x_wconf 93' lang='lat' dir='ltr'>vulnus</span> <span class='ocrx_word' id='word_1_293' title='bbox 1214 2455 1242 2509; x_wconf 93' lang='lat' dir='ltr'>in</span> <span class='ocrx_word' id='word_1_294' title='bbox 1259 2454 1379 2511; x_wconf 87' lang='lat' dir='ltr'>brachio</span> <span class='ocrx_word' id='word_1_295' title='bbox 1394 2455 1654 2527; x_wconf 79' lang='lat' dir='ltr'>excreveratquod</span> <span class='ocrx_word' id='word_1_296' title='bbox 1668 2454 1720 2511; x_wconf 92' lang='lat' dir='ltr'>sibi</span> <span class='ocrx_word' id='word_1_297' title='bbox 1732 2470 1776 2510; x_wconf 91' lang='lat' dir='ltr'>nan</span> 
     </span>
     <span class='ocr_line' id='line_1_26' title="bbox 90 2539 1777 2616; baseline 0.001 -20"><span class='ocrx_word' id='word_1_298' title='bbox 90 2541 152 2613; x_wconf 87' lang='lat' dir='ltr'>pria</span> <span class='ocrx_word' id='word_1_299' title='bbox 164 2540 389 2596; x_wconf 79' lang='lat' dir='ltr'>redeuntllraut</span> <span class='ocrx_word' id='word_1_300' title='bbox 404 2543 518 2594; x_wconf 88' lang='lat' dir='ltr'>montes</span> <span class='ocrx_word' id='word_1_301' title='bbox 532 2544 561 2593; x_wconf 92' lang='lat' dir='ltr'>et</span> <span class='ocrx_word' id='word_1_302' title='bbox 575 2539 816 2612; x_wconf 84' lang='lat' dir='ltr'>circumjacentes</span> <span class='ocrx_word' id='word_1_303' title='bbox 827 2541 915 2598; x_wconf 88' lang='lat' dir='ltr'>colles</span> <span class='ocrx_word' id='word_1_304' title='bbox 965 2544 1029 2616; x_wconf 86' lang='lat' dir='ltr'>jem</span> <span class='ocrx_word' id='word_1_305' title='bbox 1044 2542 1281 2616; x_wconf 87' lang='lat' dir='ltr'>languorcm‚sed</span> <span class='ocrx_word' id='word_1_306' title='bbox 1299 2545 1393 2616; x_wconf 89' lang='lat' dir='ltr'>ipsam</span> <span class='ocrx_word' id='word_1_307' title='bbox 1410 2552 1532 2600; x_wconf 87' lang='lat' dir='ltr'>mortem</span> <span class='ocrx_word' id='word_1_308' title='bbox 1545 2560 1619 2616; x_wconf 91' lang='lat' dir='ltr'>pene</span> <span class='ocrx_word' id='word_1_309' title='bbox 1629 2543 1777 2599; x_wconf 88' lang='lat' dir='ltr'>intermina·</span> 
     </span>
     <span class='ocr_line' id='line_1_27' title="bbox 88 2628 1778 2706; baseline 0.001 -20"><span class='ocrx_word' id='word_1_310' title='bbox 88 2628 439 2686; x_wconf 86' lang='lat' dir='ltr'>tantadensitatenivium</span> <span class='ocrx_word' id='word_1_311' title='bbox 454 2628 628 2699; x_wconf 90' lang='lat' dir='ltr'>cooperti‚ut</span> <span class='ocrx_word' id='word_1_312' title='bbox 642 2645 709 2701; x_wconf 86' lang='lat' dir='ltr'>spes</span> <span class='ocrx_word' id='word_1_313' title='bbox 720 2628 802 2686; x_wconf 90' lang='lat' dir='ltr'>nulla</span> <span class='ocrx_word' id='word_1_314' title='bbox 813 2647 914 2703; x_wconf 87' lang='lat' dir='ltr'>super·</span> <span class='ocrx_word' id='word_1_315' title='bbox 970 2650 999 2688; x_wconf 91' lang='lat' dir='ltr'>rc</span> <span class='ocrx_word' id='word_1_316' title='bbox 1015 2633 1292 2689; x_wconf 71' lang='lat' dir='ltr'>videmiaedcccdit</span> <span class='ocrx_word' id='word_1_317' title='bbox 1306 2633 1404 2706; x_wconf 89' lang='lat' dir='ltr'>itaque</span> <span class='ocrx_word' id='word_1_318' title='bbox 1417 2634 1452 2688; x_wconf 88' lang='lat' dir='ltr'>ad</span> <span class='ocrx_word' id='word_1_319' title='bbox 1464 2637 1643 2699; x_wconf 86' lang='lat' dir='ltr'>sanetum,et</span> <span class='ocrx_word' id='word_1_320' title='bbox 1653 2637 1732 2688; x_wconf 83' lang='lat' dir='ltr'>tante</span> <span class='ocrx_word' id='word_1_321' title='bbox 1741 2647 1778 2688; x_wconf 83' lang='lat' dir='ltr'>ne</span> 
     </span>
     <span class='ocr_line' id='line_1_28' title="bbox 88 2716 1777 2794; baseline 0.001 -19"><span class='ocrx_word' id='word_1_322' title='bbox 88 2736 153 2775; x_wconf 88' lang='lat' dir='ltr'>esse</span> <span class='ocrx_word' id='word_1_323' title='bbox 167 2719 314 2774; x_wconf 86' lang='lat' dir='ltr'>videretur</span> <span class='ocrx_word' id='word_1_324' title='bbox 329 2717 451 2773; x_wconf 86' lang='lat' dir='ltr'>ulterius</span> <span class='ocrx_word' id='word_1_325' title='bbox 467 2716 621 2790; x_wconf 80' lang='lat' dir='ltr'>predictas</span> <span class='ocrx_word' id='word_1_326' title='bbox 640 2735 687 2774; x_wconf 89' lang='lat' dir='ltr'>res</span> <span class='ocrx_word' id='word_1_327' title='bbox 711 2720 913 2792; x_wconf 89' lang='lat' dir='ltr'>recuperandi.</span> <span class='ocrx_word' id='word_1_328' title='bbox 970 2721 1115 2779; x_wconf 83' lang='lat' dir='ltr'>cessitatis</span> <span class='ocrx_word' id='word_1_329' title='bbox 1131 2721 1257 2777; x_wconf 89' lang='lat' dir='ltr'>ostendit</span> <span class='ocrx_word' id='word_1_330' title='bbox 1273 2722 1447 2794; x_wconf 87' lang='lat' dir='ltr'>periculum.</span> <span class='ocrx_word' id='word_1_331' title='bbox 1463 2724 1499 2778; x_wconf 85' lang='lat' dir='ltr'>At</span> <span class='ocrx_word' id='word_1_332' title='bbox 1517 2720 1565 2777; x_wconf 92' lang='lat' dir='ltr'>ille</span> <span class='ocrx_word' id='word_1_333' title='bbox 1590 2722 1674 2794; x_wconf 89' lang='lat' dir='ltr'>quasi</span> <span class='ocrx_word' id='word_1_334' title='bbox 1690 2721 1743 2777; x_wconf 82' lang='lat' dir='ltr'>bec</span> <span class='ocrx_word' id='word_1_335' title='bbox 1754 2735 1777 2777; x_wconf 82' lang='lat' dir='ltr'>sc</span> 
     </span>
     <span class='ocr_line' id='line_1_29' title="bbox 89 2804 1778 2884; baseline 0.001 -20"><span class='ocrx_word' id='word_1_336' title='bbox 89 2807 249 2879; x_wconf 85' lang='lat' dir='ltr'>lnterjectis</span> <span class='ocrx_word' id='word_1_337' title='bbox 264 2807 363 2880; x_wconf 86' lang='lat' dir='ltr'>itaque</span> <span class='ocrx_word' id='word_1_338' title='bbox 378 2806 570 2862; x_wconf 84' lang='lat' dir='ltr'>lereduobus</span> <span class='ocrx_word' id='word_1_339' title='bbox 593 2807 754 2876; x_wconf 90' lang='lat' dir='ltr'>mensibus,</span> <span class='ocrx_word' id='word_1_340' title='bbox 771 2825 838 2864; x_wconf 90' lang='lat' dir='ltr'>cum</span> <span class='ocrx_word' id='word_1_341' title='bbox 850 2809 914 2880; x_wconf 76' lang='lat' dir='ltr'>J&#39;am</span> <span class='ocrx_word' id='word_1_342' title='bbox 969 2811 1065 2866; x_wconf 87' lang='lat' dir='ltr'>videre</span> <span class='ocrx_word' id='word_1_343' title='bbox 1080 2809 1284 2882; x_wconf 81' lang='lat' dir='ltr'>dissimulans,</span> <span class='ocrx_word' id='word_1_344' title='bbox 1300 2810 1424 2867; x_wconf 89' lang='lat' dir='ltr'>latenter</span> <span class='ocrx_word' id='word_1_345' title='bbox 1447 2810 1564 2884; x_wconf 89' lang='lat' dir='ltr'>propria</span> <span class='ocrx_word' id='word_1_346' title='bbox 1589 2828 1679 2868; x_wconf 90' lang='lat' dir='ltr'>manu</span> <span class='ocrx_word' id='word_1_347' title='bbox 1703 2804 1778 2883; x_wconf 58' lang='lat' dir='ltr'>tangi</span> 
     </span>
     <span class='ocr_line' id='line_1_30' title="bbox 89 2895 1778 2972; baseline 0 -19"><span class='ocrx_word' id='word_1_348' title='bbox 89 2897 195 2954; x_wconf 90' lang='lat' dir='ltr'>hiemis</span> <span class='ocrx_word' id='word_1_349' title='bbox 210 2897 353 2968; x_wconf 86' lang='lat' dir='ltr'>asperitas</span> <span class='ocrx_word' id='word_1_350' title='bbox 369 2895 574 2968; x_wconf 79' lang='lat' dir='ltr'>praedictorum</span> <span class='ocrx_word' id='word_1_351' title='bbox 590 2896 735 2951; x_wconf 90' lang='lat' dir='ltr'>montium</span> <span class='ocrx_word' id='word_1_352' title='bbox 751 2902 780 2953; x_wconf 90' lang='lat' dir='ltr'>et</span> <span class='ocrx_word' id='word_1_353' title='bbox 795 2897 914 2954; x_wconf 91' lang='lat' dir='ltr'>collium</span> <span class='ocrx_word' id='word_1_354' title='bbox 968 2898 1133 2968; x_wconf 85' lang='lat' dir='ltr'>brachium,</span> <span class='ocrx_word' id='word_1_355' title='bbox 1146 2905 1253 2955; x_wconf 81' lang='lat' dir='ltr'>sancte</span> <span class='ocrx_word' id='word_1_356' title='bbox 1268 2901 1363 2956; x_wconf 90' lang='lat' dir='ltr'>erucis</span> <span class='ocrx_word' id='word_1_357' title='bbox 1379 2900 1516 2972; x_wconf 90' lang='lat' dir='ltr'>implorat</span> <span class='ocrx_word' id='word_1_358' title='bbox 1529 2898 1778 2972; x_wconf 70' lang='lat' dir='ltr'>presidiumetsu·</span> 
     </span>
     <span class='ocr_line' id='line_1_31' title="bbox 87 2984 1776 3061; baseline -0.001 -19"><span class='ocrx_word' id='word_1_359' title='bbox 87 2986 285 3042; x_wconf 87' lang='lat' dir='ltr'>evanescendo</span> <span class='ocrx_word' id='word_1_360' title='bbox 297 2984 401 3041; x_wconf 85' lang='lat' dir='ltr'>taciem</span> <span class='ocrx_word' id='word_1_361' title='bbox 418 2984 625 3051; x_wconf 77' lang='lat' dir='ltr'>denudaretet</span> <span class='ocrx_word' id='word_1_362' title='bbox 638 2984 674 3039; x_wconf 90' lang='lat' dir='ltr'>de</span> <span class='ocrx_word' id='word_1_363' title='bbox 690 2985 811 3056; x_wconf 91' lang='lat' dir='ltr'>perditis</span> <span class='ocrx_word' id='word_1_364' title='bbox 828 2987 914 3042; x_wconf 83' lang='lat' dir='ltr'>rebus</span> <span class='ocrx_word' id='word_1_365' title='bbox 968 2987 1141 3060; x_wconf 86' lang='lat' dir='ltr'>parvuinus</span> <span class='ocrx_word' id='word_1_366' title='bbox 1156 2989 1288 3061; x_wconf 86' lang='lat' dir='ltr'>ejusdem</span> <span class='ocrx_word' id='word_1_367' title='bbox 1305 2989 1400 3045; x_wconf 90' lang='lat' dir='ltr'>crueis</span> <span class='ocrx_word' id='word_1_368' title='bbox 1415 2988 1566 3061; x_wconf 90' lang='lat' dir='ltr'>impressit</span> <span class='ocrx_word' id='word_1_369' title='bbox 1585 2987 1776 3061; x_wconf 84' lang='lat' dir='ltr'>signaculum:</span> 
     </span>
     <span class='ocr_line' id='line_1_32' title="bbox 88 3072 1775 3151; baseline -0.001 -19"><span class='ocrx_word' id='word_1_370' title='bbox 88 3090 161 3148; x_wconf 85' lang='lat' dir='ltr'>pene</span> <span class='ocrx_word' id='word_1_371' title='bbox 170 3075 233 3147; x_wconf 90' lang='lat' dir='ltr'>jam</span> <span class='ocrx_word' id='word_1_372' title='bbox 249 3072 330 3130; x_wconf 92' lang='lat' dir='ltr'>nulla</span> <span class='ocrx_word' id='word_1_373' title='bbox 345 3073 488 3129; x_wconf 89' lang='lat' dir='ltr'>memoria</span> <span class='ocrx_word' id='word_1_374' title='bbox 505 3078 592 3139; x_wconf 87' lang='lat' dir='ltr'>esset,</span> <span class='ocrx_word' id='word_1_375' title='bbox 609 3073 729 3145; x_wconf 90' lang='lat' dir='ltr'>quidam</span> <span class='ocrx_word' id='word_1_376' title='bbox 753 3075 913 3147; x_wconf 83' lang='lat' dir='ltr'>presbyter,</span> <span class='ocrx_word' id='word_1_377' title='bbox 969 3075 1068 3148; x_wconf 91' lang='lat' dir='ltr'>sicque</span> <span class='ocrx_word' id='word_1_378' title='bbox 1084 3094 1100 3131; x_wconf 90' lang='lat' dir='ltr'>a</span> <span class='ocrx_word' id='word_1_379' title='bbox 1115 3093 1146 3133; x_wconf 89' lang='lat' dir='ltr'>se</span> <span class='ocrx_word' id='word_1_380' title='bbox 1160 3076 1291 3144; x_wconf 87' lang='lat' dir='ltr'>dimittit,</span> <span class='ocrx_word' id='word_1_381' title='bbox 1306 3083 1334 3133; x_wconf 90' lang='lat' dir='ltr'>et</span> <span class='ocrx_word' id='word_1_382' title='bbox 1345 3082 1377 3134; x_wconf 89' lang='lat' dir='ltr'>ut</span> <span class='ocrx_word' id='word_1_383' title='bbox 1388 3082 1472 3134; x_wconf 89' lang='lat' dir='ltr'>ceute</span> <span class='ocrx_word' id='word_1_384' title='bbox 1484 3078 1642 3150; x_wconf 79' lang='lat' dir='ltr'>prevideat</span> <span class='ocrx_word' id='word_1_385' title='bbox 1654 3076 1775 3151; x_wconf 80' lang='lat' dir='ltr'>precipit</span> 
     </span>
     <span class='ocr_line' id='line_1_33' title="bbox 88 3148 1776 3235; baseline 0.001 -16"><span class='ocrx_word' id='word_1_386' title='bbox 88 3165 207 3221; x_wconf 90' lang='lat' dir='ltr'>nemine</span> <span class='ocrx_word' id='word_1_387' title='bbox 223 3161 573 3232; x_wconf 78' lang='lat' dir='ltr'>Ermendrannus,locum</span> <span class='ocrx_word' id='word_1_388' title='bbox 589 3161 620 3217; x_wconf 90' lang='lat' dir='ltr'>in</span> <span class='ocrx_word' id='word_1_389' title='bbox 635 3178 692 3235; x_wconf 93' lang='lat' dir='ltr'>quo</span> <span class='ocrx_word' id='word_1_390' title='bbox 707 3163 851 3235; x_wconf 79' lang='lat' dir='ltr'>predicte</span> <span class='ocrx_word' id='word_1_391' title='bbox 867 3148 950 3219; x_wconf 83' lang='lat' dir='ltr'>resC</span> <span class='ocrx_word' id='word_1_392' title='bbox 969 3166 1076 3220; x_wconf 87' lang='lat' dir='ltr'>Mirum</span> <span class='ocrx_word' id='word_1_393' title='bbox 1092 3165 1121 3220; x_wconf 93' lang='lat' dir='ltr'>in</span> <span class='ocrx_word' id='word_1_394' title='bbox 1137 3166 1259 3222; x_wconf 89' lang='lat' dir='ltr'>modum</span> <span class='ocrx_word' id='word_1_395' title='bbox 1274 3166 1345 3221; x_wconf 92' lang='lat' dir='ltr'>dum</span> <span class='ocrx_word' id='word_1_396' title='bbox 1361 3167 1472 3223; x_wconf 84' lang='lat' dir='ltr'>recedit</span> <span class='ocrx_word' id='word_1_397' title='bbox 1494 3171 1523 3222; x_wconf 92' lang='lat' dir='ltr'>et</span> <span class='ocrx_word' id='word_1_398' title='bbox 1547 3165 1644 3223; x_wconf 90' lang='lat' dir='ltr'>locum</span> <span class='ocrx_word' id='word_1_399' title='bbox 1668 3162 1776 3222; x_wconf 86' lang='lat' dir='ltr'>vulneris</span> 
     </span>
    </p>

    <p class='ocr_par' dir='ltr' id='par_1_5' title="bbox 33 3250 1791 4303">
     <span class='ocr_line' id='line_1_34' title="bbox 33 3250 1777 3327; baseline 0 -19"><span class='ocrx_word' id='word_1_400' title='bbox 33 3254 40 3267; x_wconf 88' lang='lat'>&#39;</span> <span class='ocrx_word' id='word_1_401' title='bbox 88 3253 234 3325; x_wconf 88' lang='lat' dir='ltr'>perierant</span> <span class='ocrx_word' id='word_1_402' title='bbox 248 3269 317 3308; x_wconf 88' lang='lat' dir='ltr'>eesu</span> <span class='ocrx_word' id='word_1_403' title='bbox 332 3250 413 3318; x_wconf 88' lang='lat' dir='ltr'>adiit,</span> <span class='ocrx_word' id='word_1_404' title='bbox 429 3251 579 3306; x_wconf 89' lang='lat' dir='ltr'>oculorum</span> <span class='ocrx_word' id='word_1_405' title='bbox 595 3251 680 3306; x_wconf 90' lang='lat' dir='ltr'>orbes</span> <span class='ocrx_word' id='word_1_406' title='bbox 705 3250 763 3307; x_wconf 92' lang='lat' dir='ltr'>huc</span> <span class='ocrx_word' id='word_1_407' title='bbox 787 3250 914 3324; x_wconf 90' lang='lat' dir='ltr'>illucque</span> <span class='ocrx_word' id='word_1_408' title='bbox 967 3254 1064 3310; x_wconf 91' lang='lat' dir='ltr'>videre</span> <span class='ocrx_word' id='word_1_409' title='bbox 1078 3252 1122 3310; x_wconf 91' lang='lat' dir='ltr'>vel</span> <span class='ocrx_word' id='word_1_410' title='bbox 1136 3258 1254 3327; x_wconf 88' lang='lat' dir='ltr'>tangere</span> <span class='ocrx_word' id='word_1_411' title='bbox 1269 3253 1456 3323; x_wconf 89' lang='lat' dir='ltr'>voluit,nulla</span> <span class='ocrx_word' id='word_1_412' title='bbox 1469 3255 1555 3327; x_wconf 88' lang='lat' dir='ltr'>signa</span> <span class='ocrx_word' id='word_1_413' title='bbox 1569 3254 1705 3327; x_wconf 78' lang='lat' dir='ltr'>preteriti</span> <span class='ocrx_word' id='word_1_414' title='bbox 1715 3252 1777 3309; x_wconf 82' lang='lat' dir='ltr'>dale</span> 
     </span>
     <span class='ocr_line' id='line_1_35' title="bbox 88 3338 1775 3416; baseline 0.001 -19"><span class='ocrx_word' id='word_1_415' title='bbox 88 3341 215 3405; x_wconf 75' lang='lat' dir='ltr'>deflexit,</span> <span class='ocrx_word' id='word_1_416' title='bbox 231 3346 260 3397; x_wconf 91' lang='lat' dir='ltr'>et</span> <span class='ocrx_word' id='word_1_417' title='bbox 274 3355 339 3395; x_wconf 87' lang='lat' dir='ltr'>eece</span> <span class='ocrx_word' id='word_1_418' title='bbox 355 3342 456 3394; x_wconf 90' lang='lat' dir='ltr'>contra</span> <span class='ocrx_word' id='word_1_419' title='bbox 470 3355 553 3411; x_wconf 89' lang='lat' dir='ltr'>spem</span> <span class='ocrx_word' id='word_1_420' title='bbox 567 3338 675 3394; x_wconf 91' lang='lat' dir='ltr'>librum</span> <span class='ocrx_word' id='word_1_421' title='bbox 692 3340 808 3411; x_wconf 89' lang='lat' dir='ltr'>reperit,</span> <span class='ocrx_word' id='word_1_422' title='bbox 825 3356 913 3412; x_wconf 90' lang='lat' dir='ltr'>quem</span> <span class='ocrx_word' id='word_1_423' title='bbox 969 3344 1010 3398; x_wconf 88' lang='lat' dir='ltr'>ris</span> <span class='ocrx_word' id='word_1_424' title='bbox 1023 3359 1076 3398; x_wconf 90' lang='lat' dir='ltr'>nec</span> <span class='ocrx_word' id='word_1_425' title='bbox 1087 3343 1206 3409; x_wconf 88' lang='lat' dir='ltr'>invenit,</span> <span class='ocrx_word' id='word_1_426' title='bbox 1225 3361 1276 3400; x_wconf 89' lang='lat' dir='ltr'>nec</span> <span class='ocrx_word' id='word_1_427' title='bbox 1299 3345 1401 3400; x_wconf 88' lang='lat' dir='ltr'>sensit.</span> <span class='ocrx_word' id='word_1_428' title='bbox 1413 3345 1561 3400; x_wconf 85' lang='lat' dir='ltr'>Attonitus</span> <span class='ocrx_word' id='word_1_429' title='bbox 1585 3360 1653 3401; x_wconf 90' lang='lat' dir='ltr'>vero</span> <span class='ocrx_word' id='word_1_430' title='bbox 1676 3348 1775 3416; x_wconf 81' lang='lat' dir='ltr'>stupore</span> 
     </span>
     <span class='ocr_line' id='line_1_36' title="bbox 90 3426 1777 3505; baseline 0.001 -21"><span class='ocrx_word' id='word_1_431' title='bbox 90 3429 195 3486; x_wconf 80' lang='lat' dir='ltr'>Christi</span> <span class='ocrx_word' id='word_1_432' title='bbox 212 3427 352 3501; x_wconf 89' lang='lat' dir='ltr'>protectio</span> <span class='ocrx_word' id='word_1_433' title='bbox 367 3444 384 3481; x_wconf 90' lang='lat' dir='ltr'>a</span> <span class='ocrx_word' id='word_1_434' title='bbox 400 3426 508 3482; x_wconf 88' lang='lat' dir='ltr'>nimbis</span> <span class='ocrx_word' id='word_1_435' title='bbox 527 3431 556 3483; x_wconf 87' lang='lat' dir='ltr'>et</span> <span class='ocrx_word' id='word_1_436' title='bbox 578 3426 771 3483; x_wconf 89' lang='lat' dir='ltr'>diuturnitate</span> <span class='ocrx_word' id='word_1_437' title='bbox 782 3429 856 3484; x_wconf 90' lang='lat' dir='ltr'>nivis</span> <span class='ocrx_word' id='word_1_438' title='bbox 872 3429 914 3483; x_wconf 94' lang='lat' dir='ltr'>in·</span> <span class='ocrx_word' id='word_1_439' title='bbox 969 3431 1103 3486; x_wconf 88' lang='lat' dir='ltr'>miraculi</span> <span class='ocrx_word' id='word_1_440' title='bbox 1119 3433 1154 3487; x_wconf 90' lang='lat' dir='ltr'>ad</span> <span class='ocrx_word' id='word_1_441' title='bbox 1170 3431 1320 3488; x_wconf 90' lang='lat' dir='ltr'>bominem</span> <span class='ocrx_word' id='word_1_442' title='bbox 1337 3433 1387 3488; x_wconf 86' lang='lat' dir='ltr'>Dei</span> <span class='ocrx_word' id='word_1_443' title='bbox 1402 3432 1644 3505; x_wconf 77' lang='lat' dir='ltr'>regreditur,qure</span> <span class='ocrx_word' id='word_1_444' title='bbox 1659 3432 1711 3489; x_wconf 91' lang='lat' dir='ltr'>sibi</span> <span class='ocrx_word' id='word_1_445' title='bbox 1725 3446 1777 3487; x_wconf 88' lang='lat' dir='ltr'>cau·</span> 
     </span>
     <span class='ocr_line' id='line_1_37' title="bbox 88 3515 1777 3593; baseline 0.002 -20"><span class='ocrx_word' id='word_1_446' title='bbox 88 3523 199 3575; x_wconf 90' lang='lat' dir='ltr'>tactum</span> <span class='ocrx_word' id='word_1_447' title='bbox 215 3517 328 3572; x_wconf 90' lang='lat' dir='ltr'>meritis</span> <span class='ocrx_word' id='word_1_448' title='bbox 339 3515 431 3586; x_wconf 90' lang='lat' dir='ltr'>patris</span> <span class='ocrx_word' id='word_1_449' title='bbox 446 3515 577 3570; x_wconf 83' lang='lat' dir='ltr'>Odrlanis</span> <span class='ocrx_word' id='word_1_450' title='bbox 593 3516 728 3572; x_wconf 89' lang='lat' dir='ltr'>servavit.</span> <span class='ocrx_word' id='word_1_451' title='bbox 743 3517 818 3574; x_wconf 87' lang='lat' dir='ltr'>Vasa</span> <span class='ocrx_word' id='word_1_452' title='bbox 835 3518 914 3573; x_wconf 89' lang='lat' dir='ltr'>euim</span> <span class='ocrx_word' id='word_1_453' title='bbox 969 3521 1095 3592; x_wconf 85' lang='lat' dir='ltr'>tigerent</span> <span class='ocrx_word' id='word_1_454' title='bbox 1111 3520 1205 3593; x_wconf 87' lang='lat' dir='ltr'>palam</span> <span class='ocrx_word' id='word_1_455' title='bbox 1223 3521 1315 3578; x_wconf 87' lang='lat' dir='ltr'>secere</span> <span class='ocrx_word' id='word_1_456' title='bbox 1332 3521 1490 3578; x_wconf 89' lang='lat' dir='ltr'>voluit.Sed</span> <span class='ocrx_word' id='word_1_457' title='bbox 1510 3522 1558 3578; x_wconf 71' lang='lat' dir='ltr'>lici</span> <span class='ocrx_word' id='word_1_458' title='bbox 1569 3539 1671 3578; x_wconf 87' lang='lat' dir='ltr'>servus</span> <span class='ocrx_word' id='word_1_459' title='bbox 1682 3520 1777 3577; x_wconf 80' lang='lat' dir='ltr'>ebibet</span> 
     </span>
     <span class='ocr_line' id='line_1_38' title="bbox 89 3604 1777 3684; baseline 0.002 -22"><span class='ocrx_word' id='word_1_460' title='bbox 89 3604 362 3676; x_wconf 76' lang='lat' dir='ltr'>sanainvenitque</span> <span class='ocrx_word' id='word_1_461' title='bbox 379 3605 427 3658; x_wconf 86' lang='lat' dir='ltr'>Dei</span> <span class='ocrx_word' id='word_1_462' title='bbox 444 3604 693 3676; x_wconf 88' lang='lat' dir='ltr'>nastripietasne</span> <span class='ocrx_word' id='word_1_463' title='bbox 711 3606 915 3678; x_wconf 81' lang='lat' dir='ltr'>frangerentur</span> <span class='ocrx_word' id='word_1_464' title='bbox 969 3610 1113 3681; x_wconf 75' lang='lat' dir='ltr'>praevidit,</span> <span class='ocrx_word' id='word_1_465' title='bbox 1129 3611 1300 3682; x_wconf 88' lang='lat' dir='ltr'>indignatus</span> <span class='ocrx_word' id='word_1_466' title='bbox 1328 3609 1423 3676; x_wconf 88' lang='lat' dir='ltr'>valde,</span> <span class='ocrx_word' id='word_1_467' title='bbox 1440 3609 1523 3667; x_wconf 91' lang='lat' dir='ltr'>illum</span> <span class='ocrx_word' id='word_1_468' title='bbox 1553 3627 1606 3666; x_wconf 91' lang='lat' dir='ltr'>nec</span> <span class='ocrx_word' id='word_1_469' title='bbox 1635 3611 1777 3684; x_wconf 83' lang='lat' dir='ltr'>quidquam</span> 
     </span>
     <span class='ocr_line' id='line_1_39' title="bbox 89 3692 1778 3773; baseline 0.001 -22"><span class='ocrx_word' id='word_1_470' title='bbox 89 3695 223 3769; x_wconf 87' lang='lat' dir='ltr'>protexit.</span> <span class='ocrx_word' id='word_1_471' title='bbox 239 3692 357 3749; x_wconf 72' lang='lat' dir='ltr'>&#39;tollens</span> <span class='ocrx_word' id='word_1_472' title='bbox 373 3694 472 3765; x_wconf 88' lang='lat' dir='ltr'>itaque</span> <span class='ocrx_word' id='word_1_473' title='bbox 486 3709 518 3748; x_wconf 90' lang='lat' dir='ltr'>ea</span> <span class='ocrx_word' id='word_1_474' title='bbox 542 3709 605 3765; x_wconf 74' lang='lat' dir='ltr'>quar</span> <span class='ocrx_word' id='word_1_475' title='bbox 629 3693 787 3760; x_wconf 88' lang='lat' dir='ltr'>invenerat,</span> <span class='ocrx_word' id='word_1_476' title='bbox 805 3696 915 3751; x_wconf 87' lang='lat' dir='ltr'>Gauze·</span> <span class='ocrx_word' id='word_1_477' title='bbox 970 3715 1092 3770; x_wconf 88' lang='lat' dir='ltr'>passum</span> <span class='ocrx_word' id='word_1_478' title='bbox 1109 3699 1210 3765; x_wconf 86' lang='lat' dir='ltr'>luisse,</span> <span class='ocrx_word' id='word_1_479' title='bbox 1227 3715 1279 3753; x_wconf 89' lang='lat' dir='ltr'>nee</span> <span class='ocrx_word' id='word_1_480' title='bbox 1294 3699 1364 3771; x_wconf 92' lang='lat' dir='ltr'>quid</span> <span class='ocrx_word' id='word_1_481' title='bbox 1388 3699 1497 3755; x_wconf 89' lang='lat' dir='ltr'>diceret</span> <span class='ocrx_word' id='word_1_482' title='bbox 1521 3700 1606 3762; x_wconf 87' lang='lat' dir='ltr'>scira,</span> <span class='ocrx_word' id='word_1_483' title='bbox 1623 3695 1778 3773; x_wconf 84' lang='lat' dir='ltr'>objurgavit</span> 
     </span>
     <span class='ocr_line' id='line_1_40' title="bbox 88 3781 1780 3862; baseline 0 -21"><span class='ocrx_word' id='word_1_484' title='bbox 88 3801 180 3841; x_wconf 88' lang='lat' dir='ltr'>ranno</span> <span class='ocrx_word' id='word_1_485' title='bbox 194 3782 291 3839; x_wconf 87' lang='lat' dir='ltr'>abbati</span> <span class='ocrx_word' id='word_1_486' title='bbox 304 3781 397 3838; x_wconf 90' lang='lat' dir='ltr'>saneti</span> <span class='ocrx_word' id='word_1_487' title='bbox 408 3781 539 3854; x_wconf 80' lang='lat' dir='ltr'>dugendi</span> <span class='ocrx_word' id='word_1_488' title='bbox 552 3782 777 3855; x_wconf 88' lang='lat' dir='ltr'>consignavit‚et</span> <span class='ocrx_word' id='word_1_489' title='bbox 789 3789 917 3854; x_wconf 91' lang='lat' dir='ltr'>postmo·</span> <span class='ocrx_word' id='word_1_490' title='bbox 971 3787 1013 3842; x_wconf 90' lang='lat' dir='ltr'>lta</span> <span class='ocrx_word' id='word_1_491' title='bbox 1027 3787 1106 3844; x_wconf 88' lang='lat' dir='ltr'>enim</span> <span class='ocrx_word' id='word_1_492' title='bbox 1122 3787 1245 3842; x_wconf 88' lang='lat' dir='ltr'>timebat</span> <span class='ocrx_word' id='word_1_493' title='bbox 1259 3804 1393 3843; x_wconf 86' lang='lat' dir='ltr'>rumores</span> <span class='ocrx_word' id='word_1_494' title='bbox 1417 3787 1584 3853; x_wconf 89' lang='lat' dir='ltr'>bominum,</span> <span class='ocrx_word' id='word_1_495' title='bbox 1599 3792 1737 3862; x_wconf 89' lang='lat' dir='ltr'>tanquam</span> <span class='ocrx_word' id='word_1_496' title='bbox 1750 3785 1780 3841; x_wconf 87' lang='lat' dir='ltr'>le·</span> 
     </span>
     <span class='ocr_line' id='line_1_41' title="bbox 89 3869 1780 3948; baseline 0 -19"><span class='ocrx_word' id='word_1_497' title='bbox 89 3874 160 3929; x_wconf 90' lang='lat' dir='ltr'>dum</span> <span class='ocrx_word' id='word_1_498' title='bbox 173 3871 308 3945; x_wconf 87' lang='lat' dir='ltr'>jussione</span> <span class='ocrx_word' id='word_1_499' title='bbox 323 3871 456 3942; x_wconf 87' lang='lat' dir='ltr'>ejusdem</span> <span class='ocrx_word' id='word_1_500' title='bbox 473 3869 915 3945; x_wconf 79' lang='lat' dir='ltr'>pradictusprcsbyterOdiloni</span> <span class='ocrx_word' id='word_1_501' title='bbox 971 3874 1048 3931; x_wconf 87' lang='lat' dir='ltr'>thale</span> <span class='ocrx_word' id='word_1_502' title='bbox 1063 3881 1256 3942; x_wconf 90' lang='lat' dir='ltr'>venenum,et</span> <span class='ocrx_word' id='word_1_503' title='bbox 1272 3875 1355 3948; x_wconf 88' lang='lat' dir='ltr'>quasi</span> <span class='ocrx_word' id='word_1_504' title='bbox 1372 3876 1541 3948; x_wconf 79' lang='lat' dir='ltr'>pestiferum</span> <span class='ocrx_word' id='word_1_505' title='bbox 1559 3876 1672 3933; x_wconf 90' lang='lat' dir='ltr'>malum</span> <span class='ocrx_word' id='word_1_506' title='bbox 1688 3876 1728 3933; x_wconf 89' lang='lat' dir='ltr'>sie</span> <span class='ocrx_word' id='word_1_507' title='bbox 1747 3875 1780 3930; x_wconf 87' lang='lat' dir='ltr'>lu·</span> 
     </span>
     <span class='ocr_line' id='line_1_42' title="bbox 89 3959 1461 4037; baseline 0.001 -20"><span class='ocrx_word' id='word_1_508' title='bbox 89 3961 176 4034; x_wconf 85' lang='lat' dir='ltr'>patri,</span> <span class='ocrx_word' id='word_1_509' title='bbox 192 3961 264 4016; x_wconf 91' lang='lat' dir='ltr'>dum</span> <span class='ocrx_word' id='word_1_510' title='bbox 280 3960 315 4015; x_wconf 92' lang='lat' dir='ltr'>ad</span> <span class='ocrx_word' id='word_1_511' title='bbox 332 3959 398 4016; x_wconf 89' lang='lat' dir='ltr'>illes</span> <span class='ocrx_word' id='word_1_512' title='bbox 413 3960 584 4016; x_wconf 80' lang='lat' dir='ltr'>dorensium</span> <span class='ocrx_word' id='word_1_513' title='bbox 600 3964 697 4032; x_wconf 90' lang='lat' dir='ltr'>partes</span> <span class='ocrx_word' id='word_1_514' title='bbox 713 3960 820 4017; x_wconf 87' lang='lat' dir='ltr'>rediret</span> <span class='ocrx_word' id='word_1_515' title='bbox 831 3959 916 4018; x_wconf 76' lang='lat' dir='ltr'>laetus</span> <span class='ocrx_word' id='word_1_516' title='bbox 970 3965 1069 4037; x_wconf 89' lang='lat' dir='ltr'>giebat</span> <span class='ocrx_word' id='word_1_517' title='bbox 1082 3981 1162 4019; x_wconf 77' lang='lat' dir='ltr'>vane</span> <span class='ocrx_word' id='word_1_518' title='bbox 1178 3965 1275 4020; x_wconf 88' lang='lat' dir='ltr'>leudis</span> <span class='ocrx_word' id='word_1_519' title='bbox 1289 3964 1461 4037; x_wconf 88' lang='lat' dir='ltr'>appetitum.</span> 
     </span>
     <span class='ocr_line' id='line_1_43' title="bbox 88 4048 1785 4127; baseline 0 -21"><span class='ocrx_word' id='word_1_520' title='bbox 88 4055 117 4106; x_wconf 91' lang='lat' dir='ltr'>et</span> <span class='ocrx_word' id='word_1_521' title='bbox 130 4049 226 4107; x_wconf 84' lang='lat' dir='ltr'>alacer</span> <span class='ocrx_word' id='word_1_522' title='bbox 238 4048 366 4106; x_wconf 88' lang='lat' dir='ltr'>reddidit</span> <span class='ocrx_word' id='word_1_523' title='bbox 382 4065 389 4104; x_wconf 91' lang='lat'>:</span> <span class='ocrx_word' id='word_1_524' title='bbox 404 4049 455 4121; x_wconf 91' lang='lat' dir='ltr'>qui</span> <span class='ocrx_word' id='word_1_525' title='bbox 472 4052 582 4121; x_wconf 89' lang='lat' dir='ltr'>quanto</span> <span class='ocrx_word' id='word_1_526' title='bbox 598 4048 729 4117; x_wconf 69' lang='lat' dir='ltr'>gestierit</span> <span class='ocrx_word' id='word_1_527' title='bbox 748 4049 916 4123; x_wconf 67' lang='lat' dir='ltr'>gaudimari</span> <span class='ocrx_word' id='word_1_528' title='bbox 1005 4053 1078 4109; x_wconf 88' lang='lat' dir='ltr'>Cum</span> <span class='ocrx_word' id='word_1_529' title='bbox 1091 4053 1147 4125; x_wconf 82' lang='lat'>(35)</span> <span class='ocrx_word' id='word_1_530' title='bbox 1174 4053 1301 4125; x_wconf 92' lang='lat' dir='ltr'>quodam</span> <span class='ocrx_word' id='word_1_531' title='bbox 1326 4059 1457 4127; x_wconf 90' lang='lat' dir='ltr'>tempore</span> <span class='ocrx_word' id='word_1_532' title='bbox 1488 4054 1566 4125; x_wconf 91' lang='lat' dir='ltr'>apud</span> <span class='ocrx_word' id='word_1_533' title='bbox 1586 4051 1785 4111; x_wconf 85' lang='lat' dir='ltr'>monasterium</span> 
     </span>
     <span class='ocr_line' id='line_1_44' title="bbox 89 4132 1787 4214; baseline -0.002 -18"><span class='ocrx_word' id='word_1_534' title='bbox 89 4139 244 4197; x_wconf 87' lang='lat' dir='ltr'>immensis</span> <span class='ocrx_word' id='word_1_535' title='bbox 260 4139 317 4195; x_wconf 88' lang='lat' dir='ltr'>Dee</span> <span class='ocrx_word' id='word_1_536' title='bbox 331 4137 451 4194; x_wconf 86' lang='lat' dir='ltr'>laudum</span> <span class='ocrx_word' id='word_1_537' title='bbox 469 4137 543 4194; x_wconf 84' lang='lat' dir='ltr'>fusis</span> <span class='ocrx_word' id='word_1_538' title='bbox 557 4139 709 4212; x_wconf 75' lang='lat' dir='ltr'>preconiis</span> <span class='ocrx_word' id='word_1_539' title='bbox 729 4138 778 4211; x_wconf 93' lang='lat' dir='ltr'>qui</span> <span class='ocrx_word' id='word_1_540' title='bbox 793 4137 855 4194; x_wconf 92' lang='lat' dir='ltr'>vult</span> <span class='ocrx_word' id='word_1_541' title='bbox 869 4139 916 4195; x_wconf 86' lang='lat' dir='ltr'>di·</span> <span class='ocrx_word' id='word_1_542' title='bbox 971 4159 1069 4206; x_wconf 90' lang='lat' dir='ltr'>suum,</span> <span class='ocrx_word' id='word_1_543' title='bbox 1087 4142 1164 4214; x_wconf 90' lang='lat' dir='ltr'>quod</span> <span class='ocrx_word' id='word_1_544' title='bbox 1180 4140 1265 4197; x_wconf 87' lang='lat' dir='ltr'>Volta</span> <span class='ocrx_word' id='word_1_545' title='bbox 1278 4132 1637 4212; x_wconf 69' lang='lat' dir='ltr'>nominetenmoraretur,</span> <span class='ocrx_word' id='word_1_546' title='bbox 1653 4147 1683 4198; x_wconf 90' lang='lat' dir='ltr'>et</span> <span class='ocrx_word' id='word_1_547' title='bbox 1696 4151 1787 4197; x_wconf 81' lang='lat' dir='ltr'>murus</span> 
     </span>
     <span class='ocr_line' id='line_1_45' title="bbox 89 4227 1791 4303; baseline 0.001 -18"><span class='ocrx_word' id='word_1_548' title='bbox 89 4245 229 4303; x_wconf 88' lang='lat' dir='ltr'>gnoscere</span> <span class='ocrx_word' id='word_1_549' title='bbox 243 4228 357 4301; x_wconf 88' lang='lat' dir='ltr'>polerit.</span> <span class='ocrx_word' id='word_1_550' title='bbox 970 4230 1099 4286; x_wconf 79' lang='lat' dir='ltr'>ecelesia</span> <span class='ocrx_word' id='word_1_551' title='bbox 1113 4229 1209 4286; x_wconf 86' lang='lat' dir='ltr'>adhuc</span> <span class='ocrx_word' id='word_1_552' title='bbox 1222 4230 1411 4303; x_wconf 73' lang='lat' dir='ltr'>imperfectus</span> <span class='ocrx_word' id='word_1_553' title='bbox 1426 4237 1695 4300; x_wconf 85' lang='lat' dir='ltr'>consummaretur,</span> <span class='ocrx_word' id='word_1_554' title='bbox 1706 4227 1791 4286; x_wconf 84' lang='lat' dir='ltr'>conii·</span> 
     </span>
    </p>

    <p class='ocr_par' dir='ltr' id='par_1_6' title="bbox 89 4318 1828 5496">
     <span class='ocr_line' id='line_1_46' title="bbox 124 4318 1795 4408; baseline -0.01 -17"><span class='ocrx_word' id='word_1_555' title='bbox 124 4335 191 4392; x_wconf 75' lang='lat' dir='ltr'>Cnr.</span> <span class='ocrx_word' id='word_1_556' title='bbox 208 4335 280 4390; x_wconf 77' lang='lat' dir='ltr'>xlx.</span> <span class='ocrx_word' id='word_1_557' title='bbox 296 4366 329 4376; x_wconf 95' lang='lat'>-</span> <span class='ocrx_word' id='word_1_558' title='bbox 342 4336 380 4391; x_wconf 82' lang='lat' dir='ltr'>De</span> <span class='ocrx_word' id='word_1_559' title='bbox 400 4333 518 4408; x_wconf 81' lang='lat' dir='ltr'>quodam</span> <span class='ocrx_word' id='word_1_560' title='bbox 539 4338 649 4406; x_wconf 78' lang='lat' dir='ltr'>potente</span> <span class='ocrx_word' id='word_1_561' title='bbox 663 4351 681 4390; x_wconf 83' lang='lat' dir='ltr'>a</span> <span class='ocrx_word' id='word_1_562' title='bbox 695 4334 786 4392; x_wconf 60' lang='lat' dir='ltr'>dolore</span> <span class='ocrx_word' id='word_1_563' title='bbox 808 4337 881 4393; x_wconf 65' lang='lat' dir='ltr'>ocule</span> <span class='ocrx_word' id='word_1_564' title='bbox 970 4321 1013 4394; x_wconf 90' lang='lat' dir='ltr'>git</span> <span class='ocrx_word' id='word_1_565' title='bbox 1027 4324 1059 4376; x_wconf 92' lang='lat' dir='ltr'>ut</span> <span class='ocrx_word' id='word_1_566' title='bbox 1073 4320 1199 4391; x_wconf 89' lang='lat' dir='ltr'>quedam</span> <span class='ocrx_word' id='word_1_567' title='bbox 1216 4318 1343 4375; x_wconf 84' lang='lat' dir='ltr'>dicdum</span> <span class='ocrx_word' id='word_1_568' title='bbox 1360 4318 1489 4375; x_wconf 89' lang='lat' dir='ltr'>ministri</span> <span class='ocrx_word' id='word_1_569' title='bbox 1505 4320 1601 4392; x_wconf 87' lang='lat' dir='ltr'>operis</span> <span class='ocrx_word' id='word_1_570' title='bbox 1625 4320 1705 4393; x_wconf 89' lang='lat' dir='ltr'>operi</span> <span class='ocrx_word' id='word_1_571' title='bbox 1720 4332 1795 4375; x_wconf 89' lang='lat' dir='ltr'>com·</span> 
     </span>
     <span class='ocr_line' id='line_1_47' title="bbox 153 4406 1801 4482; baseline 0.002 -21"><span class='ocrx_word' id='word_1_572' title='bbox 153 4462 160 4479; x_wconf 32' lang='lat' dir='ltr'>x</span> <span class='ocrx_word' id='word_1_573' title='bbox 440 4406 566 4462; x_wconf 83' lang='lat' dir='ltr'>liberate.</span> <span class='ocrx_word' id='word_1_574' title='bbox 970 4408 1077 4482; x_wconf 84' lang='lat' dir='ltr'>plaudo</span> <span class='ocrx_word' id='word_1_575' title='bbox 1093 4407 1271 4473; x_wconf 87' lang='lat' dir='ltr'>insisterent,</span> <span class='ocrx_word' id='word_1_576' title='bbox 1287 4407 1520 4464; x_wconf 87' lang='lat' dir='ltr'>deambulatoria</span> <span class='ocrx_word' id='word_1_577' title='bbox 1535 4407 1584 4464; x_wconf 90' lang='lat' dir='ltr'>ubi</span> <span class='ocrx_word' id='word_1_578' title='bbox 1611 4409 1742 4474; x_wconf 85' lang='lat' dir='ltr'>stabant,</span> <span class='ocrx_word' id='word_1_579' title='bbox 1754 4421 1801 4464; x_wconf 79' lang='lat' dir='ltr'>rc·</span> 
     </span>
     <span class='ocr_line' id='line_1_48' title="bbox 123 4495 1809 4583; baseline 0.001 -32"><span class='ocrx_word' id='word_1_580' title='bbox 123 4495 288 4568; x_wconf 78' lang='lat' dir='ltr'>Aliquando</span> <span class='ocrx_word' id='word_1_581' title='bbox 301 4496 372 4550; x_wconf 90' lang='lat' dir='ltr'>dum</span> <span class='ocrx_word' id='word_1_582' title='bbox 396 4495 536 4550; x_wconf 86' lang='lat' dir='ltr'>transiret</span> <span class='ocrx_word' id='word_1_583' title='bbox 559 4510 611 4567; x_wconf 91' lang='lat' dir='ltr'>per</span> <span class='ocrx_word' id='word_1_584' title='bbox 634 4511 743 4568; x_wconf 86' lang='lat' dir='ltr'>pagum</span> <span class='ocrx_word' id='word_1_585' title='bbox 768 4497 916 4553; x_wconf 88' lang='lat' dir='ltr'>Geneven·</span> <span class='ocrx_word' id='word_1_586' title='bbox 931 4516 955 4583; x_wconf 75' lang='lat' dir='ltr'>p</span> <span class='ocrx_word' id='word_1_587' title='bbox 971 4498 1056 4553; x_wconf 90' lang='lat' dir='ltr'>tertis</span> <span class='ocrx_word' id='word_1_588' title='bbox 1069 4514 1136 4554; x_wconf 89' lang='lat' dir='ltr'>cum</span> <span class='ocrx_word' id='word_1_589' title='bbox 1151 4498 1259 4569; x_wconf 90' lang='lat' dir='ltr'>quibes</span> <span class='ocrx_word' id='word_1_590' title='bbox 1274 4496 1364 4569; x_wconf 86' lang='lat' dir='ltr'>ligata</span> <span class='ocrx_word' id='word_1_591' title='bbox 1378 4502 1461 4553; x_wconf 89' lang='lat' dir='ltr'>erant</span> <span class='ocrx_word' id='word_1_592' title='bbox 1482 4512 1517 4552; x_wconf 85' lang='lat' dir='ltr'>ex</span> <span class='ocrx_word' id='word_1_593' title='bbox 1540 4497 1636 4553; x_wconf 90' lang='lat' dir='ltr'>nimia</span> <span class='ocrx_word' id='word_1_594' title='bbox 1657 4498 1809 4553; x_wconf 73' lang='lat' dir='ltr'>vetustae</span> 
     </span>
     <span class='ocr_line' id='line_1_49' title="bbox 89 4572 1815 4659; baseline 0 -17"><span class='ocrx_word' id='word_1_595' title='bbox 89 4602 151 4642; x_wconf 86' lang='lat' dir='ltr'>sem</span> <span class='ocrx_word' id='word_1_596' title='bbox 167 4587 195 4639; x_wconf 90' lang='lat' dir='ltr'>et</span> <span class='ocrx_word' id='word_1_597' title='bbox 210 4590 339 4640; x_wconf 90' lang='lat' dir='ltr'>castrum</span> <span class='ocrx_word' id='word_1_598' title='bbox 354 4585 501 4650; x_wconf 82' lang='lat' dir='ltr'>Albiense,</span> <span class='ocrx_word' id='word_1_599' title='bbox 517 4584 638 4655; x_wconf 90' lang='lat' dir='ltr'>quidam</span> <span class='ocrx_word' id='word_1_600' title='bbox 653 4584 761 4653; x_wconf 86' lang='lat' dir='ltr'>senior,</span> <span class='ocrx_word' id='word_1_601' title='bbox 773 4585 917 4642; x_wconf 91' lang='lat' dir='ltr'>Siebodus</span> <span class='ocrx_word' id='word_1_602' title='bbox 973 4587 1078 4659; x_wconf 84' lang='lat' dir='ltr'>raptis,</span> <span class='ocrx_word' id='word_1_603' title='bbox 1095 4587 1233 4642; x_wconf 89' lang='lat' dir='ltr'>deorsum</span> <span class='ocrx_word' id='word_1_604' title='bbox 1260 4590 1387 4652; x_wconf 88' lang='lat' dir='ltr'>ruerent,</span> <span class='ocrx_word' id='word_1_605' title='bbox 1402 4602 1471 4643; x_wconf 90' lang='lat' dir='ltr'>cum</span> <span class='ocrx_word' id='word_1_606' title='bbox 1491 4585 1599 4659; x_wconf 86' lang='lat' dir='ltr'>quibus</span> <span class='ocrx_word' id='word_1_607' title='bbox 1623 4572 1815 4643; x_wconf 75' lang='lat' dir='ltr'>cementarii</span> 
     </span>
     <span class='ocr_line' id='line_1_50' title="bbox 90 4671 1827 4745; baseline -0.001 -15"><span class='ocrx_word' id='word_1_608' title='bbox 90 4675 220 4739; x_wconf 83' lang='lat' dir='ltr'>uanrine,</span> <span class='ocrx_word' id='word_1_609' title='bbox 236 4672 374 4728; x_wconf 89' lang='lat' dir='ltr'>domiuus</span> <span class='ocrx_word' id='word_1_610' title='bbox 387 4672 520 4744; x_wconf 90' lang='lat' dir='ltr'>ejusdem</span> <span class='ocrx_word' id='word_1_611' title='bbox 541 4672 641 4740; x_wconf 90' lang='lat' dir='ltr'>castri,</span> <span class='ocrx_word' id='word_1_612' title='bbox 658 4671 756 4745; x_wconf 88' lang='lat' dir='ltr'>ampla</span> <span class='ocrx_word' id='word_1_613' title='bbox 779 4689 915 4745; x_wconf 89' lang='lat' dir='ltr'>persona,</span> <span class='ocrx_word' id='word_1_614' title='bbox 971 4693 1005 4732; x_wconf 84' lang='lat' dir='ltr'>ex</span> <span class='ocrx_word' id='word_1_615' title='bbox 1020 4674 1174 4731; x_wconf 86' lang='lat' dir='ltr'>altitudine</span> <span class='ocrx_word' id='word_1_616' title='bbox 1189 4673 1266 4730; x_wconf 91' lang='lat' dir='ltr'>muri</span> <span class='ocrx_word' id='word_1_617' title='bbox 1282 4673 1317 4730; x_wconf 91' lang='lat' dir='ltr'>ad</span> <span class='ocrx_word' id='word_1_618' title='bbox 1331 4679 1439 4731; x_wconf 87' lang='lat' dir='ltr'>terrem</span> <span class='ocrx_word' id='word_1_619' title='bbox 1452 4673 1665 4744; x_wconf 86' lang='lat' dir='ltr'>ceciderunt,et</span> <span class='ocrx_word' id='word_1_620' title='bbox 1679 4672 1827 4731; x_wconf 71' lang='lat' dir='ltr'>celliaiu‘</span> 
     </span>
     <span class='ocr_line' id='line_1_51' title="bbox 89 4744 1268 4835; baseline -0.002 -14"><span class='ocrx_word' id='word_1_621' title='bbox 89 4781 147 4821; x_wconf 91' lang='lat' dir='ltr'>non</span> <span class='ocrx_word' id='word_1_622' title='bbox 165 4780 252 4835; x_wconf 87' lang='lat' dir='ltr'>parva</span> <span class='ocrx_word' id='word_1_623' title='bbox 268 4744 446 4835; x_wconf 66' lang='lat' dir='ltr'>podestased</span> <span class='ocrx_word' id='word_1_624' title='bbox 462 4778 529 4817; x_wconf 91' lang='lat' dir='ltr'>eum</span> <span class='ocrx_word' id='word_1_625' title='bbox 544 4761 675 4817; x_wconf 74' lang='lat' dir='ltr'>secessit.</span> <span class='ocrx_word' id='word_1_626' title='bbox 692 4761 764 4819; x_wconf 90' lang='lat' dir='ltr'>lluic</span> <span class='ocrx_word' id='word_1_627' title='bbox 789 4763 916 4835; x_wconf 89' lang='lat' dir='ltr'>quadam</span> <span class='ocrx_word' id='word_1_628' title='bbox 972 4763 1018 4820; x_wconf 93' lang='lat' dir='ltr'>nis</span> <span class='ocrx_word' id='word_1_629' title='bbox 1034 4764 1268 4820; x_wconf 89' lang='lat' dir='ltr'>membrarum...</span> 
     </span>
     <span class='ocr_line' id='line_1_52' title="bbox 90 4846 1828 4944; baseline -0.002 -34"><span class='ocrx_word' id='word_1_630' title='bbox 90 4853 136 4910; x_wconf 91' lang='lat' dir='ltr'>die</span> <span class='ocrx_word' id='word_1_631' title='bbox 151 4853 207 4909; x_wconf 93' lang='lat' dir='ltr'>sub</span> <span class='ocrx_word' id='word_1_632' title='bbox 223 4853 325 4908; x_wconf 91' lang='lat' dir='ltr'>arbore</span> <span class='ocrx_word' id='word_1_633' title='bbox 336 4850 446 4925; x_wconf 89' lang='lat' dir='ltr'>jacenti</span> <span class='ocrx_word' id='word_1_634' title='bbox 462 4851 581 4908; x_wconf 79' lang='lat' dir='ltr'>fortuito</span> <span class='ocrx_word' id='word_1_635' title='bbox 592 4866 661 4906; x_wconf 88' lang='lat' dir='ltr'>casu</span> <span class='ocrx_word' id='word_1_636' title='bbox 673 4851 815 4922; x_wconf 88' lang='lat' dir='ltr'>particula</span> <span class='ocrx_word' id='word_1_637' title='bbox 829 4852 916 4908; x_wconf 92' lang='lat' dir='ltr'>corti·</span> <span class='ocrx_word' id='word_1_638' title='bbox 971 4872 1038 4927; x_wconf 53' lang='lat' dir='ltr'>CM„</span> <span class='ocrx_word' id='word_1_639' title='bbox 1055 4870 1125 4926; x_wconf 54' lang='grc' dir='ltr'>χχχ,</span> <span class='ocrx_word' id='word_1_640' title='bbox 1140 4902 1175 4910; x_wconf 85' lang='grc'>.,</span> <span class='ocrx_word' id='word_1_641' title='bbox 1190 4872 1228 4927; x_wconf 63' lang='lat' dir='ltr'>p,</span> <span class='ocrx_word' id='word_1_642' title='bbox 1242 4846 1359 4944; x_wconf 81' lang='lat' dir='ltr'>qaedam</span> <span class='ocrx_word' id='word_1_643' title='bbox 1372 4879 1461 4928; x_wconf 58' lang='lat' dir='ltr'>mm,</span> <span class='ocrx_word' id='word_1_644' title='bbox 1474 4878 1551 4944; x_wconf 52' lang='grc' dir='ltr'>σφω</span> <span class='ocrx_word' id='word_1_645' title='bbox 1562 4870 1620 4927; x_wconf 54' lang='grc' dir='ltr'>,ιρι</span> <span class='ocrx_word' id='word_1_646' title='bbox 1629 4868 1828 4929; x_wconf 56' lang='lat' dir='ltr'>mma</span> 
     </span>
     <span class='ocr_line' id='line_1_53' title="bbox 90 4939 1623 5012; baseline 0 -13"><span class='ocrx_word' id='word_1_647' title='bbox 90 4943 133 4999; x_wconf 91' lang='lat' dir='ltr'>cis</span> <span class='ocrx_word' id='word_1_648' title='bbox 146 4942 289 4998; x_wconf 89' lang='lat' dir='ltr'>ceciderat</span> <span class='ocrx_word' id='word_1_649' title='bbox 301 4941 331 4997; x_wconf 92' lang='lat' dir='ltr'>in</span> <span class='ocrx_word' id='word_1_650' title='bbox 346 4939 431 4998; x_wconf 89' lang='lat' dir='ltr'>ocula</span> <span class='ocrx_word' id='word_1_651' title='bbox 449 4957 455 4996; x_wconf 92' lang='lat'><strong>:</strong></span> <span class='ocrx_word' id='word_1_652' title='bbox 470 4956 534 5012; x_wconf 80' lang='lat' dir='ltr'>quse</span> <span class='ocrx_word' id='word_1_653' title='bbox 549 4939 591 4995; x_wconf 91' lang='lat' dir='ltr'>ita</span> <span class='ocrx_word' id='word_1_654' title='bbox 607 4939 783 5008; x_wconf 90' lang='lat' dir='ltr'>turbaverat,</span> <span class='ocrx_word' id='word_1_655' title='bbox 799 4940 841 4996; x_wconf 88' lang='lat' dir='ltr'>ita</span> <span class='ocrx_word' id='word_1_656' title='bbox 855 4957 917 4997; x_wconf 89' lang='lat' dir='ltr'>eor-</span> <span class='ocrx_word' id='word_1_657' title='bbox 1332 4947 1439 4999; x_wconf 77' lang='lat' dir='ltr'>sanato.</span> <span class='ocrx_word' id='word_1_658' title='bbox 1616 4944 1623 4953; x_wconf 84' lang='grc'><strong>“</strong></span> 
     </span>
     <span class='ocr_line' id='line_1_54' title="bbox 90 5027 1828 5103; baseline -0.002 -16"><span class='ocrx_word' id='word_1_659' title='bbox 90 5035 210 5103; x_wconf 89' lang='lat' dir='ltr'>ruperat</span> <span class='ocrx_word' id='word_1_660' title='bbox 224 5030 357 5102; x_wconf 88' lang='lat' dir='ltr'>ejusdem</span> <span class='ocrx_word' id='word_1_661' title='bbox 378 5029 503 5087; x_wconf 88' lang='lat' dir='ltr'>membri</span> <span class='ocrx_word' id='word_1_662' title='bbox 527 5027 668 5095; x_wconf 80' lang='lat' dir='ltr'>osticium,</span> <span class='ocrx_word' id='word_1_663' title='bbox 685 5032 718 5084; x_wconf 92' lang='lat' dir='ltr'>ut</span> <span class='ocrx_word' id='word_1_664' title='bbox 732 5045 785 5085; x_wconf 88' lang='lat' dir='ltr'>nec</span> <span class='ocrx_word' id='word_1_665' title='bbox 799 5028 915 5102; x_wconf 86' lang='lat' dir='ltr'>expelli,</span> <span class='ocrx_word' id='word_1_666' title='bbox 1005 5030 1068 5087; x_wconf 81' lang='lat' dir='ltr'>Alio</span> <span class='ocrx_word' id='word_1_667' title='bbox 1083 5033 1213 5103; x_wconf 89' lang='lat' dir='ltr'>tempore</span> <span class='ocrx_word' id='word_1_668' title='bbox 1229 5046 1297 5086; x_wconf 90' lang='lat' dir='ltr'>cum</span> <span class='ocrx_word' id='word_1_669' title='bbox 1313 5046 1347 5086; x_wconf 83' lang='lat' dir='ltr'>en</span> <span class='ocrx_word' id='word_1_670' title='bbox 1362 5029 1494 5103; x_wconf 87' lang='lat' dir='ltr'>pertibus</span> <span class='ocrx_word' id='word_1_671' title='bbox 1507 5027 1707 5103; x_wconf 73' lang='lat' dir='ltr'>UltraJ&#39;uranis</span> <span class='ocrx_word' id='word_1_672' title='bbox 1720 5029 1828 5086; x_wconf 65' lang='lat' dir='ltr'>Nan‘</span> 
     </span>
     <span class='ocr_line' id='line_1_55' title="bbox 126 5133 1825 5211; baseline 0 -20"><span class='ocrx_word' id='word_1_673' title='bbox 126 5136 182 5205; x_wconf 71' lang='lat'>(33)</span> <span class='ocrx_word' id='word_1_674' title='bbox 199 5135 246 5191; x_wconf 90' lang='lat' dir='ltr'>Sic</span> <span class='ocrx_word' id='word_1_675' title='bbox 261 5137 351 5192; x_wconf 86' lang='lat' dir='ltr'>codex</span> <span class='ocrx_word' id='word_1_676' title='bbox 364 5140 393 5192; x_wconf 86' lang='lat' dir='ltr'>S.</span> <span class='ocrx_word' id='word_1_677' title='bbox 409 5137 546 5192; x_wconf 81' lang='lat' dir='ltr'>German.</span> <span class='ocrx_word' id='word_1_678' title='bbox 561 5136 598 5190; x_wconf 80' lang='lat' dir='ltr'>At</span> <span class='ocrx_word' id='word_1_679' title='bbox 623 5133 793 5202; x_wconf 69' lang='lat' dir='ltr'>thuaneus,</span> <span class='ocrx_word' id='word_1_680' title='bbox 811 5135 917 5192; x_wconf 82' lang='lat' dir='ltr'>iere‘ut</span> <span class='ocrx_word' id='word_1_681' title='bbox 970 5140 1132 5211; x_wconf 81' lang='lat' dir='ltr'>quiquunto</span> <span class='ocrx_word' id='word_1_682' title='bbox 1146 5138 1257 5206; x_wconf 71' lang='lat' dir='ltr'>gestivit</span> <span class='ocrx_word' id='word_1_683' title='bbox 1270 5137 1381 5206; x_wconf 80' lang='lat' dir='ltr'>quadie,</span> <span class='ocrx_word' id='word_1_684' title='bbox 1397 5153 1432 5193; x_wconf 80' lang='lat' dir='ltr'>ee</span> <span class='ocrx_word' id='word_1_685' title='bbox 1454 5138 1596 5195; x_wconf 78' lang='lat' dir='ltr'>imnoemie</span> <span class='ocrx_word' id='word_1_686' title='bbox 1609 5137 1665 5194; x_wconf 82' lang='lat' dir='ltr'>Deo</span> <span class='ocrx_word' id='word_1_687' title='bbox 1688 5134 1825 5194; x_wconf 62' lang='lat' dir='ltr'>taurim</span> 
     </span>
     <span class='ocr_line' id='line_1_56' title="bbox 91 5206 1641 5282; baseline 0.001 -19"><span class='ocrx_word' id='word_1_688' title='bbox 91 5207 193 5263; x_wconf 87' lang='lat' dir='ltr'>Petrus</span> <span class='ocrx_word' id='word_1_689' title='bbox 209 5206 342 5263; x_wconf 88' lang='lat' dir='ltr'>Damiani</span> <span class='ocrx_word' id='word_1_690' title='bbox 356 5208 387 5262; x_wconf 96' lang='lat' dir='ltr'>in</span> <span class='ocrx_word' id='word_1_691' title='bbox 408 5206 501 5264; x_wconf 87' lang='lat' dir='ltr'>altera</span> <span class='ocrx_word' id='word_1_692' title='bbox 523 5207 589 5262; x_wconf 87' lang='lat' dir='ltr'>Vita</span> <span class='ocrx_word' id='word_1_693' title='bbox 613 5222 676 5279; x_wconf 88' lang='lat' dir='ltr'>cap.</span> <span class='ocrx_word' id='word_1_694' title='bbox 692 5208 735 5273; x_wconf 84' lang='grc'>13,</span> <span class='ocrx_word' id='word_1_695' title='bbox 749 5208 792 5263; x_wconf 91' lang='lat' dir='ltr'>sie</span> <span class='ocrx_word' id='word_1_696' title='bbox 806 5208 893 5265; x_wconf 90' lang='lat' dir='ltr'>babet</span> <span class='ocrx_word' id='word_1_697' title='bbox 907 5225 915 5264; x_wconf 73' lang='grc' dir='ltr'><strong><em>ε</em></strong></span> <span class='ocrx_word' id='word_1_698' title='bbox 970 5209 1040 5282; x_wconf 75' lang='lat' dir='ltr'>[esis</span> <span class='ocrx_word' id='word_1_699' title='bbox 1087 5209 1265 5280; x_wconf 70' lang='lat' dir='ltr'>aconitaque·</span> <span class='ocrx_word' id='word_1_700' title='bbox 1280 5209 1348 5265; x_wconf 84' lang='lat' dir='ltr'>votet</span> <span class='ocrx_word' id='word_1_701' title='bbox 1361 5209 1518 5278; x_wconf 68' lang='lat' dir='ltr'>dignoscere</span> <span class='ocrx_word' id='word_1_702' title='bbox 1530 5210 1641 5282; x_wconf 78' lang='lat' dir='ltr'>poterit.</span> 
     </span>
     <span class='ocr_line' id='line_1_57' title="bbox 91 5276 1821 5352; baseline -0.001 -16"><span class='ocrx_word' id='word_1_703' title='bbox 91 5278 133 5336; x_wconf 79' lang='lat' dir='ltr'>sd</span> <span class='ocrx_word' id='word_1_704' title='bbox 161 5278 219 5334; x_wconf 82' lang='lat' dir='ltr'>loce</span> <span class='ocrx_word' id='word_1_705' title='bbox 246 5277 513 5335; x_wconf 79' lang='lat' dir='ltr'>deducitsaaratum</span> <span class='ocrx_word' id='word_1_706' title='bbox 540 5279 643 5334; x_wconf 84' lang='lat' dir='ltr'>tibrum</span> <span class='ocrx_word' id='word_1_707' title='bbox 669 5280 821 5350; x_wconf 79' lang='lat' dir='ltr'>reperiant,</span> <span class='ocrx_word' id='word_1_708' title='bbox 838 5295 918 5352; x_wconf 84' lang='lat' dir='ltr'>quem</span> <span class='ocrx_word' id='word_1_709' title='bbox 1008 5281 1053 5351; x_wconf 71' lang='lat'>(34</span> <span class='ocrx_word' id='word_1_710' title='bbox 1079 5279 1130 5335; x_wconf 85' lang='lat' dir='ltr'>llic</span> <span class='ocrx_word' id='word_1_711' title='bbox 1146 5279 1317 5352; x_wconf 88' lang='lat' dir='ltr'>designatur</span> <span class='ocrx_word' id='word_1_712' title='bbox 1340 5281 1423 5336; x_wconf 77' lang='lat' dir='ltr'>Luce</span> <span class='ocrx_word' id='word_1_713' title='bbox 1445 5279 1546 5337; x_wconf 87' lang='lat' dir='ltr'>civitas</span> <span class='ocrx_word' id='word_1_714' title='bbox 1570 5276 1821 5337; x_wconf 62' lang='lat' dir='ltr'>nobibssimaeb</span> 
     </span>
     <span class='ocr_line' id='line_1_58' title="bbox 92 5349 1514 5424; baseline 0.001 -18"><span class='ocrx_word' id='word_1_715' title='bbox 92 5350 195 5406; x_wconf 74' lang='lat' dir='ltr'>Christi</span> <span class='ocrx_word' id='word_1_716' title='bbox 207 5350 338 5420; x_wconf 81' lang='lat' dir='ltr'>protectio</span> <span class='ocrx_word' id='word_1_717' title='bbox 351 5366 369 5404; x_wconf 90' lang='lat' dir='ltr'>a</span> <span class='ocrx_word' id='word_1_718' title='bbox 381 5351 485 5405; x_wconf 69' lang='lat' dir='ltr'>nitatis</span> <span class='ocrx_word' id='word_1_719' title='bbox 509 5351 645 5406; x_wconf 84' lang='lat' dir='ltr'>intactam</span> <span class='ocrx_word' id='word_1_720' title='bbox 666 5358 839 5416; x_wconf 84' lang='lat' dir='ltr'>seruauerat;</span> <span class='ocrx_word' id='word_1_721' title='bbox 852 5368 918 5409; x_wconf 75' lang='lat' dir='ltr'>aare</span> <span class='ocrx_word' id='word_1_722' title='bbox 972 5351 1085 5409; x_wconf 87' lang='lat' dir='ltr'>ducalis</span> <span class='ocrx_word' id='word_1_723' title='bbox 1098 5351 1127 5405; x_wconf 91' lang='lat' dir='ltr'>in</span> <span class='ocrx_word' id='word_1_724' title='bbox 1143 5351 1267 5419; x_wconf 80' lang='lat' dir='ltr'>Etruria,</span> <span class='ocrx_word' id='word_1_725' title='bbox 1284 5349 1371 5424; x_wconf 92' lang='lat' dir='ltr'>vulgo</span> <span class='ocrx_word' id='word_1_726' title='bbox 1385 5354 1514 5424; x_wconf 77' lang='lat' dir='ltr'>torques.</span> 
     </span>
     <span class='ocr_line' id='line_1_59' title="bbox 90 5413 1819 5496; baseline -0.002 -17"><span class='ocrx_word' id='word_1_727' title='bbox 90 5437 160 5479; x_wconf 80' lang='lat' dir='ltr'>sana</span> <span class='ocrx_word' id='word_1_728' title='bbox 184 5421 339 5490; x_wconf 79' lang='lat' dir='ltr'>inueniunt,</span> <span class='ocrx_word' id='word_1_729' title='bbox 357 5435 419 5492; x_wconf 72' lang='lat' dir='ltr'>que</span> <span class='ocrx_word' id='word_1_730' title='bbox 443 5421 492 5476; x_wconf 80' lang='lat' dir='ltr'>Dei</span> <span class='ocrx_word' id='word_1_731' title='bbox 513 5423 602 5477; x_wconf 83' lang='lat' dir='ltr'>nostri</span> <span class='ocrx_word' id='word_1_732' title='bbox 625 5423 758 5478; x_wconf 84' lang='lat' dir='ltr'>immensa</span> <span class='ocrx_word' id='word_1_733' title='bbox 783 5424 870 5496; x_wconf 82' lang='lat' dir='ltr'>pietas</span> <span class='ocrx_word' id='word_1_734' title='bbox 884 5439 919 5480; x_wconf 85' lang='lat' dir='ltr'>nc</span> <span class='ocrx_word' id='word_1_735' title='bbox 1009 5423 1065 5496; x_wconf 76' lang='lat'>(35)</span> <span class='ocrx_word' id='word_1_736' title='bbox 1081 5421 1111 5478; x_wconf 89' lang='lat' dir='ltr'>ln</span> <span class='ocrx_word' id='word_1_737' title='bbox 1128 5422 1191 5479; x_wconf 89' lang='lat' dir='ltr'>cod.</span> <span class='ocrx_word' id='word_1_738' title='bbox 1208 5421 1305 5478; x_wconf 85' lang='lat' dir='ltr'>Germ.</span> <span class='ocrx_word' id='word_1_739' title='bbox 1322 5421 1448 5479; x_wconf 91' lang='lat' dir='ltr'>babetur</span> <span class='ocrx_word' id='word_1_740' title='bbox 1462 5421 1518 5480; x_wconf 89' lang='lat' dir='ltr'>boc</span> <span class='ocrx_word' id='word_1_741' title='bbox 1532 5422 1696 5496; x_wconf 90' lang='lat' dir='ltr'>capitulum</span> <span class='ocrx_word' id='word_1_742' title='bbox 1721 5413 1819 5494; x_wconf 70' lang='lat' dir='ltr'>quael»</span> 
     </span>
    </p>
   </div>
   <div class='ocr_carea' id='block_1_3' title="bbox 90 5491 1828 5643">
    <p class='ocr_par' dir='ltr' id='par_1_7' title="bbox 90 5491 1828 5643">
     <span class='ocr_line' id='line_1_60' title="bbox 90 5491 1828 5571; baseline 0.001 -20"><span class='ocrx_word' id='word_1_743' title='bbox 90 5495 297 5570; x_wconf 70' lang='lat' dir='ltr'>(summetur,</span> <span class='ocrx_word' id='word_1_744' title='bbox 324 5495 489 5567; x_wconf 80' lang='lat' dir='ltr'>protexerat.</span> <span class='ocrx_word' id='word_1_745' title='bbox 519 5493 663 5568; x_wconf 68' lang='lat' dir='ltr'>Confestim</span> <span class='ocrx_word' id='word_1_746' title='bbox 691 5494 778 5564; x_wconf 69' lang='grc' dir='ltr'>ἱρέων</span> <span class='ocrx_word' id='word_1_747' title='bbox 807 5496 919 5553; x_wconf 79' lang='lat' dir='ltr'>inuenta</span> <span class='ocrx_word' id='word_1_748' title='bbox 973 5496 1054 5552; x_wconf 87' lang='lat' dir='ltr'>deest</span> <span class='ocrx_word' id='word_1_749' title='bbox 1069 5493 1098 5550; x_wconf 91' lang='lat' dir='ltr'>in</span> <span class='ocrx_word' id='word_1_750' title='bbox 1115 5494 1270 5562; x_wconf 82' lang='lat' dir='ltr'>Theaneo;</span> <span class='ocrx_word' id='word_1_751' title='bbox 1287 5494 1338 5552; x_wconf 90' lang='lat' dir='ltr'>sed</span> <span class='ocrx_word' id='word_1_752' title='bbox 1359 5494 1562 5571; x_wconf 74' lang='lat' dir='ltr'>imperfectum</span> <span class='ocrx_word' id='word_1_753' title='bbox 1586 5499 1643 5566; x_wconf 89' lang='lat' dir='ltr'>est,</span> <span class='ocrx_word' id='word_1_754' title='bbox 1659 5491 1828 5553; x_wconf 71' lang='lat' dir='ltr'>avulsiw</span> 
     </span>
     <span class='ocr_line' id='line_1_61' title="bbox 91 5563 1309 5643; baseline -0.005 -17"><span class='ocrx_word' id='word_1_755' title='bbox 91 5566 224 5636; x_wconf 80' lang='lat' dir='ltr'>tollentes,</span> <span class='ocrx_word' id='word_1_756' title='bbox 240 5563 371 5641; x_wconf 65' lang='lat' dir='ltr'>remeant</span> <span class='ocrx_word' id='word_1_757' title='bbox 397 5567 516 5637; x_wconf 83' lang='lat' dir='ltr'>orantes,</span> <span class='ocrx_word' id='word_1_758' title='bbox 535 5573 561 5623; x_wconf 83' lang='lat' dir='ltr'>et</span> <span class='ocrx_word' id='word_1_759' title='bbox 584 5580 617 5622; x_wconf 82' lang='lat' dir='ltr'>ea</span> <span class='ocrx_word' id='word_1_760' title='bbox 637 5567 718 5624; x_wconf 81' lang='lat' dir='ltr'>Patri</span> <span class='ocrx_word' id='word_1_761' title='bbox 743 5568 917 5639; x_wconf 71' lang='lat' dir='ltr'>consiperent,</span> <span class='ocrx_word' id='word_1_762' title='bbox 975 5566 1074 5627; x_wconf 85' lang='lat' dir='ltr'>codice</span> <span class='ocrx_word' id='word_1_763' title='bbox 1088 5564 1208 5643; x_wconf 86' lang='lat' dir='ltr'>reliquis</span> <span class='ocrx_word' id='word_1_764' title='bbox 1224 5565 1309 5628; x_wconf 80' lang='lat' dir='ltr'>loliis,</span> 
     </span>
    </p>
   </div>
   <div class='ocr_carea' id='block_1_4' title="bbox 0 0 1946 6084">
    <p class='ocr_par' dir='ltr' id='par_1_8' title="bbox 0 0 1946 6084">
     <span class='ocr_line' id='line_1_62' title="bbox 0 0 1946 6084; baseline 0 0"><span class='ocrx_word' id='word_1_765' title='bbox 0 0 1946 6084; x_wconf 95' lang='lat' dir='ltr'> </span> 
     </span>
    </p>
   </div>
  </div>
 </body>
</html>
