3884 6084
140 264 200 325 ’113
685 251 849 320 VASONIS
871 256 1100 321 insulensis
1121 257 1310 322 setscoel.
1788 260 1848 339 ’111

142 412 217 467 supp
230 390 360 448 «litarat
371 388 567 446 Nihilominus
577 389 616 462 pii
630 389 721 447 Patris
732 389 878 446 industria
888 390 961 445 ruri·
976 400 1003 465 Α
1019 393 1231 462 provenientes,
1250 391 1359 448 multos
1375 391 1502 447 militum
1520 393 1688 447 nostrorum
1704 389 1733 445 in
1746 391 1848 449 adser-

141 484 271 539 cnlarum
287 480 461 537 laboriosam
478 478 596 552 respicit
610 480 753 551 inopirm3
765 480 894 552 adcujus
905 496 965 537 ma·
1019 496 1082 536 sam
1098 485 1211 554 partem
1226 485 1400 554 rapuerunt;
1420 480 1528 541 trustra
1551 478 1709 543 arbitratos
1732 478 1845 557 teresi

141 573 200 628 lam
219 571 451 645 temperandum,
468 572 527 625 toto
541 568 596 624 hoe
609 568 695 624 lamis
710 571 839 641 tempore
850 568 963 627 unicui·
1018 586 1050 626 se
1065 570 1130 627 navi
1146 570 1249 644 flagitii
1264 568 1423 643 complices
1439 585 1504 627 esse
1518 568 1709 645 contingeret,
1719 585 1774 643 per
1786 569 1845 635 vim

140 678 197 735 que
214 660 409 717 mansionario
426 674 478 731 per
496 657 631 731 singulas
654 657 854 715 hebdomadas
878 657 964 715 binos
1017 659 1162 728 beneficii,
1180 659 1238 716 imo
1253 659 1344 717 totius
1359 659 1545 733 episcopatus
1560 675 1612 733 pro
1628 657 1712 725 libito
1735 657 1844 735 potitu-

139 750 200 806 dari
218 748 369 805 constituit
384 747 528 815 denarios,
541 763 577 803 nc
592 764 650 819 pra
675 747 803 803 instante
827 747 964 821 augustia
1017 765 1076 804 ros.
1093 749 1148 805 Sed
1164 765 1232 805 cum
1249 766 1294 805 res
1311 747 1369 804 illis
1383 747 1414 805 in
1436 747 1615 805 eontrarium
1641 747 1776 817 cesserit,
1791 765 1844 811 uos

138 839 224 895 boves
240 839 372 904 vendere,
384 839 436 892 aut
450 837 597 891 decaetero
612 839 720 891 terram
734 833 861 891 nativam
872 835 962 892 relin·
1017 853 1135 910 quoque
1149 836 1376 912 propugnatoris
1391 837 1483 895 nostri
1496 836 1675 895 industriam
1686 853 1845 911 prosequa-

138 944 225 1000 quero
249 931 433 1001 cogerentur,
451 926 552 998 sicque
576 942 772 981 arumnosam
798 924 888 981 vitam
911 930 962 981 aut
1017 943 1093 982 mur.
1106 926 1210 986 Urbem
1227 944 1280 1003 pro
1294 932 1425 1001 tempore
1439 932 1467 983 et
1481 926 1544 985 loco
1555 926 1843 1000 munitam,persts·

137 1017 330 1074 mendicando
347 1016 462 1084 ducere,
480 1018 532 1070 aut
546 1018 670 1070 mortem
686 1013 764 1070 omni
786 1014 883 1088 gladio
905 1032 960 1071 sre-
1016 1017 1095 1072 tutos
1110 1016 1140 1072 iu
1155 1033 1221 1073 arce
1233 1015 1335 1090 vigiles
1359 1021 1387 1072 et
1410 1015 1538 1073 claustra
1560 1020 1715 1089 portarum
1733 1016 1845 1091 jugiter

135 1109 244 1164 viorem
259 1124 327 1163 cum
342 1105 420 1162 omni
437 1105 524 1161 domo
539 1102 747 1159 miserabiliter
756 1101 914 1161 incurrere.
1015 1109 1122 1176 serata,
1132 1110 1220 1162 noctu
1232 1106 1384 1179 diequeab
1399 1105 1520 1163 incursu
1530 1104 1662 1165 hostium
1673 1108 1770 1173 tutam
1782 1107 1844 1169 red·

135 1200 200 1252 Gne.
212 1196 270 1250 XV.
283 1197 320 1251 De
336 1196 439 1250 tritaet
450 1194 582 1249 attentare
595 1190 958 1265 t'irdunensibusimpenra.
1015 1190 1098 1261 didit,
1114 1197 1142 1249 et
1156 1195 1259 1252 domas
1274 1200 1334 1251 tam
1345 1194 1517 1252 elericorum
1533 1211 1622 1269 quam
1637 1193 1784 1253 laieorum
1798 1212 1843 1265 ur

171 1286 244 1341 Huic
259 1283 417 1341 calamitati
434 1281 558 1338 accessit
572 1280 629 1337 alia
643 1281 735 1354 pestis
750 1297 831 1355 eque
856 1280 959 1338 intole-
1015 1282 1072 1338 mis
1087 1283 1207 1341 refertas
1222 1301 1297 1352 esse,
1309 1285 1385 1341 eires
1401 1300 1615 1359 nonnunquam
1630 1284 1661 1341 in
1672 1284 1767 1341 armis
1778 1302 1842 1357 esse

136 1371 504 1443 rabilis,bellamridelicet
518 1370 596 1443 quod
612 1369 920 1426 Godelridusmosime
928 1369 959 1426 in
1014 1371 1160 1446 praecepit.
1178 1374 1302 1447 ipseque
1316 1374 1474 1431 continuus
1486 1372 1622 1430 assidens
1637 1371 1788 1449 episcopio
1801 1374 1842 1441 ui·

25 1500 31 1506 ·
134 1464 347 1521 Virduncnsem
364 1463 607 1531 et(‘25)ncstram
632 1459 762 1515 exercuit
784 1459 957 1528 Ecclesiam3
1013 1456 1113 1532 hilqna
1137 1461 1172 1518 de
1196 1461 1286 1519 solitae
1311 1460 1461 1536 religionis
1485 1461 1637 1536 negligens
1660 1479 1765 1535 panso,
1790 1480 1841 1537 pag

135 1568 262 1624 quarum
277 1549 481 1618 virdunensis,
499 1549 568 1603 dum
584 1549 681 1620 prreda
696 1552 724 1604 et
743 1547 877 1605 incendic
891 1565 969 1604 vas·¹
1012 1564 1118 1622 gnaras
1132 1550 1243 1607 indices
1258 1551 1389 1609 hostiam
1405 1551 1643 1609 machinamenta
1652 1550 1838 1627 explorabat3

135 1645 216 1697 tante
231 1642 332 1699 urbem
348 1645 377 1695 et
392 1639 512 1694 domum
528 1641 634 1693 sanetae
650 1636 700 1692 Dei
715 1636 869 1693 Genitricis
889 1653 957 1693 cum
1012 1642 1112 1694 eontra
1128 1655 1191 1713 que
1207 1641 1306 1698 omnia
1320 1657 1409 1714 seque
1424 1657 1552 1713 suosque
1567 1643 1652 1699 scuto
1676 1641 1838 1715 prudentia

134 1732 214 1788 omui
231 1747 283 1786 sao
299 1734 402 1785 ornatu
418 1728 535 1801 penitus
549 1725 771 1792 eversaluisset,
783 1724 831 1782 ille
846 1725 876 1782 in
891 1725 957 1782 lon·
972 1772 996 1837 B
1011 1729 1163 1801 satagebat
1189 1734 1350 1804 protegere.
1368 1731 1411 1787 lta
1434 1729 1574 1787 nimirum
1602 1746 1685 1787 more
1712 1730 1793 1805 Argi,
1811 1728 1839 1789 si

133 1815 955 1894 ginquopositusgraviteregregiaeurbiscasumdoluit,
1011 1815 1115 1872 fabulae
1139 1818 1182 1874 ias
1205 1823 1249 1876 est
1272 1820 1398 1889 eradere,
1415 1823 1534 1875 centum
1556 1817 1650 1875 oculis
1666 1819 1837 1894 insignitus,

132 1913 161 1965 et
174 1908 241 1964 licet
256 1909 285 1965 in
302 1907 407 1964 similis
420 1904 540 1978 periculi
558 1907 636 1960 motu
652 1903 765 1977 positus
779 1909 865 1973 esset,
882 1902 956 1960 hila·
1011 1904 1088 1962 mala
1100 1908 1243 1965 exteriora
1257 1909 1407 1966 coercebat
1422 1912 1454 1964 ut
1468 1910 1545 1965 bana
1555 1907 1696 1966 interiore
1706 1925 1766 1966 non
1776 1925 1835 1966 mo

131 1999 172 2056 ris
187 2004 282 2055 tamen
300 1995 505 2064 dator-,diruta
521 1993 583 2048 urbi
601 2009 658 2047 non
675 1992 791 2048 distulit
805 2009 868 2048 csse
879 1991 955 2048 leva·
1010 1994 1047 2050 do
1058 2013 1116 2051 non
1126 1996 1385 2067 minueret,verum
1398 1999 1751 2072 insuperaugmeutaret3
1762 1997 1835 2061 bona

131 2088 215 2156 mini,
229 2102 386 2160 suppresso
401 2101 454 2140 suc
471 2083 589 2138 noniine
604 2083 743 2138 mandata
767 2083 887 2138 mittens
909 2081 954 2137 in·
1010 2083 1046 2140 de
1060 2084 1106 2140 die
1119 2084 1149 2140 iu
1166 2087 1245 2148 diem
1260 2085 1492 2144 desiderabiliter
1506 2089 1657 2160 appetens,
1674 2085 1755 2144 mala
1771 2103 1832 2151 vera

130 2181 174 2233 ter
189 2176 249 2232 haee
264 2176 350 2230 verba
366 2192 373 2230 ε
390 2197 402 2222 r
420 2173 527 2228 Sancta
550 2170 641 2226 llario
662 2171 846 2227 leodicensis
865 2170 956 2227 mittit
1008 2171 1144 2230 fidelibus
1160 2174 1278 2244 Christi,
1290 2176 1398 2250 quibus
1413 2174 1539 2232 maxime
1561 2175 1696 2244 timebat,
1713 2174 1832 2251 diligen·

130 2264 345 2338 quinquaginta
359 2263 450 2318 libras
464 2261 652 2316 denariorum
668 2264 773 2315 sancte
785 2260 880 2316 Mariae
888 2260 954 2315 Vir·
1008 2260 1123 2318 tissime
1138 2279 1323 2336 precavens:
1340 2264 1370 2320 in
1387 2282 1444 2337 quo
1459 2264 1532 2332 salo,
1544 2268 1576 2321 ut
1591 2265 1718 2322 fidenter
1728 2265 1831 2337 dicam,

130 2354 255 2410 dunensi
274 2372 280 2409 ε
298 2352 484 2408 medietatem
499 2349 648 2406 canonicis
664 2348 954 2418 iratribusmedicta-
1007 2351 1125 2407 animus
1139 2352 1251 2410 divisus
1266 2355 1303 2410 ad
1318 2353 1413 2427 plura,
1427 2371 1486 2411 uon
1508 2353 1670 2427 apparebat
1687 2354 1784 2413 minor
1797 2355 1830 2419 ud

130 2449 188 2500 iem
205 2460 270 2500 vero
286 2442 321 2497 ad
337 2441 548 2514 reparationem
564 2438 702 2496 ecelesiae.
720 2461 733 2488 ι
751 2438 808 2496 Ηοι
823 2439 952 2513 primam
1007 2440 1133 2515 singula,
1150 2442 1262 2516 integer
1276 2446 1305 2499 et
1327 2447 1430 2516 potens
1455 2442 1563 2512 omnia,
1580 2444 1748 2503 seeundum
1763 2446 1829 2519 Apo

129 2534 268 2589 omnibus
281 2531 365 2588 bonis
381 2530 444 2585 suis
460 2528 611 2601 exspoliati
626 2528 681 2584 loci
703 2527 783 2585 illius
806 2528 951 2601 canonici,
1006 2530 1126 2599 stolum,
1140 2531 1191 2604 qui
1206 2531 1289 2589 illum
1305 2532 1496 2590 confortabat.
1512 2536 1645 2606 Cumque
1670 2533 1708 2603 ah
1731 2533 1826 2591 amieis

128 2627 215 2678 tautae
226 2621 361 2678 cladisex
372 2619 760 2692 divinamuneresuseopere
770 2617 949 2687 remedium;
1005 2619 1095 2676 etiam
1108 2620 1138 2675 in
1163 2620 1323 2694 longinquo
1349 2620 1453 2695 positis
1476 2626 1645 2679 moneretur
1659 2639 1713 2695 per
1727 2622 1824 2696 episto

127 2717 209 2777 et,ne
224 2714 304 2767 tanto
320 2708 449 2783 largitori
465 2711 564 2764 essent
576 2707 693 2780 ingrati,
703 2707 837 2780 publicas
847 2706 951 2763 oratio·
1005 2708 1057 2780 las,
1075 2714 1108 2764 ut
1121 2709 1221 2766 relicto
1235 2711 1341 2768 Leodio
1355 2712 1386 2767 iu
1408 2710 1512 2767 Heium
1538 2726 1569 2768 se
1593 2710 1752 2779 conferret,
1766 2727 1824 2769 eas·

127 2819 179 2858 nos
195 2806 222 2857 et
236 2798 341 2856 viventi
356 2803 384 2854 et
396 2798 533 2854 defuncto
556 2797 585 2852 in
608 2801 781 2869 perpetuum
800 2796 947 2852 devovere.
1003 2796 1106 2854 tellum
1131 2798 1190 2855 situ
1224 2797 1279 2854 loci
1312 2798 1546 2857 munitissimum
1571 2817 1577 2855 :
1598 2797 1695 2868 Absit,
1724 2788 1831 2874 inquit¹

127 2892 191 2947 Hec
216 2892 323 2962 itaque,
341 2904 428 2962 quam
454 2887 593 2954 diximus,
618 2885 761 2942 bellorum
790 2889 949 2958 tempestas
1004 2892 1037 2942 at
1063 2903 1182 2961 gregem
1209 2886 1324 2944 Domini
1354 2887 1470 2961 fugiens
1499 2887 1645 2956 deseram,
1671 2890 1701 2943 et
1733 2876 1822 2945 locuni

125 2981 277 3046 residuum
292 2978 379 3035 lamis
394 2993 580 3044 consumens,
597 2979 625 3031 et
640 2974 743 3031 divites
758 2991 825 3031 eum
839 2991 947 3047 paupe·
1002 2976 1129 3049 aliquem
1159 2978 1189 3032 in
1214 2980 1296 3034 tanta
1324 2994 1421 3033 rerum
1448 2976 1535 3034 turba
1562 2976 1626 3034 sine
1647 2976 1701 3034 eis
1733 2981 1819 3034 tutan

124 3071 207 3127 ribus
222 3086 281 3126 una
295 3067 459 3125 calramitate
473 3064 640 3133 conficiens,
652 3080 839 3122 communem
854 3064 946 3120 totius
1000 3082 1065 3122 esse
1087 3066 1253 3133 credamus,
1268 3082 1302 3122 ex
1331 3065 1438 3139 quibus
1466 3082 1534 3123 eum
1559 3068 1734 3123 sauctorum
1752 3064 1818 3140 apud

123 3160 223 3233 patria
239 3159 353 3214 ruinam
370 3157 556 3213 minabatur:
569 3157 597 3211 et
612 3158 708 3210 rueret
730 3151 830 3226 procul
846 3152 946 3222 dubio,
962 3140 983 3206 C
1002 3154 1094 3211 Deum
1110 3154 1271 3228 patrocinio
1285 3155 1393 3229 pendet
1415 3171 1511 3224 omno,
1528 3155 1553 3212 si
1577 3154 1650 3229 quid
1670 3152 1817 3221 commodi,

125 3250 448 3321 rueret,iaquam,tunc
463 3244 603 3318 temporis
620 3243 729 3316 inclyta
747 3241 944 3315 Letharingia,
1001 3245 1025 3299 si
1054 3245 1125 3317 quid
1152 3245 1272 3302 honoris
1300 3244 1414 3301 videtur
1440 3244 1525 3302 nobis
1548 3246 1653 3302 adesse
1677 3243 1754 3303 bello
1778 3246 1817 3303 aui

123 3345 174 3394 aut
188 3334 408 3409 irrecuperabili
424 3333 535 3390 excidio
551 3349 557 3388 :
571 3332 679 3406 quippe
696 3348 759 3404 quae
775 3331 838 3397 sine
849 3330 947 3387 delen·
1001 3332 1214 3406 tranquillitate
1231 3352 1237 3390 :
1255 3350 1329 3408 quas
1351 3333 1377 3390 si
1402 3332 1558 3408 reliquero,
1574 3332 1717 3391 audacior
1736 3329 1816 3391 hostis

123 3444 187 3484 sore
202 3428 356 3491 essct‚aut,
366 3424 442 3496 quod
459 3422 543 3495 pejus
557 3422 644 3490 est,in
656 3437 753 3494 rogem
764 3419 945 3477 infidelitatis
999 3422 1135 3479 invadere
1151 3423 1284 3492 tentabit,
1301 3427 1329 3480 et
1344 3440 1403 3481 uon
1416 3422 1480 3480 sine
1496 3439 1603 3497 magno
1619 3422 1763 3481 dedecora
1775 3436 1814 3479 nu·

121 3513 325 3588 perJuriomisi
340 3512 481 3568 [laurinus
495 3527 583 3567 suum
599 3510 687 3567 Josue
697 3511 733 3567 ad
749 3510 944 3566 resistendum
999 3516 1059 3568 stro
1076 3511 1228 3569 insultabit
1243 3511 1358 3586 effugio.
1375 3510 1428 3568 Hie
1443 3511 1540 3585 potius
1553 3511 1652 3584 quoad
1666 3510 1767 3569 licebit
1780 3512 1814 3573 es

121 3604 256 3662 hostibus
272 3601 405 3658 Ecclesia
420 3601 606 3666 confortaret,
623 3604 652 3656 et
676 3616 692 3654 a
717 3599 802 3656 banis
821 3599 945 3670 jnstnie
998 3600 1238 3669 vivendum,istis
1253 3601 1437 3657 moriendum
1453 3617 1461 3657 ι
1478 3599 1587 3673 quibus
1598 3616 1670 3657 cum
1683 3599 1812 3670 bonisia-

122 3697 219 3768 partcs
234 3696 334 3748 cantra
345 3690 482 3746 factiosos
492 3686 943 3745 detondendascsseinsinuaret.
999 3689 1119 3746 cundati
1134 3706 1324 3759 sumas,eum
1340 3689 1382 3747 eis
1398 3693 1426 3746 et
1440 3688 1579 3763 periculis
1593 3689 1810 3763 subjacebinus.

121 3800 187 3856 Cnn.
200 3798 269 3856 xvi.
281 3795 451 3869 Qucdbelli
460 3802 518 3852 tem
538 3803 657 3851 ertatem
670 3794 800 3851 enceinte
813 3801 945 3863 exparte
999 3778 1144 3835 Nimirum
1160 3778 1310 3853 lelisslffllis
1325 3783 1353 3837 el
1367 3779 1519 3836 eharitatis
1530 3782 1634 3836 ⁰⁸i0¹¹²¹
1657 3795 1730 3853 “8⁸
1750 3776 1811 3835 ¹35⁰*

468 3884 498 3923 se
520 3867 592 3924 ecit.
997 3868 1159 3936 devinctus,
1176 3887 1234 3925 non
1262 3867 1346 3926 facile
1370 3869 1407 3926 ab
1426 3885 1526 3925 corum
1549 3868 1708 3942 presentie
1729 3862 1810 3925 direti

155 3962 220 4018 Jam
235 3957 443 4016 immanissimi
460 3956 610 4029 predones
626 3973 672 4012 res
687 3954 814 4013 ecclesie
830 3956 944 4011 invase·
998 3961 1121 4030 poterat.

120 4056 200 4120 rant;
216 4049 315 4106 omnia
332 4053 478 4123 praeterea,
495 4064 560 4119 qua
580 4049 646 4103 ante
669 4061 781 4103 memor
796 4047 943 4119 pontilicis
1033 4045 1782 4120 01911111.Ωιιοάεαιιιὶἱιιρνιεάοιιιιιιιειινκιῦ.

119 4139 273 4213 prudentia
286 4138 316 4194 in
332 4139 434 4193 urbem
448 4139 640 4202 contraxerat,
651 4139 848 4204 vastaverant3
864 4137 943 4210 quis·
1032 4136 1129 4210 Fregit
1139 4140 1236 4194 autem
1247 4136 1433 4193 laudabiliter
1443 4136 1621 4209 quaudoque
1631 4135 1713 4192 hune
1722 4148 1812 4209 prope

119 4246 176 4303 que
191 4228 299 4302 pradia
316 4225 443 4284 ecclesiae
459 4243 522 4298 qnae
539 4223 594 4282 sibi
611 4229 793 4297 usurpasset,
803 4231 900 4283 tenere
911 4231 943 4283 ut
997 4224 1045 4282 siti
1061 4224 1186 4298 rigarem
1202 4224 1433 4298 pietas,miseria
1448 4225 1569 4298 inopum
1583 4228 1612 4281 et
1627 4225 1740 4299 gemitu
1752 4238 1812 4298 peu·

118 4318 237 4392 propria
249 4317 434 4390 disponebat,
446 4333 512 4371 cum
529 4330 594 4370 ecee
607 4313 729 4370 bellator
743 4313 848 4371 Christi
864 4315 943 4372 inex·
996 4331 1098 4386 parum
1114 4312 1283 4381 excitata,et
1296 4331 1314 4368 a
1328 4313 1425 4386 quiete
1440 4312 1524 4370 solita
1542 4329 1611 4370 eum
1626 4314 1814 4387 exsurgenti

117 4405 285 4481 pugnabilis
299 4411 327 4461 et
337 4404 552 4477 imperterritus
567 4401 785 4475 lorieajustitia
796 4403 941 4475 induitur,
996 4403 1026 4458 in
1039 4403 1182 4460 auxilium
1197 4392 1814 4478 eorumcampulitproperare,suudeushor
1860 4420 1865 4429 ·

116 4495 214 4568 gladio
229 4492 374 4569 spirituali
389 4492 561 4566 aecingitur,
575 4491 680 4564 previa
694 4508 779 4549 cruce
794 4492 940 4550 christiin
957 4513 980 4578 p
995 4508 1081 4566 opere
1095 4491 1169 4549 nihil
1185 4509 1249 4549 esse
1263 4490 1469 4561 beatius,nibil
1479 4491 1538 4549 llea
1549 4478 1813 4565 acceptiussie'lle·

116 4584 255 4639 omnibus
284 4581 419 4655 perieulis
442 4597 493 4652 pra
516 4579 618 4636 lancea
633 4579 734 4645 utitur,
751 4579 850 4637 diceas
872 4598 940 4638 cum
995 4585 1088 4638 ratam
1096 4581 1267 4655 predonum
1276 4581 1387 4637 rabiem
1398 4578 1814 4659 abiuuoeontisvulgioppm·

116 4673 199 4730 beata
216 4670 339 4728 llartino
356 4687 362 4725 :
384 4671 438 4740 dno
450 4671 528 4739 sinna
546 4671 645 4734 crucis,
662 4685 717 4725 ιιοιι
740 4669 834 4742 clypco
849 4678 937 4743 prate·
993 4675 1076 4727 stoue
1088 4674 1296 4744 compesceret.
1312 4671 1441 4739 Quarum
1457 4684 1565 4743 magna
1579 4686 1649 4744 pars
1660 4670 1693 4729 in
1708 4668 1814 4747 paludi·

114 4769 184 4829 ctus,
200 4771 248 4819 nat
261 4763 350 4833 putea,
368 4761 598 4816 brittennacus
611 4760 757 4830 penetrabo
770 4776 892 4817 securus.
992 4757 1816 4834 bus,siverupibus‚firmissimasibireceptaculsoommu·

150 4851 344 4910 Succenditur
358 4866 426 4923 ergo
441 4848 576 4923 egregius
591 4846 645 4904 iste
657 4847 808 4905 aemulator
822 4850 938 4923 pietatis
993 4850 1139 4917 siverunt,
1156 4846 1264 4921 quibus
1278 4848 1344 4906 freti
1360 4847 1455 4906 aliena
1470 4862 1522 4923 per
1536 4847 1697 4909 circuitum
1713 4846 1815 4925 prdie

114 4946 143 4995 et
163 4941 297 5015 justitia,
313 4959 346 4998 eo
376 4939 517 4995 ainrirum
546 4936 618 5005 zelo,
640 4955 697 5010 quo
722 4937 877 4996 Mathatias
901 4940 937 4997 ob
993 4935 1332 5011 usurpaverant,ineolos
1343 4938 1530 5013 possessione
1543 4939 1672 5012 privatos
1682 4938 1815 5001 intolera-

114 5029 328 5087 emulationem
336 5034 464 5105 paterne
476 5027 549 5101 legis
559 5028 937 5101 prevaricantemtudaum
992 5025 1043 5082 bili
1060 5026 1194 5083 servituti
1209 5025 1391 5084 addixerant.
1407 5029 1441 5083 tn
1456 5025 1510 5083 hac
1524 5043 1593 5085 vero
1616 5026 1689 5085 belli
1709 5032 1815 5103 umbe

114 5114 143 5170 in
160 5117 232 5188 ipsis
249 5119 308 5174 aris
322 5120 496 5175 obtruncare
512 5135 570 5174 non
586 5117 747 5187 exhorruit,
762 5120 790 5174 et
805 5135 863 5175 nou
878 5116 934 5175 ulio
990 5119 1064 5172 state
1078 5117 1187 5189 quanto
1203 5113 1335 5187 liberius,
1349 5119 1430 5172 tanto
1446 5113 1536 5172 latius
1555 5114 1586 5172 in
1602 5132 1725 5175 omnem
1743 5115 1816 5175 ehu

112 5206 199 5262 modo
216 5206 399 5263 cessantibus
412 5207 541 5281 undique
556 5207 665 5264 ducum
682 5211 710 5262 et
724 5206 865 5263 comitum
887 5225 935 5263 ar·
990 5203 1649 5279 regionemvastitatismucronedesaeviebaut.
1662 5202 1731 5265 Hae
1742 5220 1818 5267 au·

112 5293 179 5360 mis,
195 5292 257 5350 sola
271 5310 322 5366 spe
336 5295 437 5368 gratiae
452 5295 640 5367 adjutus,sibi
657 5301 686 5351 et
699 5294 832 5351 fidelitati
842 5296 936 5352 Ecole-
990 5312 1025 5368 pe
1040 5292 1180 5366 oppidula
1193 5291 1295 5350 multis
1307 5297 1373 5350 aute
1383 5291 1563 5365 retulisset
1576 5290 1817 5368 luacplurimum

110 5382 160 5440 sie
175 5399 285 5458 paucos
300 5383 440 5439 satellites
460 5390 642 5441 sacramento
656 5385 819 5441 coinfirmat.
844 5385 934 5441 Primi
989 5384 1142 5450 damnosa,
1172 5381 1303 5439 decernit
1329 5381 1435 5439 vindex
1458 5381 1520 5451 Dei,
1545 5381 1571 5438 si
1600 5383 1709 5457 possit,
1728 5383 1817 5443 bunio

109 5473 188 5534 enirn
203 5471 347 5529 bellarum
359 5488 518 5529 succensus
533 5477 562 5529 et
575 5474 612 5531 ad
628 5472 776 5532 modicum
796 5490 935 5551 prospere
989 5489 1139 5548 coaequare
1154 5477 1182 5531 et
1197 5472 1233 5531 ab
1242 5471 1288 5530 his
1296 5472 1458 5535 latrociniis
1466 5472 1619 5553 fatigatam
1628 5472 1683 5533 diu
1694 5474 1817 5553 patriam
1844 5550 1852 5560 ·

144 5563 201 5642 (25)
216 5561 406 5624 abbreviator
420 5560 520 5620 omisit
533 5570 560 5622 et
572 5569 702 5623 nostram.
