3884 6084
111 304 176 369 333
727 299 935 364 expostulo
956 301 1212 370 PSALMORUM.
1765 309 1825 375 334

112 438 149 493 31
191 438 234 492 Tu
248 449 317 492 cero
332 430 472 503 reputidi
484 437 513 489 et
527 432 687 507 despeciui
703 449 709 488 :
956 441 983 506 Α
1000 433 1067 490 bere
1082 451 1140 494 non
1157 437 1273 493 meruit.
1290 437 1408 495 Conium
1423 442 1493 496 sunt
1508 438 1726 508 etiam,scilioet
1739 445 1825 501 sorde
1871 505 1876 517 ⁴

188 523 336 581 Dirtutnti
350 521 498 579 Christum
512 528 606 579 tuum.
997 522 1213 583 incredulitatis
1229 528 1379 596 eumdum
1395 532 1496 601 gentes
1511 529 1547 586 ad
1563 545 1650 587 suum
1665 531 1824 589 Dominum

150 614 218 671 llere
231 611 366 686 depulsio
380 614 411 668 et
424 611 573 684 despectio
599 612 635 668 de
660 628 749 686 regno
763 611 940 681 Salomonis,
997 614 1125 670 converti
1141 616 1251 684 vident,
1268 632 1356 688 quem
1372 617 1428 690 ipsi
1445 618 1625 675 occiderunt.

116 704 193 761 lacta
206 706 252 760 est
265 701 296 758 in
311 701 438 775 posteris
451 701 517 773 ejus
534 717 540 757 :
997 702 1032 757 45
1071 704 1219 777 Usquequo,
1235 707 1357 775 Domine,
1374 707 1474 762 contis
1489 707 1519 762 in
1532 708 1616 779 finem
1631 726 1641 764 .·

150 793 233 860 Quod
249 795 348 848 autem
362 789 403 847 ait
417 789 570 860 distulisti,
587 806 646 848 non
662 791 698 848 de
713 789 878 859 Salomone,
888 807 941 848 nee
1067 792 1230 851 inardescet
1243 794 1314 851 suut
1329 796 1403 864 ignis
1419 796 1463 851 irc
1477 799 1547 852 tun?

117 879 205 938 David
220 880 334 936 dictum
348 895 414 936 esse
429 879 619 936 manifestum
632 884 687 947 est,
700 880 752 936 sed
766 880 802 937 de
816 880 940 936 Christo.
1031 880 1052 936 C
1067 881 1142 936 Petit
1157 898 1235 938 nuno
1250 883 1395 957 Propheta
1417 883 1576 941 Dominum
1591 887 1624 940 ut
1637 883 1758 943 ludaico
1770 903 1821 961 po·

117 972 240 1037 donem
249 986 267 1024 a
277 967 385 1043 populo
394 968 563 1026 ludaeorum
576 969 662 1025 Pater
671 967 794 1037 distulit,
806 985 864 1025 non
876 969 941 1025 abs·
995 968 1063 1043 pulo
1072 969 1430 1045 miseratusindulgeat.ln
1442 972 1546 1030 tinem:
1558 972 1821 1033 seculiterminom

117 1058 183 1116 tnlit
197 1075 206 1114 :
222 1057 293 1130 quia
307 1056 438 1130 reliquia
453 1055 539 1114 salva
554 1057 624 1113 Dent
638 1056 668 1113 in
684 1058 751 1114 fine.
995 1057 1151 1131 significat,
1169 1060 1286 1133 quando
1300 1061 1394 1118 iudai
1419 1066 1633 1119 convertentur.
1650 1063 1821 1122 Dxardesoi-
1918 1116 1921 1121 .

117 1149 150 1206 38
184 1147 333 1204 Auertieti
345 1152 550 1205 testamentum
563 1148 644 1203 serni
656 1148 725 1203 tui:
995 1162 1061 1203 mus
1072 1147 1199 1218 ira,oum
1214 1149 1361 1206 vindicare
1371 1149 1556 1223 disponimus
1568 1169 1575 1208 :
1587 1151 1744 1209 irascimur
1752 1168 1821 1212 vero

116 1300 125 1318 ·
183 1234 358 1309 Prolcnosli
372 1237 404 1293 in
416 1241 499 1292 terro
512 1237 717 1292 sanctuarium
729 1239 803 1309 qus.
994 1236 1189 1307 mediocriter,
1205 1240 1323 1312 quando
1339 1238 1467 1312 aliquem
1483 1256 1620 1297 sermone
1632 1241 1819 1315 corripimus.
1898 1222 1909 1232 ⁵
1934 1267 1936 1271 ⁴

148 1325 319 1383 CAvertisti
333 1324 593 1391 testamentum,id
606 1328 661 1393 est,
677 1325 707 1381 in
721 1325 809 1382 aliam
825 1328 938 1398 partem
992 1324 1106 1398 Adjeoit
1121 1325 1231 1399 itaque,
1247 1327 1324 1383 sicut
1340 1327 1429 1402 ignis,
1445 1327 1496 1401 qui
1507 1329 1622 1401 objecta
1635 1332 1792 1387 consumit.

115 1413 292 1473 bautaliati
308 1430 315 1469 :
333 1413 458 1486 utquod
472 1413 582 1470 iudeis
596 1413 692 1470 luerat
707 1413 938 1488 promissum,ad
993 1414 1028 1469 46
1063 1413 1211 1472 Memorare
1239 1432 1302 1489 quse
1327 1434 1388 1474 ntea
1411 1419 1566 1476 substantio
1581 1437 1591 1475 :
1605 1419 1732 1493 nunquid
1745 1421 1820 1478 enirn

115 1504 246 1578 gastim
257 1501 415 1567 utilitatem
426 1501 597 1576 perveniret.
605 1502 668 1559 Non
679 1503 758 1559 enim
769 1504 811 1560 eis
821 1519 937 1561 reman-
1098 1520 1168 1560 vane
1181 1507 1349 1563 constituisti

114 1592 150 1650 sit
162 1590 325 1665 templum,
337 1590 543 1661 secerdotium,
555 1590 661 1649 oblatio
675 1589 721 1648 vel
735 1606 874 1665 regnum:
886 1592 937 1650 sed
1071 1597 1099 1657 ὲ·
1113 1593 1211 1651 Omnes
1231 1599 1238 1660 ζ
1260 1595 1333 1667 filios
1348 1596 1512 1653 hominum!

114 1680 269 1739 Christiani
284 1680 386 1740 omnia
398 1677 569 1755 plenissime
584 1685 654 1738 sunt
668 1680 937 1738 consecuti.'lesta-
1027 1683 1047 1735 C
1061 1680 1154 1754 Rogat
1168 1681 1322 1755 Propheta,
1334 1688 1367 1740 ut
1378 1683 1467 1741 istam
1482 1700 1611 1754 carnem,
1623 1686 1752 1760 peccatis
1765 1686 1821 1745 ob·

114 1775 244 1829 mentum
262 1787 269 1826 :
287 1769 343 1826 hoc
357 1772 403 1827 est
416 1767 573 1843 promissio
586 1769 748 1827 nativitatis
760 1768 821 1826 Dei.
838 1769 937 1826 Prola-
950 1814 975 1881 B
992 1768 1270 1843 noxiamadventue
1284 1772 1329 1828 sui
1345 1772 1438 1846 gloria
1451 1772 1577 1831 liberare
1591 1774 1820 1849 dignetur;quia

114 1859 310 1927 uum,dictum
320 1857 935 1934 estirreligiosum:quiavenientchristo,
991 1874 1049 1914 non
1065 1858 1158 1916 estad
1174 1860 1229 1916 hoo
1253 1866 1360 1930 creata,
1375 1865 1410 1918 ut
1432 1879 1497 1919 eam
1522 1863 1716 1935 permitteret,
1732 1863 1818 1938 quasi

113 1947 273 2005 immolatio
288 1948 433 2022 pecudum
443 1947 645 2007 etobservstio
659 1946 854 2006 sabbatorum
865 1947 936 2003 sub·
990 1963 1098 2004 vanum
1113 1948 1236 2021 aliquid,
1253 1950 1381 2007 interire.

114 2043 194 2094 mota
211 2037 328 2094 suntin
345 2037 496 2105 terra,hoc
507 2036 592 2093 estin
603 2036 752 2105 toloorbe,
766 2036 813 2093 uhi
824 2041 868 2093 est
882 2038 934 2092 Ec·
990 2037 1025 2092 47
1062 2037 1127 2105 Quis
1142 2046 1181 2095 est
1200 2039 1278 2095 tnnc
1294 2040 1533 2112 quinioetetnon
1548 2040 1651 2099 videbit
1676 2049 1817 2100 mortem:

112 2125 198 2183 cleeia
210 2125 331 2184 Christi.
1060 2128 1142 2183 Erant
1156 2129 1280 2184 enimam
1293 2145 1374 2185 auum
1383 2127 1416 2186 de
1429 2145 1516 2184 manu
1531 2131 1817 2204 inseriiDiupsotmo.

110 2215 143 2271 39
178 2217 360 2273 patrumm·
372 2231 470 2273 omnes
483 2231 562 2289 sepes
575 2220 639 2289 ejus
653 2237 664 2272 .·
1025 2214 1129 2282 Couis
1144 2219 1189 2272 est
1209 2215 1297 2272 homo
1311 2233 1318 2272 :
1336 2217 1542 2291 interrogative
1565 2217 1722 2292 legendum
1746 2223 1792 2278 est
1806 2236 1813 2277 :

178 2305 311 2362 Pomieti
323 2302 544 2378 firmamentum
557 2311 621 2378 ejus
635 2305 837 2380 formidinem.
990 2303 1041 2359 ubi
1056 2303 1293 2360 subaudiendum
1308 2323 1315 2361 ι
1332 2305 1441 2364 nullus.
1452 2310 1560 2363 Omnes
1574 2307 1653 2364 enirn
1668 2307 1816 2382 homines,

142 2393 332 2450 llDeatruxit
346 2408 439 2467 sepes,
456 2394 486 2450 id
512 2398 558 2451 cst
579 2394 668 2452 verba
688 2393 772 2468 legis.
788 2397 809 2451 G
824 2393 935 2454 lb'rma-
989 2391 1049 2448 sive
1059 2391 1144 2464 justi,
1159 2393 1220 2450 sive
1236 2398 1411 2467 peccatores,
1428 2399 1553 2452 mortem
1568 2395 1710 2454 videbunt
1726 2414 1733 2454 :
1751 2414 1814 2471 que

109 2488 244 2539 mentum
257 2482 426 2539 iudeorum
442 2500 450 2538 :
466 2482 598 2540 defensio
626 2486 671 2539 est
696 2483 746 2539 Dei
773 2488 802 2539 et
816 2482 933 2551 Christi,
990 2480 1084 2554 primo
1106 2481 1218 2539 homini
1240 2482 1351 2540 intlicta
1373 2489 1418 2540 eat
1431 2483 1494 2558 lege
1509 2486 1631 2557 pcccati.
1648 2486 1737 2543 Eruet
1752 2485 1816 2544 eni·

108 2588 199 2645 qnam
210 2571 242 2628 in
253 2571 441 2628 formidinem
457 2571 935 2645 posuisti:utculpislaoientihus,
990 2570 1142 2628 mamthic
1152 2571 1289 2628 similiter
1299 2572 1536 2630 subaudiendum
1547 2571 1701 2632 nullusne
1712 2591 1814 2644 manu,

108 2660 207 2735 ipsum
218 2659 378 2717 Dominum
387 2660 589 2732 formidarent,
597 2662 683 2734 cujus
694 2659 828 2720 solebant
838 2661 935 2717 muni·
990 2658 1019 2715 id
1034 2663 1089 2728 est,
1101 2659 1137 2716 do
1152 2664 1295 2732 potestate
1308 2660 1395 2717 interi
1412 2677 1418 2717 :
1435 2677 1501 2734 quar
1515 2660 1627 2719 anullo
1642 2662 1678 2718 de
1693 2662 1752 2720 ists
1766 2679 1816 2737 po

107 2751 187 2808 bona
199 2747 313 2808 velari.
983 2746 1092 2806 testate
1106 2753 1202 2822 potest
1216 2749 1289 2822 eripi
1306 2766 1312 2805 :
1329 2748 1387 2806 nisi
1412 2767 1463 2823 per
1483 2749 1579 2820 illum,
1595 2750 1646 2826 qui
1661 2750 1813 2809 moriendo

109 2841 144 2896 40
180 2840 377 2912 Diripuerunt
391 2856 455 2897 euru
465 2856 564 2898 omnes
577 2846 761 2898 transeuntes
775 2844 879 2898 cinni:
920 2898 922 2902 ,
988 2837 1145 2910 prostravit
1161 2843 1295 2896 mortem.

178 2933 290 2986 Factus
299 2934 342 2984 est
351 2929 545 3000 opprobrium
558 2931 662 2988 uicinis
675 2932 746 2986 ania
988 2927 1023 2982 48
1061 2928 1111 2985 ilti
1124 2935 1188 2984 anni
1200 2927 1399 2986 misericordiae
1412 2937 1469 2986 ruae
1482 2931 1618 3002 antiquae,
1633 2931 1752 2987 Domine
1766 2947 1777 2986 :

142 3017 204 3073 AC
231 3015 422 3090 Diripuerunt
445 3019 592 3076 civitatem
617 3017 800 3076 Hierusalem
830 3036 933 3076 omnes
1058 3017 1135 3072 Sicut
1144 3017 1250 3088 jurasti
1264 3016 1350 3072 David
1370 3018 1398 3072 in
1415 3019 1527 3075 veritate
1543 3019 1616 3073 tua?

108 3105 398 3176 transmittentium,
414 3108 470 3165 boc
485 3112 685 3183 argenteae
700 3108 800 3165 Merito
816 3125 933 3182 quoque
983 3118 989 3134 ·
1022 3103 1111 3162 CUbi
1126 3109 1196 3161 sunt
1210 3104 1808 3174 misericordiatnonsubdoloredicitur,

108 3182 968 3271 populnsJudaiousiactusestopprobriumvicinis:qnoC
986 3193 1035 3248 sed
1052 3193 1136 3265 quasi
1154 3193 1275 3250 tardans
1288 3193 1430 3251 Dominus
1443 3194 1726 3276 postulatur,utoito
1737 3211 1810 3267 pra·

110 3285 185 3342 niam
200 3283 318 3343 Christo
331 3285 449 3343 credere
463 3285 567 3343 noluit.
987 3286 1065 3339 stet:
1083 3282 1160 3355 quod
1180 3299 1247 3338 cum
1272 3287 1391 3340 noverat
1415 3300 1479 3340 esse
1495 3284 1653 3340 iacturum.
1668 3282 1811 3356 Antiquos

110 3373 140 3431 tl
176 3372 332 3432 Excitavit
345 3375 500 3432 deciorum
513 3376 735 3448 deprimentium
746 3391 812 3432 eum
826 3395 836 3430 .·
987 3369 1058 3426 dicit
1073 3387 1080 3425 ε
1097 3387 1170 3443 quas
1184 3370 1306 3427 abrahe
1324 3370 1429 3429 iecisse
1442 3371 1552 3428 sciebat
1564 3389 1571 3440 ;
1583 3371 1721 3446 antiquas
1733 3371 1812 3428 enim

176 3461 352 3537 laetificasti
361 3479 460 3522 omnes
470 3465 605 3523 inimico:
617 3469 691 3538 ejus.
987 3475 1045 3515 uon
1062 3458 1179 3530 diceret,
1195 3459 1253 3516 nisi
1268 3464 1336 3517 ante
1350 3459 1487 3518 Dauidica
1501 3464 1634 3534 tempora
1649 3461 1739 3518 iactas
1749 3476 1815 3517 ease

142 3550 321 3608 CExaltavit
335 3552 483 3610 dexteram
499 3553 865 3628 deprimentium:quando
880 3553 934 3610 tu·
987 3552 1184 3622 cognosceret.

114 3640 160 3696 dai
168 3640 306 3711 hostibus
314 3642 378 3698 suis
387 3642 687 3712 traditi,vaatiasimas
701 3644 795 3701 cedes
809 3641 935 3716 pertule-
987 3637 1023 3694 49
1057 3638 1158 3695 llemor
1171 3646 1236 3708 esto,
1247 3639 1370 3710 Domine,
1381 3641 1523 3713 opprobrii
1536 3655 1676 3698 servorum
1685 3647 1813 3698 twwm:

116 3735 185 3787 root.
200 3731 286 3788 'l'nnc
310 3730 390 3798 enim
410 3730 495 3789 latus
509 3732 636 3789 efficitur
651 3732 798 3803 inimicus,
815 3731 933 3805 quando
1059 3727 1134 3797 Quod
1148 3730 1273 3785 continui
1286 3730 1317 3785 in
1326 3730 1390 3786 sinu
1403 3746 1462 3786 meo
1477 3730 1629 3787 multorum
1642 3730 1776 3799 nentium.

118 3832 206 3876 eoram
221 3835 257 3877 eo
273 3819 450 3878 humiliatur
464 3821 659 3879 adversarius.
1023 3816 1253 3890 CObprobrium
1269 3817 1391 3891 contigit
1406 3819 1498 3875 servis
1508 3818 1701 3897 Dei:qnando
1711 3820 1814 3891 gentes

119 3906 145 3963 a
176 3909 316 3967 domini
327 3909 508 3981 adjutorium
521 3909 623 3983 aladii
635 3915 723 3986 ejus:
988 3921 1087 3963 amore
1103 3906 1248 3963 idolorum
1263 3907 1515 3979 persequebantur
1540 3904 1742 3964 Christianos:
1759 3904 1813 3961 hoo

176 3999 212 4054 Bt
224 4015 286 4056 noa
298 4015 330 4056 es
341 3998 514 4058 auxiliacus
526 4001 557 4057 ei
569 4001 600 4057 in
615 3998 695 4058 betto
709 4017 719 4056 :
987 3994 1091 4052 eratin
1102 3995 1168 4052 sinu
1179 3994 1422 4064 Christianorum,
1434 3995 1464 4051 id
1476 4000 1530 4063 est,
1541 3994 1571 4050 in
1583 3998 1694 4055 secreto
1706 3993 1813 4071 mentis

146 4088 287 4145 Chrertit
300 4089 479 4161 adjutorium
492 4088 582 4164 gladii
597 4090 661 4161 ejus
676 4106 682 4147 :
698 4105 766 4146 cum
781 4088 831 4147 ille
844 4106 936 4164 popu·
988 4083 1184 4157 atieotu;quia
1195 4083 1293 4158 palam
1303 4084 1446 4141 timebant
1460 4082 1551 4157 loqui,
1563 4083 1641 4145 unde
1650 4081 1814 4156 probaban-

124 4169 160 4231 lvs
172 4181 303 4236 armatus
318 4177 395 4236 sicut
407 4178 530 4236 inermis
543 4179 638 4237 iactus
653 4184 708 4248 est,
722 4182 755 4235 ut
770 4196 837 4235 curn
852 4178 935 4252 prius
988 4178 1037 4230 tur
1050 4173 1208 4247 exstingui.

125 4264 193 4332 nuci
204 4266 307 4339 plures
320 4267 487 4326 vincerent:
498 4267 597 4341 plures
607 4273 673 4343 post
685 4269 789 4342 paucis
799 4269 934 4326 resistere
986 4263 1023 4319 50
1060 4262 1134 4333 Quod
1148 4263 1382 4336 exprobraverunt
1396 4263 1506 4319 inimici
1519 4263 1570 4334 tui,
1586 4261 1700 4321 Domine
1714 4277 1723 4314 :

127 4354 321 4413 convalerent.
1059 4351 1137 4423 Quod
1167 4351 1403 4425 exprobraverunt
1436 4352 1675 4415 commutationem
1711 4347 1815 4406 Christi

128 4435 151 4493 li
181 4443 325 4501 Deducieti
336 4447 444 4502 eumub
457 4446 674 4504 emundatione:
1096 4444 1148 4499 tui.

179 4532 211 4588 Di
224 4533 316 4590 sedem
329 4535 390 4607 ejus
403 4536 435 4592 in
448 4543 523 4594 terro
535 4538 672 4594 collisisti.
947 4557 972 4625 B
1024 4531 1047 4587 H
1063 4529 1316 4604 linprobraverunt
1332 4546 1339 4585 :
1355 4529 1447 4586 Judoei
1471 4529 1606 4587 videlieet
1620 4531 1649 4586 et
1666 4526 1814 4586 Pharisaei.

150 4619 170 4673 Α
182 4620 201 4676 C
212 4621 388 4681 Destruxisti
400 4640 479 4695 eum,
491 4625 519 4682 id
531 4629 586 4696 eet,
598 4625 747 4683 removisti
757 4643 807 4684 eos
818 4626 869 4699 qui
880 4627 931 4683 ob·
987 4621 1007 4677 C
1020 4620 1087 4692 lpse
1096 4622 1141 4676 eet
1151 4618 1343 4676 commutatio
1352 4618 1461 4676 Christi
1474 4636 1480 4676 :
1492 4636 1552 4692 qua
1561 4619 1724 4676 obstinatos
1735 4616 1816 4672 dese·

128 4705 378 4770 dnanonemenus
389 4713 540 4772 Christum
551 4731 688 4789 spernere
698 4714 934 4773 malueruntttos
988 4710 1059 4779 ruit,
1074 4713 1104 4766 et
1118 4708 1219 4766 ildeles
1234 4709 1269 4765 ad
1286 4710 1364 4766 dona
1378 4726 1438 4766 sue
1454 4709 1571 4783 pietatis
1587 4706 1699 4765 ascivit.

126 4796 187 4854 tnim
209 4801 247 4857 ab
269 4803 489 4873 emundatione,
505 4803 535 4860 id
555 4807 600 4861 est
623 4804 691 4872 ilde,
707 4821 771 4878 qua
792 4805 935 4862 emundat
987 4798 1018 4855 5l
1059 4799 1220 4856 Benedictus
1235 4801 1367 4856 Dmuinus
1383 4800 1588 4857 inaetemum:

66 4896 69 4911 ¹
125 4886 204 4959 tarda,
219 4890 356 4959 destruit,
364 4908 438 4966 quos
447 4891 536 4951 etiam
547 4894 688 4951 damnare
699 4894 836 4952 decrevit.
846 4893 934 4951 Sedes
1058 4889 1133 4952 Fiet,
1150 4887 1210 4959 fiat.

123 4972 429 5055 ttiamhicprcrcgno
444 4981 539 5055 posita
553 4987 616 5038 cst:
631 5000 695 5056 quin
708 4983 813 5040 merito
827 4983 936 5040 dicitur
1024 4979 1044 5032 G
1069 4974 1244 5032 Benedictus
1268 4973 1435 5031 Dominus:
1467 4975 1568 5029 contra
1595 4969 1816 5028 maledictiones

121 5051 232 5125 intem
245 5067 606 5143 comen,qunud0divinus
617 5071 744 5145 populus
756 5072 786 5128 in
796 5074 856 5130 toto
866 5072 936 5130 orbe
989 5063 1144 5140 gentilium
1159 5065 1287 5138 positum
1298 5062 1499 5136 estquoninm
1514 5078 1578 5135 qua
1593 5060 1696 5119 dicunt
1706 5059 1750 5118 illi
1766 5076 1818 5118 ca·

120 5155 326 5232 tatdispersus,
341 5158 467 5229 ulterius
481 5175 580 5234 regem
595 5164 624 5217 et
637 5177 760 5234 regnum
776 5178 835 5220 non
851 5161 934 5219 hubi·
988 5156 1064 5212 duca
1077 5157 1156 5210 eunt.
1175 5153 1251 5210 haus
1266 5154 1365 5208 autem
1380 5150 1496 5207 Domini
1512 5153 1665 5225 permanet
1679 5149 1711 5205 in
1733 5153 1817 5206 eter-

120 5238 203 5302 lorns.
989 5260 1072 5303 num.
1088 5242 1238 5316 Sequitur,
1254 5241 1374 5308 fiatfiat
1385 5243 1442 5311 :ut
1457 5240 1493 5296 de
1507 5239 1597 5296 tantis
1612 5236 1816 5313 promissioni·

117 5325 146 5388 tl
174 5334 321 5394 linorneti
333 5336 393 5394 dier
407 5340 538 5412 temporie
552 5339 614 5412 qur
629 5358 639 5398 .-
989 5335 1045 5391 bus
1060 5348 1147 5389 nemo
1161 5329 1319 5397 dubitaret,
1334 5328 1383 5387 ubi
1398 5328 1582 5388 confirmatio
1597 5329 1702 5387 iterate
1716 5342 1814 5385 sncce-

174 5425 331 5498 t’ersndieti
343 5442 407 5485 eum
420 5429 595 5504 constutone.
611 5430 784 5502 Diapsatmn.
991 5424 1082 5482 deret.

81 5526 84 5531 '
140 5510 309 5573 Cbtinorati
319 5519 461 5576 suntdies
471 5518 554 5593 regni
564 5517 696 5588 tedoini:
709 5519 779 5593 quia
792 5519 935 5594 pollicita·
1198 5525 1300 5568 044440
1319 5525 1355 5567 ¹³¹
1375 5524 1454 5568 Pseb-
1475 5524 1610 5566 imvm·

113 5599 215 5671 mnam
230 5604 357 5666 Abrabae
371 5606 561 5684 promissam,
574 5608 700 5684 dersgni
711 5609 936 5682 eternitateha·
1025 5606 1112 5673 Erue,
1130 5600 1263 5677 Domine,
1278 5599 1394 5658 animae
1418 5602 1545 5671 nostras,
1561 5597 1598 5655 de
1621 5613 1711 5655 manu
1735 5594 1811 5653 inter
