3884 6084
115 276 193 376 less
732 272 925 341 winnocus
948 271 1208 340 orinsnrrnnr.
1264 250 1269 255 ’
1747 261 1820 332 isso

113 441 176 497 lion
192 439 307 496 dubitat
322 437 463 503 muudus,
479 436 549 511 quia
566 452 670 510 regnas
690 436 770 494 orbe·
784 437 942 496 sccundus.
958 437 984 504 A
999 437 1040 492 Ad
1058 436 1143 507 cujus
1159 436 1259 491 votum
1275 432 1328 489 tibi
1343 432 1394 488 dat
1408 430 1553 504 sapientia
1566 433 1675 496 totum,

114 529 182 586 Post
197 528 353 585 Dominum
370 526 434 583 coeli
450 526 558 600 dignus
574 527 724 585 mundana
739 525 814 583 tueri
830 543 836 580 :
996 526 1058 590 Quo
1074 524 1163 580 decus
1180 521 1296 596 imperii
1312 520 1409 578 valcas
1424 521 1557 594 perjura
1572 518 1661 577 lueri.

114 617 209 686 Salve,
226 616 317 689 stirps
331 632 434 690 regum
449 614 565 689 populis
581 614 746 671 veneranda
770 632 822 689 per
837 631 940 671 avum.
984 613 1181 687 ·Congaudete
1195 609 1302 678 simul;
1318 626 1377 667 uon
1392 613 1425 666 ut
1440 608 1587 667 discordia
1603 610 1718 683 regnet,

114 705 205 762 Radix
221 722 328 781 magna
342 704 408 771 luit,
426 721 515 778 quam
531 720 632 760 ramus
645 704 713 761 talis
730 705 867 773 adauxit3
996 703 1063 767 Quae
1078 701 1191 757 dudum
1207 699 1289 773 regni
1306 698 1434 757 turbavit
1447 698 1557 772 gaudia
1571 697 1677 755 nostri.

112 793 214 850 Nobile
227 809 348 867 germen
363 799 447 850 erant
460 793 537 866 quod
553 793 699 849 mundum
711 792 834 851 ssoribus
845 796 941 863 ornat,
995 792 1067 847 Cum
1083 790 1210 847 dominis
1227 805 1325 847 rerum
1342 789 1382 845 sit
1393 806 1448 862 pau
1463 789 1527 845 sine
1543 789 1602 844 siue
1618 787 1746 845 dierum.

112 883 176 939 Una
189 883 242 938 viri
260 882 351 938 virtus
366 881 493 939 multum
509 887 648 954 prestare
662 881 777 952 solebit,
995 880 1017 937 Ο
1033 884 1150 936 sanctos
1166 895 1262 935 mores
1279 895 1346 935 cum
1362 878 1449 934 matri
1464 878 1563 935 reddis
1576 877 1719 937 honores.

113 971 361 1045 Commendatque
372 971 460 1027 nimis
469 971 599 1045 probitas
607 970 697 1028 semel
707 972 784 1027 edita
792 970 940 1044 quoddam
995 971 1046 1025 llst
1062 969 1113 1025 tibi
1129 985 1195 1041 spes
1210 967 1284 1033 vite,
1300 967 1325 1023 si
1340 967 1380 1022 sit
1394 967 1447 1023 tibi
1462 965 1555 1039 gloria
1568 983 1625 1039 per
1637 970 1677 1022 te.

112 1060 194 1128 Quod
210 1059 320 1117 iaciunt
334 1059 435 1133 plures
449 1065 537 1133 caput
553 1077 646 1117 unum
662 1060 740 1134 regis
752 1061 904 1125 babentes,
995 1059 1025 1115 Si
1041 1058 1111 1130 quid
1127 1061 1198 1126 erat,
1216 1056 1271 1111 rito
1286 1055 1364 1112 Deus
1378 1054 1450 1111 illud
1468 1054 1620 1112 transtulit
1635 1055 1710 1127 ipse.

112 1152 190 1216 Quas
206 1165 361 1209 numerare
375 1148 475 1207 volens
491 1149 596 1206 seriem
610 1148 678 1206 iacit
694 1148 794 1205 ordine
810 1148 939 1222 longam.
995 1147 1065 1202 Exin
1082 1145 1182 1201 nullus
1198 1144 1285 1200 homo
1301 1144 1395 1200 loedus
1409 1143 1567 1200 dissolvere
1583 1143 1692 1216 possit.

111 1239 167 1295 Sed
183 1242 282 1295 tamen
298 1255 334 1294 ex
347 1238 460 1294 cunetis
476 1254 526 1295 sex
541 1254 639 1312 regem
656 1235 889 1311 magnificabunt
994 1236 1077 1301 Quod
1093 1235 1170 1290 [leus
1185 1233 1331 1306 adjunxit,
1348 1232 1399 1306 qui
1415 1228 1494 1306 pacis
1510 1233 1589 1289 dona
1601 1232 1722 1289 creavit.

109 1328 240 1384 Virtutes
254 1327 386 1400 aliasque
402 1327 475 1384 satis
489 1327 652 1401 precedere
668 1330 788 1383 norunt.
994 1324 1106 1380 Perstet
1120 1322 1245 1379 dulcedo
1260 1321 1385 1379 materni
1403 1321 1531 1378 nominis
1548 1322 1579 1376 in
1595 1325 1635 1389 te,

112 1417 194 1474 Meus
209 1415 469 1488 humilis,pietatis
484 1431 640 1489 amor,pax
655 1414 747 1471 missa
761 1432 813 1489 per
827 1414 939 1482 orbem,
995 1413 1067 1469 Cum
1080 1411 1177 1468 valeas
1192 1410 1265 1467 alios
1279 1410 1430 1483 acquirere
1446 1426 1561 1483 semper
1576 1409 1691 1466 amicos

111 1505 255 1562 Nobilitas
269 1510 297 1561 et
312 1505 656 1570 lcrmndecens‚s1duoia
671 1504 738 1561 belli
752 1522 759 1573 ;
994 1503 1087 1558 Mater
1100 1501 1130 1556 iu
1146 1501 1201 1556 huc
1215 1499 1275 1556 vita
1288 1515 1347 1555 nou
1363 1499 1431 1571 plus
1447 1499 1499 1554 tibi
1516 1498 1630 1555 uenerit
1645 1497 1719 1554 ulls.

111 1594 170 1650 Has
184 1594 430 1666 vocoprmcipuas
444 1597 472 1649 et
484 1594 562 1667 regis
577 1593 738 1650 honoribus
754 1597 837 1666 aptas
994 1590 1069 1655 Quin
1086 1589 1165 1646 aliud
1181 1588 1277 1645 dicam
1294 1588 1357 1657 tibi,
1376 1606 1437 1656 rex,
1451 1604 1506 1661 ego
1522 1585 1721 1657 consiliatrix,

111 1682 163 1745 liis
178 1699 227 1738 rex
242 1682 395 1739 Heinricus
407 1681 514 1739 Christi
530 1681 664 1739 clarescit
678 1681 801 1739 amicus.
995 1681 1052 1736 Lex
1068 1682 1128 1747 tua,
1146 1695 1181 1735 ne
1197 1694 1305 1734 renuas
1321 1681 1388 1749 post
1403 1677 1515 1733 dictum
1530 1692 1777 1744 commemorem

146 1772 189 1829 Ad
204 1789 270 1829 meu
285 1788 362 1828 nuno
377 1770 471 1838 venio,
488 1787 551 1844 quc
567 1772 647 1828 novit
662 1772 792 1828 mundus
807 1771 838 1827 in
864 1769 915 1826 illo
931 1786 937 1826 :
994 1769 1066 1825 Cum
1082 1769 1159 1825 Deus
1173 1767 1360 1839 omnipotens
1376 1766 1429 1823 tibi
1444 1770 1542 1823 tutum
1558 1765 1683 1838 fregerit
1697 1765 1799 1832 erbam,

111 1861 187 1918 Sunt
200 1877 267 1919 mea
282 1876 346 1934 que
359 1861 467 1929 dicam,
483 1860 554 1933 quia
568 1877 635 1939 sum
652 1861 720 1927 Lex,
731 1860 779 1916 ille
795 1876 879 1917 meus
889 1850 947 1915 rex'
993 1860 1027 1914 Et
1038 1858 1112 1932 juga
1126 1857 1261 1931 precepti
1277 1872 1335 1912 non
1351 1856 1439 1912 audet
1454 1859 1583 1912 temnere
1599 1854 1768 1928 quisquam,

110 1950 145 2006 nt
159 1949 209 2022 qui
224 1966 271 2006 mc
282 1949 403 2023 speruit,
420 1964 469 2005 rex
484 1949 548 2021 ejus
564 1948 794 2022 praeliasteruit.
992 1947 1175 2019 Pacatusque
1190 1945 1257 2002 silet
1272 1945 1387 2002 firmato
1403 1944 1509 2001 saedere
1523 1945 1669 2013 mundus,

37 2030 48 2045 '
110 2039 164 2106 Qui
180 2039 326 2111 mecjura
341 2037 420 2109 colit,
438 2055 487 2094 rex
502 2038 580 2094 hunc
596 2039 751 2095 defendere
766 2037 855 2096 novit.
993 2035 1124 2108 Cumque
1139 2052 1192 2108 per
1206 2034 1362 2107 imperium
1379 2037 1430 2090 tua
1440 2035 1527 2105 jussa
1541 2031 1661 2089 volatile
1675 2033 1791 2089 verbum

109 2127 169 2185 Rex
184 2128 299 2184 Christo
313 2127 440 2197 charus;
456 2126 570 2184 nullum
586 2127 713 2184 vastabit
726 2144 831 2185 avarus
992 2125 1099 2181 Edocet
1112 2123 1237 2196 Augusti
1252 2123 1287 2178 dc
1303 2121 1380 2179 claro
1396 2121 1515 2180 nominc
1530 2121 1689 2194 scriptum.

110 2215 175 2272 Vile
190 2221 272 2290 putat
287 2217 420 2273 studium
438 2216 463 2272 si
478 2217 545 2288 quis
561 2221 725 2289 comportat
738 2216 768 2272 iu
786 2233 877 2272 unum
993 2214 1075 2269 Tunc
1091 2213 1135 2268 sao
1151 2212 1278 2269 edietum
1289 2227 1340 2284 per
1352 2215 1460 2268 terram
1473 2210 1715 2277 Teutonicorum,

109 2304 936 2378 Quidquidhaberepotcst,cumjusnonqiroerathabcndi,
992 2302 1120 2367 Quilibet
1134 2306 1165 2359 ut
1181 2300 1261 2357 dives
1276 2300 1331 2356 sibi
1348 2304 1432 2357 natos
1447 2300 1577 2356 instruat
1593 2315 1699 2356 omues

111 2392 163 2448 Est
179 2391 260 2450 dives
276 2388 402 2448 multum
417 2397 601 2465 contemptor
615 2393 794 2449 divitiarum.
993 2390 1152 2458 Litterulis,
1168 2390 1321 2464 legemque
1335 2406 1420 2447 suam
1434 2388 1609 2461 persuadeat
1623 2386 1695 2455 illis,

109 2481 290 2541 Aurisurdus
305 2497 389 2537 amor
404 2481 519 2538 miseris
534 2481 731 2538 clamantibus
745 2482 852 2539 obstat.
994 2481 1106 2537 Utcum
1121 2479 1304 2554 principibus
1319 2477 1479 2552 placitandi
1493 2477 1605 2534 venerit
1620 2494 1706 2543 usus,

110 2568 281 2628 vendiderit
295 2569 375 2643 leges
390 2572 511 2643 captura
525 2571 650 2642 pecunia
665 2587 758 2644 roges,
992 2569 1121 2642 Quisque
1136 2568 1197 2626 suis
1212 2566 1296 2624 libris
1311 2566 1476 2639 exemplum
1493 2565 1622 2639 proferat
1637 2565 1707 2622 illis.

110 2659 146 2714 lit
156 2658 399 2732 'deprincipibus
410 2659 508 2731 justos
523 2658 670 2715 furabitur
685 2677 767 2716 usus.
993 2659 1122 2715 Moribus
1135 2657 1183 2715 his
1199 2657 1310 2713 dudum
1326 2656 1440 2713 vivebat
1455 2657 1547 2712 Roma
1559 2656 1698 2711 docenter
1713 2672 1720 2710 :

22 2793 26 2799 .
110 2750 147 2803 At
159 2764 208 2804 rex
223 2747 375 2804 Heinricus
389 2747 432 2804 vir
446 2748 575 2821 prudens
590 2749 731 2823 prospicit
745 2748 829 2821 illud,
992 2749 1043 2804 His
1058 2747 1165 2804 studiis
1180 2750 1278 2804 tantos
1294 2745 1390 2820 potuit
1404 2744 1512 2802 vincire
1527 2749 1671 2818 tyrannos
1688 2761 1695 2800 :

110 2835 149 2892 Ut
162 2839 233 2893 tunc
248 2841 329 2893 curet
343 2853 493 2910 opes,eum
510 2836 710 2895 nullumsunt
719 2838 921 2910 reprimentes.
992 2838 1050 2894 Hoc
1064 2841 1182 2895 servant
1195 2835 1259 2893 Itali
1272 2839 1336 2909 post
1351 2835 1447 2908 prima
1460 2833 1626 2906 crepundia
1636 2832 1753 2900 cuncti,

110 2923 169 2981 Nec
179 2930 286 2989 ‚contra
300 2925 394 2999 legem
410 2924 531 2983 ssoctunt
544 2927 666 2983 donaria
679 2943 785 3000 regem.
992 2928 1026 2982 Et
1040 2928 1145 2985 sudare
1161 2926 1270 2985 scholis
1285 2926 1443 2983 mandatur
1457 2926 1518 2979 tota
1528 2924 1673 2995 juventus
1689 2939 1697 2978 ε

110 3014 157 3071 Sic
172 3013 242 3071 iacit
257 3017 289 3070 ut
304 3014 407 3071 doctus
421 3014 489 3088 quis
505 3030 554 3070 rex
566 3018 611 3071 est
626 3015 737 3071 doctior
752 3014 824 3072 illo‘l
991 3015 1068 3073 Solis
1084 3015 1253 3073 Teutonicis
1267 3032 1393 3071 vacuum
1409 3013 1453 3071 vel
1470 3017 1556 3085 turpe
1571 3012 1690 3069 videtur

104 3103 186 3169 ,Quis
195 3103 291 3159 Cesar
306 3103 423 3173 melius,
440 3103 464 3160 si
480 3104 551 3176 quid
568 3104 686 3160 rubrica
699 3104 814 3171 vetavit,
991 3106 1028 3162 Ut
1042 3107 1166 3163 doceant
1178 3105 1316 3178 aliquem,
1333 3101 1389 3160 nisi
1405 3101 1529 3159 clericus
1539 3100 1712 3173 accipiatur.

110 3193 190 3249 Scire
204 3191 286 3269 ualet
295 3192 408 3266 primis,
424 3209 514 3266 quam
529 3193 641 3249 discere
655 3198 781 3267 coeperat
796 3194 881 3251 annis
950 3179 971 3246 G
992 3195 1059 3263 Sed,
1076 3211 1126 3251 rex
1139 3196 1233 3261 docte,
1246 3194 1318 3266 jube
1332 3195 1454 3248 cunctos
1466 3207 1518 3263 per
1533 3206 1626 3264 regua
1641 3189 1747 3257 doceri,

111 3281 190 3339 Felix
205 3281 243 3339 sit
253 3283 367 3356 genitor
382 3282 528 3338 redivivus
543 3281 629 3338 laude
644 3282 764 3355 perenni
903 3313 907 3325 ·
991 3282 1027 3338 Ut
1042 3287 1138 3340 tecum
1155 3286 1256 3355 regnet
1270 3279 1414 3353 sapientia
1429 3279 1564 3352 partibus
1580 3278 1658 3335 istis.

111 3370 261 3428 Conradus
277 3371 372 3428 Gasur
386 3387 473 3444 quem
490 3371 618 3427 maxima
633 3388 722 3428 causa
737 3372 855 3443 subivit,
1026 3372 1168 3429 Praeterea
1183 3370 1246 3436 libi,
1264 3387 1314 3426 rex
1329 3368 1449 3425 mandat
1463 3366 1637 3440 Burgundia
1654 3384 1661 3423 :
1677 3367 1767 3441 Surge
1799 3410 1806 3417 .

111 3459 147 3515 Ut
162 3459 250 3515 sciret
264 3465 366 3516 natum
382 3459 490 3516 studiis
505 3460 541 3515 ad
559 3476 650 3533 regna
665 3466 811 3533 peratum,
990 3462 1085 3534 Atque
1099 3460 1175 3530 veni,
1191 3475 1323 3533 propera,
1340 3456 1453 3514 noviter
1468 3457 1505 3529 (8)
1522 3455 1658 3528 subjecta
1683 3453 1810 3512 vacillant

111 3547 165 3614 Qui
179 3551 273 3603 rector
288 3546 426 3618 publicus
439 3548 583 3603 mundum
600 3548 766 3606 discernere
781 3555 890 3623 posset.
991 3551 1152 3619 Interdum,
1170 3549 1288 3606 domino
1303 3565 1355 3620 per
1369 3551 1505 3619 tempora
1519 3543 1614 3601 multa
1629 3549 1750 3602 remoto.

112 3633 190 3694 Felix
206 3636 244 3693 sit
259 3639 353 3690 nister
365 3636 554 3692 memorando
570 3636 700 3693 carmine
714 3638 804 3711 digna
992 3640 1135 3696 Funditus
1150 3642 1195 3695 est
1209 3654 1310 3695 verum
1325 3640 1459 3693 veterano
1475 3634 1752 3707 tempore-dictum:

110 3722 208 3780 Gisela
222 3723 257 3779 de
272 3721 365 3780 Caroli
381 3724 541 3796 procedens
556 3725 699 3798 sanguiue
715 3726 823 3800 Magni.
990 3728 1139 3800 Quidquid
1153 3727 1238 3784 abest
1252 3724 1357 3794 oculis,
1373 3727 1537 3781 removetur
1551 3721 1666 3779 lumine
1681 3721 1780 3779 cordis.

110 3811 183 3868 Nam
199 3812 223 3868 si
239 3816 306 3885 post
320 3812 464 3869 decimam
479 3819 650 3871 numeretur
664 3814 742 3871 linea
753 3821 856 3887 quarta
991 3817 1128 3885 Quamvis
1145 3834 1223 3873 nunc
1239 3831 1340 3888 pacem
1354 3817 1449 3871 teneat
1464 3811 1638 3885 Burgundia
1645 3829 1696 3885 per
1708 3815 1745 3877 te,

108 3900 179 3958 Post
193 3900 329 3958 Carolum
344 3901 483 3975 Magnum
500 3907 636 3960 nascetur
651 3903 757 3961 nobilis
772 3905 845 3978 ipsa.
990 3911 1144 3964 Auctorem
1160 3906 1241 3980 pacis
1254 3909 1353 3961 tamen
1368 3902 1442 3959 inte
1454 3917 1573 3958 cernere
1588 3900 1703 3973 querit,

110 3989 175 4047 llaec
189 4007 307 4064 operam
324 3991 452 4062 dederat,
470 3993 549 4065 quod
564 4009 614 4049 rex
629 3991 658 4048 in
674 3992 742 4066 lego·
752 3994 890 4051 studebat
905 4013 912 4051 :
990 3998 1025 4052 Et
1039 3998 1118 4069 cupit
1132 3997 1162 4053 in
1178 3995 1254 4069 regis
1271 4011 1326 4051 sua
1338 3991 1451 4048 lumina
1467 4007 1585 4065 pascere
1599 3989 1694 4046 vultu.

110 4078 162 4136 llla
177 4080 239 4137 sibi
248 4080 339 4136 libros
355 4086 541 4154 persuaserat
555 4097 619 4138 esse
629 4081 778 4155 legendos,
990 4086 1052 4142 lluc
1068 4088 1146 4152 adea,
1164 4091 1193 4142 et
1209 4099 1332 4158 regnum
1348 4083 1403 4152 tao,
1419 4085 1447 4138 te
1464 4080 1607 4148 veniente,
1622 4096 1762 4137 serenum.

109 4169 147 4226 Ut
157 4170 252 4227 varios
268 4169 342 4227 ritus
357 4170 500 4244 dijudicet
515 4175 576 4229 arte
591 4171 703 4245 peritus
990 4176 1020 4231 Si
1037 4175 1079 4231 sol
1096 4175 1236 4231 occubuit
1250 4190 1318 4231 eum
1332 4173 1429 4228 Caesar
1443 4187 1535 4244 regna
1551 4168 1684 4242 reliquit,

109 4259 251 4316 Doctrinae
265 4259 364 4321 lumen
382 4259 570 4318 tenebrosum
585 4260 686 4335 dirigit
697 4262 797 4323 orbem
990 4264 1115 4322 lrradias
1129 4264 1265 4337 patriam,
1282 4263 1307 4319 si
1322 4266 1354 4317 tu
1370 4261 1455 4317 modo
1470 4258 1586 4326 viseris,
1599 4258 1694 4315 illam.

109 4347 215 4406 Gentes
230 4349 353 4405 infestas
371 4349 437 4405 ricit
451 4349 584 4406 Romana
599 4355 729 4425 potestas
989 4354 1053 4409 llaec
1068 4353 1138 4410 olim
1154 4369 1261 4426 magno
1276 4348 1416 4408 domuisti
1432 4365 1523 4422 regna
1537 4347 1659 4416 labore;

35 4436 41 4443 '
109 4436 184 4494 Olim
199 4437 340 4507 consiliis,
356 4456 415 4495 uon
431 4455 546 4511 semper
560 4439 666 4496 vicerat
683 4442 784 4497 armis.
990 4443 1075 4499 Utere
1090 4459 1168 4498 nunc
1182 4439 1309 4515 populis,
1327 4439 1390 4505 tibi,
1407 4454 1466 4507 rex,
1484 4436 1592 4493 servire
1607 4435 1722 4508 paratis.

109 4527 161 4583 nst
175 4527 249 4582 satis
263 4530 413 4598 expertum
430 4533 572 4600 quantum
590 4528 734 4602 sapientia
747 4531 850 4603 possit,
950 4549 974 4615 D
989 4531 1054 4587 llaec
1069 4532 1114 4587 via
1129 4531 1168 4587 sit
1180 4529 1283 4598 facilis,
1300 4545 1389 4601 quam
1406 4531 1550 4599 praeparat
1565 4526 1662 4582 orbita
1676 4523 1765 4598 pacis:

32 4644 35 4649 ·
107 4617 177 4683 Quo
192 4615 315 4687 pervim
331 4616 410 4673 verbi
428 4615 517 4672 lloctit
532 4618 733 4675 moderamina
749 4620 841 4692 regni.
991 4621 1053 4677 Huc
1068 4621 1142 4678 bene
1155 4620 1265 4689 venias,
1282 4618 1331 4675 bic
1344 4616 1444 4675 omnia
1460 4630 1601 4689 prospera
1615 4630 1722 4671 oerum.

108 4705 168 4764 ilex
183 4705 289 4762 iterum
306 4702 395 4762 salvo.
411 4704 478 4761 'libi
492 4703 559 4763 laus
574 4706 613 4763 sit
628 4723 696 4765 oum
711 4706 852 4781 genitrice
1672 4720 1680 4727 '

543 4847 720 4918 CARMEN
746 4847 923 4922 GRATlAE
950 4851 1030 4923 PRO
1057 4850 1179 4921 nucis
1199 4848 1390 4921 llONORll.

144 4985 249 5043 Omnia
263 4985 350 5060 plena
364 4985 459 5042 bonis.
477 4985 523 5042 Sic
539 4988 620 5059 optat
635 5002 722 5042 musa
735 4985 891 5061 Wipponis
989 4991 1058 5047 Post
1067 4991 1181 5062 justam
1196 4989 1301 5062 Legem
1316 4989 1481 5043 comeretur
1495 4980 1723 5059 [tcocomitelur]
1737 4976 1791 5033 orn·

109 5074 174 5131 Hac
189 5092 242 5149 ego
258 5076 314 5133 Lex
329 5075 421 5132 cecini
436 5076 539 5132 devoto
555 5074 686 5133 carmine
700 5075 772 5149 regi.
1639 5071 1690 5143 [tis
1704 5077 1790 5138 regem.

108 5163 194 5229 Audi,
208 5179 276 5237 spes
290 5164 380 5234 orbis,
397 5165 468 5238 quid
485 5165 585 5220 dicant
599 5163 704 5220 intima
719 5165 825 5235 cordis,
988 5169 1024 5224 nt
1039 5172 1106 5241 post
1117 5167 1264 5239 judicium
1279 5165 1368 5222 veniae
1383 5163 1518 5222 mulcedo
1533 5166 1684 5235 sequatur.

109 5250 184 5318 Quid
195 5250 267 5308 velit
278 5252 341 5308 baec
354 5254 456 5322 series,
470 5270 544 5327 quas
559 5253 648 5309 addat
662 5252 762 5310 Gratia
774 5252 887 5312 landos.
989 5257 1070 5312 Sicut
1084 5255 1256 5314 vulneribus
1272 5254 1448 5312 medicinam
1461 5253 1536 5308 ferre
1551 5249 1690 5315 solemus,

109 5339 209 5397 Gratia
220 5344 248 5396 te
260 5339 370 5410 laudat,
386 5342 439 5399 tibi
455 5350 553 5415 grates
569 5341 669 5399 Gratia
683 5346 798 5412 cantat;
988 5343 1035 5400 Sic
1050 5343 1253 5400 condemnatis
1268 5347 1422 5400 succurrat
1437 5358 1501 5398 mos
1518 5340 1647 5413 pietatis.

109 5429 150 5489 Dc
164 5445 237 5486 vena
251 5430 360 5486 mentis
373 5428 511 5486 salientia
525 5431 657 5487 carmina
671 5431 764 5488 sentis
989 5432 1046 5490 Lex
1061 5433 1097 5490 ad
1112 5433 1172 5491 vim
1187 5433 1246 5508 regi
1263 5435 1382 5509 generat
1396 5430 1526 5488 feriendo
1542 5432 1691 5499 nocentes,

146 5553 184 5637 (8)
200 5552 272 5612 Vide
288 5569 378 5629 supro
390 5553 621 5614 observationem
636 5554 783 5630 previam.
