3900 6098
129 275 183 337 tut

580 277 613 337 S.
635 274 835 338 BllllNONlS
856 270 1382 344 uenulebteuslsltrlscoel.

1779 274 1848 351 m

130 408 208 461 tte-r
223 405 959 480 ¹enblutisnnt;qnidedicorsiereginiouibusroonti
977 422 1000 484 Α
1019 412 1114 466 seculi
1130 412 1190 468 rita
1211 413 1326 468 vitiose.
1342 412 1452 469 Vincta
1476 414 1505 470 in
1531 414 1733 486 mendicitate,
1750 419 1781 476 id
1803 420 1850 478 eat

130 503 212 563 aunt,
230 496 272 552 rel
283 498 335 569 qui
351 495 493 569 redempti
504 501 576 552 sunt
592 497 621 550 iu
639 499 774 569 passione
787 497 906 554 Christi.

130 585 148 638 3
184 586 520 642 asoteorraetoccaro:

122 718 126 726 .
202 674 523 746 Atopuitoneetmori.

166 763 224 818 CA
240 761 311 820 solia
326 767 479 831 ortu,cum
489 768 550 820 tres
557 762 692 822 cardines
705 765 807 821 mundi
825 765 960 840 designe-

128 851 213 921 verit,
222 868 273 923 pre
289 851 439 924 quurt0,id
450 856 495 908 est
508 869 560 926 pro
576 852 696 910 australi
708 855 808 927 posuit
824 855 958 922 mare,ab

129 938 181 994 illa
193 944 274 1012 parte
291 938 391 996 volens
413 940 538 1014 intelligi
565 940 724 1013 Oceanum,
736 943 786 1014 qui
815 949 958 1001 cunctum

129 1029 233 1084 mundi
249 1029 410 1102 marginem
426 1029 534 1086 dieitur
548 1029 681 1087 circuire.

127 1119 145 1172 t
181 1119 350 1174 Erraoerunt
365 1121 394 1174 iu
409 1118 559 1176 solitudine
574 1121 603 1174 in
623 1120 755 1192 hononore
771 1139 778 1178 ε

202 1207 277 1262 Viam
289 1209 409 1263 ciuitatis
429 1209 583 1264 lectitandi
597 1225 651 1264 nora
667 1210 840 1266 invenerunt.

164 1294 379 1352 CErruverunt
399 1301 502 1368 gentes
526 1296 556 1351 iu
586 1298 791 1369 superstitiosa
814 1299 955 1368 doctrina,

129 1384 204 1439 aridi
220 1385 256 1440 dc
267 1402 334 1441 veru
347 1385 490 1453 doctrina,
507 1384 575 1441 etin
589 1385 760 1454 solitudine,
776 1405 844 1443 cum
858 1388 956 1446 nullos

128 1472 298 1529 verissimos
314 1475 446 1531 doctores
461 1475 557 1531 adhuc
574 1475 681 1533 habere
702 1478 905 1553 preberentur.
921 1477 957 1534 lit

128 1561 205 1617 riam
222 1563 359 1628 civitatis,
377 1564 403 1618 id
421 1570 475 1630 ost,
493 1581 581 1637 opera
603 1564 711 1637 quibus
735 1567 904 1638 pervcnitur
918 1568 954 1624 ad

128 1651 275 1707 coelestem
291 1652 471 1708 Hierusalem
483 1669 541 1709 non
556 1652 739 1711 invenerunt.
774 1721 780 1729 ι

126 1743 145 1797 5
180 1745 338 1799 asarinus
353 1744 543 1798 etritieutee:

197 1833 296 1889 Animo
311 1847 405 1888 eorum
419 1834 448 1888 iu
465 1833 532 1905 ipris
542 1832 649 1906 defecit.

162 1921 183 1977 C
198 1921 367 1978 Esurientes
382 1925 412 1977 et
425 1922 568 1990 sitientes,
586 1922 806 1979 curiosissimos
816 1923 952 1981 virosae-

127 2010 185 2066 culi
200 2010 290 2082 hujus
302 2011 458 2084 signifieat,
474 2012 525 2084 qui
538 2012 659 2068 semitas
680 2012 811 2069 veritatis
830 2012 953 2069 diversis

126 2100 317 2173 opinionibus
327 2100 528 2172 exquirebant,
540 2101 591 2157 sed
607 2099 747 2172 queniam
756 2117 814 2156 non
825 2101 954 2157 credide·

126 2192 193 2245 rant
207 2205 274 2244 vero
293 2189 414 2256 auctori,
431 2188 460 2243 in
484 2205 554 2244 vero
576 2189 722 2261 sapientia
745 2206 804 2244 non
819 2194 953 2261 poterant

125 2277 259 2333 inveniri.
277 2277 385 2333 Deiecit
412 2277 511 2332 anima
534 2279 564 2334 in
590 2278 673 2350 ipsis,
692 2277 796 2349 ntique
819 2294 886 2333 eum
911 2278 952 2335 le·

127 2365 249 2421 boribus
264 2370 352 2439 atquc
362 2367 469 2421 studiis
480 2366 763 2424 eorumanimositas
772 2365 952 2423 lassatasuc·

125 2453 235 2510 cubuit.

122 2543 142 2599 6
178 2544 211 2599 tt
221 2543 409 2600 domaverunt
422 2544 458 2601 ad
472 2546 619 2601 Dominum
636 2563 700 2602 cum
726 2544 951 2602 tribularentur:

198 2638 232 2690 111
246 2633 281 2689 de
294 2634 499 2691 neceaaitutibur
512 2652 607 2692 eorrrm
618 2637 721 2708 eripuit
731 2650 784 2690 eor.

160 2723 180 2778 C
205 2722 412 2795 Superioribus
437 2723 591 2780 versiculis
623 2723 778 2795 descripsit
808 2726 950 2791 errantes,

125 2826 203 2867 nunc
214 2813 303 2867 reiert
316 2812 352 2867 de
364 2812 556 2869 redeuntibus
580 2813 615 2868 ad
629 2812 706 2868 dona
720 2811 781 2868 Dei.
799 2812 950 2868 Clamare-

124 2899 950 2974 runt,significatmagnodesiderioquesierunt.tl'l'nnc

124 3004 242 3063 quoque
252 2989 426 3045 exaudimur
440 2991 476 3047 ab
491 3006 534 3055 eo,
550 2991 669 3063 quando
686 3007 743 3046 non
755 2991 881 3063 eimplex
896 3007 949 3047 vox

124 3078 173 3135 eod
190 3078 339 3135 tribulatio
356 3079 509 3136 clanrutad
525 3081 627 3137 Deum.
640 3080 696 3137 Sed
711 3081 776 3136 vide
800 3079 870 3153 quid
891 3081 948 3136 cla·

1015 498 1177 573 indigentia
1192 501 1260 558 boui
1273 501 1380 574 operis,
1393 501 1487 575 ligate
1503 504 1624 561 lunibus
1641 514 1849 580 peccaterum.

1014 588 1134 645 Ferrum
1149 588 1296 663 significat
1311 588 1452 647 duritem
1467 591 1626 651 melorum.

1015 695 1046 750 11
1086 696 1156 765 Quia
1170 700 1404 754 exacerbaverunt
1418 698 1526 772 eloquio
1538 696 1589 757 Dei
1603 717 1611 756 τ

1084 785 1117 841 Et
1129 785 1276 841 consilium
1291 787 1427 843 Attusimi
1439 789 1629 847 irritaverunt.

1046 876 1068 928 C
1082 873 1156 939 Quin
1166 874 1425 941 exacerbaverunt,
1432 878 1548 950 exponit
1557 879 1637 937 enim
1647 880 1846 954 quemadmo-

1012 961 1084 1018 dum
1099 968 1291 1037 peccavemnt
1305 964 1347 1021 illi
1363 965 1413 1038 qui
1424 966 1603 1025 sedebantin
1614 964 1749 1027 teneiuie
1762 964 1848 1047 3qule

1012 1056 1113 1108 contra
1126 1052 1243 1109 Domini
1258 1053 1377 1127 eloquia
1387 1054 1533 1124 iacientes,
1545 1054 1574 1111 in
1587 1056 1655 1130 ejus
1670 1056 1787 1134 regulis
1802 1054 1846 1118 ri-

1010 1157 1076 1197 vere
1091 1142 1281 1214 respuebant,
1296 1147 1325 1199 ot
1338 1141 1404 1199 ideo
1424 1143 1488 1215 ejus
1503 1144 1626 1202 consilia
1651 1145 1846 1207 irritaverunt

1011 1229 1033 1284 Η
1050 1231 1119 1295 Quae
1134 1230 1177 1286 eis
1192 1230 1312 1287 dederat
1328 1233 1361 1286 ut
1375 1230 1514 1305 eligerent
1526 1232 1657 1291 vitame
1671 1234 1741 1293 eote
1755 1236 1842 1296 ettam

1010 1318 1844 1393 Deijustumconsilium,saluberrimemedicina,utmor

1010 1407 1066 1464 bus
1081 1407 1419 1466 illecontrarioremedio
1426 1415 1577 1468 curaretur
1587 1429 1595 1481 ;
1606 1415 1753 1488 superbia
1761 1432 1841 1474 meu·

1009 1496 1060 1565 tis;
1075 1497 1213 1571 angustia
1227 1498 1335 1554 cerdis.

1009 1604 1043 1660 ta
1078 1600 1111 1661 Et
1125 1604 1304 1662 humitiatum
1318 1613 1357 1663 est
1371 1608 1401 1662 in
1416 1605 1551 1665 bioritus
1565 1624 1611 1666 cor
1624 1624 1724 1668 eorum
1739 1629 1747 1669 ε

1079 1693 1219 1766 intimuit
1231 1699 1297 1751 sunt
1312 1710 1362 1752 uec
1375 1697 1431 1768 suit
1445 1698 1495 1769 qui
1508 1696 1661 1771 minueret.

966 1793 991 1859 g
1042 1781 1270 1839 Cliumilietum
1283 1786 1535 1843 esteoreorumin
1551 1787 1836 1849 tribulationibbeet

1008 1873 1205 1945 angustiis,ut
1220 1873 1313 1946 quiin
1329 1876 1706 1951 prosperitatibussuperbi
1716 1879 1840 1938 exsiste·

1008 1961 1124 2030 runt,in
1139 1960 1380 2021 tribulationibus
1389 1968 1418 2020 et
1431 1962 1582 2023 laboribus
1592 1964 1838 2026 humiliarentur.

1008 2049 1150 2106 infirmati
1166 2051 1282 2117 suntid
1298 2055 1343 2109 est
1353 2069 1370 2108 a
1380 2052 1477 2109 seculi
1486 2055 1718 2131 presumptione
1733 2057 1839 2130 dejecti

1007 2140 1161 2195 sunt-Nec
1177 2140 1232 2196 luit
1248 2141 1298 2213 qui
1314 2141 1474 2214 adjuvaret,
1482 2144 1838 2218 subandiendum,aliter,

1007 2242 1093 2285 nemo
1107 2229 1186 2285 enirn
1203 2233 1323 2302 prestat
1332 2230 1638 2303 periclitanti,nisicei
1650 2234 1840 2310 omnipotens

1007 2322 1083 2375 Deus
1097 2319 1264 2392 preceperit
1280 2319 1439 2378 subveniri.

1005 2424 1041 2482 l3
1076 2427 1115 2482 Et
1127 2426 1316 2484 clamaverunt
1330 2427 1365 2483 od
1375 2428 1527 2485 Dominum
1540 2445 1602 2486 cum
1616 2428 1837 2493 tribularentur:

1077 2516 1109 2570 Et
1123 2514 1155 2571 de
1168 2517 1375 2573 necessitantur
1384 2532 1479 2574 eorum
1495 2516 1622 2575 liberauit
1635 2535 1691 2578 eos.

1041 2603 1061 2660 C
1075 2601 1279 2662 clamaverunt
1293 2606 1329 2662 ad
1346 2606 1512 2676 bominum,
1527 2604 1638 2665 scilicet
1648 2609 1773 2685 propria
1786 2612 1836 2668 de·

1005 2689 1074 2747 licta
1084 2692 1265 2751 confitentes.
1282 2692 1411 2751 Silebant
1426 2697 1508 2769 prius
1520 2694 1550 2753 in
1561 2694 1689 2754 eletione
1700 2699 1791 2773 positi
1806 2705 1837 2758 et

1004 2779 1083 2836 velut
1093 2780 1244 2838 insensata
1254 2799 1358 2856 pecora
1367 2781 1483 2841 nullum
1494 2783 1623 2842 salutare
1638 2786 1837 2847 verbumsuir·

1004 2869 1122 2925 debant.
1136 2869 1330 2944 Compunetio
1341 2873 1417 2929 lactu
1429 2876 1519 2944 est,ct
1529 2879 1599 2930 tunc
1609 2891 1713 2933 vocem
1730 2872 1837 2936 utilem

1003 2959 1203 3029 reddiderunt,
1211 2960 1240 3017 id
1255 2965 1300 3019 eat
1314 2961 1482 3020 etliberavit
1496 2979 1545 3020 eos
1556 2963 1607 3036 qni
1616 2966 1837 3038 premebantur

1003 3048 1143 3106 servitute
1159 3048 1279 3107 diaboli.

123 3185 188 3224 mor
200 3167 441 3240 istepraestiterit,
460 3170 577 3240 quiade
594 3169 818 3226 necessitutibus
842 3166 986 3242 eripuitC
1003 3156 1037 3211 ¹4
1073 3157 1213 3216 5111111ΰί1
1226 3159 1317 3216 113111
1330 3159 1449 3217 meliti
1461 3167 1488 3217 0¹
1500 3161 1599 3251 “mitt
1617 3164 1717 3221 11101113
1733 3183 1743 3222 -’

123 3273 183 3324 eos,
199 3257 360 3314 etsemitna
375 3255 505 3312 veritatis
519 3273 677 3330 agnoscere
692 3259 769 3315 lecit.

121 3348 138 3400 7
175 3343 277 3400 Edacit
290 3358 333 3399 eoa
348 3345 379 3396 in
394 3345 467 3398 oium
481 3353 580 3401 rectam
596 3363 603 3402 r

195 3433 226 3488 lit
241 3434 313 3488 irent
328 3433 357 3487 iu
371 3432 509 3488 dviwwrn
525 3434 714 3492 trabitotionis.

51 3560 55 3571 .
156 3525 176 3576 G
191 3520 225 3575 ut
237 3520 337 3576 eduxit
352 3536 402 3575 eos
417 3521 446 3574 in
461 3521 538 3576 viam
550 3528 668 3589 rectum,
678 3524 945 3594 scilicethristua,

121 3613 267 3683 quatenus
289 3608 339 3680 qui
367 3607 480 3680 pridem
494 3608 571 3666 invio
586 3627 682 3667 errore
692 3614 882 3685 vagabantur,
899 3632 946 3672 ac·

121 3703 206 3771 cepta
219 3699 264 3754 via
279 3697 472 3753 sanctissime
486 3696 645 3771 religionis,
657 3702 808 3758 credentes
819 3703 847 3759 in
863 3704 945 3760 Chri·

121 3793 201 3844 stum
224 3789 260 3844 ad
282 3786 416 3843 Ecclesiae
442 3788 527 3843 beata
564 3789 639 3845 atria
669 3788 791 3847 feliciter
816 3795 946 3864 perveni-

119 3881 191 3934 rent.

119 3968 137 4022 8
174 3966 484 4039 Confitcouturllomino
498 3968 695 4027 misericordiae
705 3970 764 4043 ejus
778 3989 789 4026 .-

190 4059 223 4113 Et
235 4058 380 4113 mirabilia
393 4057 453 4129 ejus
462 4056 531 4129 filiis
543 4057 695 4114 irominum.

1075 3247 1113 3303 ni
1126 3249 1237 3304 macuta
1251 3264 1346 3306 eorum
1356 3249 1484 3322 dimpit.

1038 3334 1060 3391 D
1076 3335 1182 3393 Eduxit
1195 3354 1245 3394 eos
1260 3339 1296 3395 de
1312 3339 1449 3408 tenebris,
1466 3340 1551 3397 idest
1563 3340 1601 3397 de
1615 3342 1752 3400 mature
1766 3352 1836 3417 pet·-

1003 3425 1207 3483 fidiae.Umbra
1220 3428 1322 3484 mortis
1338 3431 1383 3485 est
1394 3428 1452 3485 uita
1462 3429 1588 3502 peccetis
1600 3429 1764 3501 meruleta,
1771 3442 1837 3506 quo

1002 3513 1082 3571 illius
1098 3515 1201 3571 future
1217 3516 1322 3577 montisi
1336 3517 1513 3574 teterrimam
1536 3521 1633 3591 portet
1657 3520 1834 3595 imaginem.

1001 3604 1317 3676 Dierupitvincula,sic
1329 3604 1438 3663 diaboli
1448 3607 1601 3681 tyrannica
1609 3609 1835 3681 peteetffihri·

1002 3698 1046 3749 sto
1059 3693 1191 3750 veniente
1205 3695 1339 3771 disrupta
1353 3698 1448 3765 est,ut
1463 3712 1614 3769 nonquam
1628 3697 1661 3754 in
1677 3697 1835 3773 illamque

1000 3782 1057 3838 tuit
1068 3782 1299 3841 dominationem
1314 3785 1409 3842 redire
1423 3785 1595 3859 prevaleat..

1001 3872 1035 3928 15
1071 3873 1260 3943 contuentur
1269 3875 1386 3931 Domino
1399 3875 1600 3934 misericordie
1612 3876 1674 3949 ciue
1690 3894 1698 3934 ε

1070 3962 1104 4018 Et
1117 3963 1263 4020 mirabilia
1276 3965 1336 4036 ejus
1348 3963 1416 4036 elib
1429 3964 1582 4022 bertinum.

1034 4049 1212 4109 thmonet
1225 4051 1304 4110 enirn
1320 4050 1479 4110 liberatori
1502 4054 1611 4128 gratias
1641 4070 1745 4129 agere,
1761 4056 1833 4130 qnia

155 4144 316 4220 CDignum
333 4150 362 4202 et
373 4147 490 4218 justum
506 4150 551 4202 eet
565 4162 681 4220 semper
695 4148 879 4222 csndteripio
895 4151 946 4206 lto·
996 4140 1104 4212 innuas
1120 4146 1306 4214 peccatorum
1330 4146 1360 4198 et
1379 4141 1524 4200 malorum
1547 4143 1683 4201 emnium
1701 4145 1832 4205 munna

119 4233 208 4304 mino,
221 4234 333 4308 quinos
344 4251 398 4291 sua
408 4235 609 4292 misericordia
620 4239 673 4292 eta
681 4237 820 4309 periculis
828 4236 943 4310 liberat,

117 4328 147 4381 et
161 4324 316 4398 splendore
331 4341 389 4380 suae
406 4323 524 4396 pietatis
540 4324 698 4381 illuminet.
713 4325 857 4383 Mirabilia
879 4329 944 4399 ojus

118 4428 183 4486 qne
198 4412 265 4469 iecit
280 4413 308 4467 in
324 4413 445 4479 mundo,
462 4430 514 4486 per
527 4413 722 4487 evangelistae
733 4419 763 4472 et
784 4415 942 4490 apostolos,

117 4500 242 4574 posteris
256 4500 328 4556 dicit
342 4517 406 4556 esse
422 4502 616 4573 predicanda.

115 4591 135 4645 9
171 4591 241 4659 Quia
252 4592 363 4647 satiauit
376 4592 500 4646 oninium
515 4593 626 4647 inanem
640 4611 650 4646 .·

188 4680 220 4735 Et
234 4681 358 4736 animent
372 4681 536 4736 erurimtem
549 4682 662 4737 satiauit
677 4682 763 4740 berb.

151 4768 173 4825 G
188 4769 268 4826 'l'uue
282 4773 366 4826 erant
381 4769 486 4825 anime
502 4768 657 4843 gentilium
674 4769 778 4829 inanes
792 4776 821 4829 et
834 4789 941 4845 vacue,

116 4860 234 4931 quundo
250 4859 334 4916 bonis
349 4859 493 4915 fructibus
504 4877 537 4916 ex
553 4859 787 4918 culluidolorum
798 4865 944 4938 erantpri·

116 4952 304 5021 vatoe,postea
314 4948 478 5007 esurientes
487 4948 598 5006 satiate
606 4953 686 5018 snut,
698 4941 942 5024 qnandoDomini

116 5035 303 5094 miseratione
326 5039 522 5109 commonitor,
538 5041 605 5096 vota
627 5056 683 5095 sua
706 5040 742 5096 ad
765 5041 941 5114 penitentie

115 5125 214 5182 studia
229 5127 455 5186 transtulerunt.

115 5216 150 5272 10
185 5215 311 5274 Sedentee
325 5218 357 5274 in
372 5218 490 5274 tenebris
502 5227 528 5276 et
541 5220 641 5275 umbro
654 5221 753 5275 mortis
765 5237 776 5274 .·

187 5306 292 5363 tinctor
305 5307 336 5363 in
346 5305 521 5364 modicitate
531 5315 557 5365 et
567 5311 652 5380 serre.

148 5393 324 5450 CSedebunt
337 5398 440 5467 gentes
455 5396 485 5451 iu
501 5397 640 5467 tenebris,
657 5397 798 5469 quoniam
813 5403 941 5457 vacuate

112 5480 224 5540 lumine
237 5482 316 5540 lidai.
330 5482 404 5540 (tum
415 5484 486 5542 dicit
500 5486 782 5557 sedentes,ostendit
795 5487 941 5564 easlongo

112 5570 172 5638 ritu
182 5568 290 5631 ibidem
302 5571 393 5632 luisse
402 5574 663 5637 venetaeumuu
672 5575 787 5648 mortis,
795 5576 941 5641 luitistius

998 4229 1092 4288 virtus
1106 4229 1206 4288 divina
1218 4230 1370 4304 confregit.

999 4320 1034 4374 16
1071 4320 1142 4389 Quio
1156 4322 1286 4377 contrivit
1298 4328 1392 4393 portas
1405 4337 1493 4380 ereas
1509 4341 1519 4380 :

1069 4410 1107 4465 Et
1121 4418 1208 4467 ructes
1219 4412 1324 4483 ferreos
1336 4413 1482 4484 ambegit.

958 4535 982 4601 B
1036 4497 1162 4556 GPorte
1177 4514 1268 4566 eree,
1279 4502 1349 4556 suut
1362 4501 1591 4559 consuetudines
1611 4500 1774 4562 hominnm
1789 4503 1829 4561 vi·

998 4587 1267 4663 tiesa,quanoelta
1279 4588 1309 4644 in
1331 4594 1518 4662 peccatorum
1538 4591 1830 4653 atriis-reducuntur

997 4678 1121 4735 exeundi
1134 4681 1282 4751 nequeant
1296 4680 1425 4751 prebere
1440 4680 1589 4739 licentem.
1603 4680 1721 4740 vectes?
1727 4688 1827 4742 emm

996 4767 1116 4836 terreos,
1134 4767 1257 4841 spiritus
1269 4768 1441 4826 immundos
1455 4771 1537 4842 dicit,
1553 4771 1604 4844 qai
1627 4770 1700 4830 illes
1719 4773 1827 4845 haue

998 4862 1196 4929 peecatorum,
1212 4874 1249 4913 ne
1257 4857 1335 4914 exire
1351 4857 1658 4929 liceat,cireumdatea
1672 4862 1827 4920 eburone

997 4949 1026 5002 et
1040 4945 1175 5003 claudere
1189 4960 1247 5004 non
1263 4949 1462 5005 ceaeautdlec
1471 4949 1549 5005 enirn
1565 4949 1624 5006 duo
1639 4950 1765 5009 metelle
1776 4956 1825 5024 pio

996 5034 1167 5093 tortitudine
1183 5035 1360 5093 delictorum
1374 5036 1511 5096 ridentur
1525 5054 1590 5096 esee
1609 5039 1758 5098 adhibita.

996 5141 1030 5197 17
1065 5144 1190 5217 Suscepit
1204 5160 1249 5201 eos
1264 5143 1297 5201 de
1311 5146 1359 5201 uio
1372 5147 1534 5219 iniquitatis
1546 5162 1642 5203 eorum
1658 5165 1669 5202 r

1066 5233 1183 5305 Propter
1196 5235 1349 5306 injrutitias
1363 5236 1437 5290 enim
1452 5251 1516 5291 eune
1530 5236 1679 5292 tumiiioti
1695 5243 1773 5294 nent.

1032 5322 1052 5376 ll
1070 5321 1214 5394 Suscepit,
1231 5323 1260 5378 id
1276 5327 1322 5379 est
1333 5322 1467 5380 liberavit
1480 5323 1627 5395 Christus,
1649 5340 1728 5399 quoe
1740 5324 1821 5383 eliu·

995 5415 1111 5467 raverat
1121 5408 1455 5470 diabolosvalidtsstmts
1464 5410 1537 5470 nerle
1546 5406 1822 5489 vitiorem.me

995 5499 1156 5573 iniustitiae
1170 5501 1249 5559 enim
1260 5515 1330 5558 suas
1339 5498 1487 5561 humiliati
1493 5507 1574 5575 aunt,
1583 5503 1821 5563 utexeltarentnr

995 5588 1026 5649 iu
1041 5587 1168 5652 Christo.
