3900 6098
102 286 164 359 fl!
548 286 833 359 uls'foalaeuu
855 294 961 357 LlBltl
982 293 1172 368 ouluoult.
1195 325 1236 341 ·-
1255 292 1330 356 ΗΒ.
1355 294 1395 359 ll.
1771 301 1830 364 ets

107 425 273 488 sonorltate
283 425 400 498 referta,
411 427 449 496 et,
458 427 491 482 ut
502 441 584 483 mens
593 421 670 480 velet
682 424 948 496 humana,Deifice
961 427 990 497 Α
1005 427 1138 502 satisque
1152 426 1265 486 caeteris
1281 427 1432 499 fratribus,
1444 431 1607 495 secundum
1623 448 1735 490 morem
1750 432 1777 490 ei
1791 433 1837 491 vi·

108 514 247 575 'ibinitsti
263 515 422 593 condigna.
437 512 528 591 Coepit
542 513 652 570 interea
674 514 728 589 qui
749 520 874 591 praeerat
888 517 949 593 epi·
1005 514 1174 574 sitationem
1191 517 1332 575 fecerunt.
1349 518 1448 576 Tertia
1463 537 1590 594 namque
1602 520 1649 577 die
1662 522 1837 595 peracta,in·

112 604 427 683 abopus,supereltare
436 602 530 661 sancti
540 601 668 660 Madritii
685 604 828 681 martyris
844 604 950 665 missa·
1004 603 1130 679 cipientc
1146 609 1232 663 nocte
1248 604 1385 681 migravit
1395 623 1412 663 u
1422 624 1551 683 corpore.
1569 611 1660 679 Quem
1676 610 1749 671 dum
1759 628 1837 668 cun·

112 712 176 754 rum
192 693 354 764 solemnia,
369 693 500 767 ejusdem
523 690 675 749 Trinitatis
691 694 888 769 antiphonam
904 695 950 753 in·
1005 693 1042 750 oti
1058 694 1163 753 fratres
1179 712 1214 752 ex
1228 711 1308 752 more
1332 693 1450 754 abluere
1474 714 1507 755 ac
1531 698 1638 772 paenis
1660 715 1837 777 componere

113 781 524 855 tonans,oelebrare.lntcrim
538 798 606 838 vero
616 786 830 856 percunctatus
845 788 890 841 est
902 803 951 841 su·
1003 787 1152 856 pararent,
1168 782 1312 859 signaque
1326 782 1497 842 monasterii
1515 785 1650 844 universa
1669 785 1836 862 pulsarent,

115 873 265 948 pradictus
291 873 391 946 frater,
407 871 468 947 qui,
484 874 535 927 aut
558 869 635 927 uude
657 875 771 942 essent,
787 889 840 949 pro
855 889 949 949 quava
1005 872 1125 945 quidam
1141 870 1245 941 laicus,
1263 870 1314 929 sod
1340 872 1507 947 religiosus,
1523 876 1610 949 juxta
1631 892 1836 945 commanens,

118 978 199 1022 eausa
215 960 292 1021 illuc
307 960 502 1020 devenissent.
513 958 565 1017 Cui
579 957 653 1016 satis
665 957 774 1017 leniter
788 959 846 1018 tale
860 961 948 1020 dede·
1003 960 1143 1034 ignorans
1154 962 1270 1018 obitum
1279 962 1645 1037 fratris,astimansqucob
1655 965 1837 1023 nuntiandos

119 1052 178 1113 unt
192 1066 377 1127 responsum
395 1068 401 1109 :
418 1072 432 1102 e
448 1049 676 1117 Professionem,
691 1048 841 1123 inquiunt,
866 1050 949 1108 (thri-
1004 1049 1166 1106 matutinos
1182 1049 1268 1127 signa
1282 1048 1626 1125 pulsari,exsurrexit,ut
1641 1052 1839 1129 solebatper·

119 1136 274 1199 adnullatis
287 1143 451 1217 gestamus,
467 1137 519 1197 sed
533 1137 569 1195 ob
585 1137 711 1195 tutelam
727 1138 827 1212 patrie
842 1139 948 1197 Catho·
1002 1155 1070 1212 gere
1086 1140 1123 1195 ad
1148 1139 1313 1198 ecclesiam.
1331 1140 1385 1209 Qui
1411 1158 1478 1199 oum
1501 1143 1630 1200 venisset
1653 1144 1691 1201 ad
1715 1148 1838 1217 pontem

120 1229 230 1307 liteque
246 1227 345 1304 plebis
368 1227 576 1297 defensionem,
602 1226 723 1303 gladius
748 1244 802 1285 nos
825 1227 856 1284 in
871 1229 948 1287 bello
1003 1229 1160 1301 quemdam
1176 1227 1318 1303 ligneum,
1336 1229 1386 1305 qui
1402 1232 1459 1287 fere
1473 1229 1503 1287 in
1520 1232 1615 1307 medio
1639 1236 1702 1288 crat
1717 1231 1836 1302 itinere,

119 1318 344 1377 dunscanorum
360 1317 506 1392 separavit
517 1314 554 1372 ub
568 1315 771 1373 bumanorum
792 1332 948 1389 corporum
1003 1317 1161 1373 audierunt
1175 1317 1275 1393 plures
1285 1334 1319 1374 cx
1332 1319 1436 1376 vicinis
1446 1337 1530 1377 voces
1541 1319 1686 1395 quasdem
1696 1338 1731 1377 ex
1742 1319 1837 1378 latere

118 1405 305 1466 habitatione.
316 1405 426 1463 Idcirco
441 1422 494 1462 nos
507 1419 611 1461 omnes
627 1405 739 1479 pariter
752 1405 852 1463 divina
867 1423 948 1463 voca·
1004 1405 1175 1465 monasterii
1191 1406 1408 1478 proclamantes
1422 1407 1612 1487 huiusmodi:
1626 1408 1840 1478 ‹rilxtraheex-

115 1496 144 1553 tio
157 1512 244 1554 nuno
260 1493 443 1553 transfertis
459 1497 567 1551 sortem
578 1491 948 1568 beatorum.Sedideoper
1001 1494 1097 1563 trabe,
1114 1500 1144 1551 ct
1159 1495 1235 1553 educ
1252 1496 1288 1552 ad
1314 1514 1368 1554 nos
1394 1495 1478 1553 illum
1494 1499 1678 1571 quantocius.
1697 1519 1707 1548 ι
1724 1496 1841 1565 Quibus

111 1584 180 1644 bano
195 1582 385 1671 provinciam
400 1582 487 1640 nobis
497 1579 640 1659 contingit
651 1582 760 1640 babere
775 1583 946 1655 transitum,
1002 1576 1091 1640 etiam
1105 1584 1224 1640 vocibus
1235 1583 1293 1641 tale
1305 1601 1479 1659 responsum
1489 1590 1535 1644 est
1544 1586 1692 1643 redditum
1706 1603 1739 1663 q«
1751 1584 1853 1657 Hune,

110 1674 254 1750 quoniam
263 1670 368 1749 plures
377 1688 413 1729 ex
426 1669 481 1729 hac
491 1662 611 1749 regione
622 1669 701 1728 infra
711 1674 796 1729 breve
806 1672 948 1747 temporis
1003 1670 1122 1729 interim
1138 1688 1196 1728 non
1206 1689 1291 1745 queo,
1306 1671 1396 1730 alium
1408 1678 1506 1731 tamen
1519 1675 1643 1735 educam
1659 1674 1683 1731 si
1699 1678 1813 1749 potero.
1825 1696 1841 1726 »

107 1764 241 1839 epatium
271 1762 372 1819 nostro
395 1765 468 1817 sunt
481 1757 609 1817 addendi
625 1757 758 1835 collegio.
776 1783 791 1810 »
806 1758 949 1819 preterea
963 1803 989 1870 B
1002 1759 1108 1817 Statim
1123 1777 1190 1818 vero
1206 1759 1256 1818 illc
1270 1762 1322 1834 qui
1346 1763 1382 1818 ad
1408 1762 1561 1823 ecclesiam
1577 1764 1727 1839 pergebat,
1743 1763 1840 1821 cernit

105 1850 201 1927 isqui
217 1849 382 1909 missarum
403 1848 536 1924 explebat
558 1847 950 1919 officium,f1nitaoratione
1004 1853 1071 1906 ante
1085 1865 1116 1906 se
1132 1866 1221 1924 super
1234 1855 1353 1924 pontem
1374 1851 1460 1925 qnasi
1476 1869 1567 1909 unum
1584 1851 1746 1915 mainerum
1762 1868 1837 1910 suo·

106 1936 277 2010 dominica,
291 1954 398 2013 paoem
419 1937 558 1996 omnibns
581 1935 668 2006 dans,
685 1937 768 1995 misit
790 1955 884 1994 unum
899 1938 950 2013 qui
1005 1952 1185 2007 rum,revora
1197 1955 1265 2012 ergo
1277 1938 1437 2010 diabolum,
1451 1945 1552 1998 contra
1563 1938 1786 2012 sevenicntcm;
1803 1941 1841 1999 de

106 2029 164 2106 ipsi
179 2024 269 2087 fratri
285 2026 368 2103 pacis
390 2024 524 2085 osculum
548 2028 642 2085 daret.
668 2026 722 2094 Oui
738 2044 806 2084 cum
823 2027 949 2096 fecisset,
1005 2043 1065 2100 quo
1080 2026 1168 2084 etiam
1184 2025 1318 2084 dubitare
1333 2045 1390 2085 non
1406 2034 1516 2102 posset.
1527 2030 1601 2098 Quin
1614 2028 1701 2087 etiem
1718 2029 1840 2087 nomine

108 2114 210 2179 innuit
222 2117 316 2175 etiam
330 2115 358 2173 ei
373 2120 409 2175 ut
431 2115 515 2173 illum
540 2121 722 2190 sequeretur.
740 2116 792 2174 llis
819 2116 859 2172 ita
880 2134 950 2174 con·
1006 2114 1124 2189 proprio
1139 2114 1223 2171 illum
1239 2132 1357 2185 vocans,
1374 2118 1491 2175 monuit
1508 2122 1540 2175 ut
1553 2117 1672 2193 provide
1686 2118 1838 2177 transiret.

112 2206 232 2282 spectio,
251 2222 320 2264 cutn
335 2204 423 2273 vellet
438 2222 487 2263 cos
503 2205 599 2280 sequi,
624 2205 843 2280 disparuerunt.
861 2206 951 2264 intel·
1006 2203 1086 2261 Illioo
1103 2208 1201 2261 autem
1226 2204 1375 2278 malignus
1399 2205 1521 2279 spiritus
1537 2207 1681 2283 turrigera
1696 2206 1793 2282 specie
1808 2207 1839 2263 in

114 2295 183 2354 laxit
196 2311 317 2371 quoque
332 2293 412 2351 idem
437 2294 526 2351 frater
542 2311 574 2351 sc
589 2294 619 2350 in
643 2294 723 2352 brevi
739 2293 835 2369 spatio
855 2294 950 2353 exitu·
1006 2292 1100 2350 altum
1116 2308 1148 2348 se
1173 2292 1300 2367 erigens,
1316 2293 1496 2368 cupiensque
1519 2295 1651 2370 decipere
1674 2292 1838 2368 bominem,

118 2402 181 2443 rum
195 2404 212 2442 a
227 2383 356 2454 seculo;
375 2381 557 2457 quodetiam
573 2383 616 2440 sic
631 2383 753 2458 contigit
778 2382 850 2439 feri.
875 2384 951 2442 Nam
1005 2382 1072 2454 ejus
1096 2379 1228 2438 fallacem
1254 2399 1394 2456 pompam
1417 2384 1531 2442 visibus
1546 2387 1728 2459 sequentem.
1744 2383 1840 2451 Quam

124 2484 216 2533 nense
228 2473 345 2550 quinto,
357 2470 387 2530 id
403 2477 449 2530 est
463 2471 626 2543 Decembri,
636 2478 793 2547 postquam
805 2464 869 2547 {haro
885 2490 951 2547 quas
1007 2476 1106 2528 tamen
1121 2471 1192 2527 dum
1208 2470 1361 2545 aspiceret,
1378 2473 1444 2546 ejus
1466 2491 1518 2549 pes
1539 2472 1651 2548 lapsus,
1666 2473 1794 2549 graviter
1808 2473 1840 2533 in

63 2622 65 2627 ,
127 2562 242 2623 diximus
255 2563 381 2633 viderat,
391 2562 438 2621 sui
449 2561 566 2620 abbatis
577 2561 699 2637 imperio
714 2559 841 2637 perrexit
855 2563 953 2620 Antis·
1006 2564 1095 2633 ponte
1107 2560 1227 2616 corruit.
1240 2559 1293 2627 Oui
1308 2561 1451 2619 citissime
1466 2580 1498 2621 se
1512 2562 1841 2637 erigens,muniensque

131 2650 264 2712 datorum
273 2651 371 2728 gratie
379 2650 544 2708 medicandi
554 2649 718 2724 aliquorum
728 2651 759 2707 in
771 2652 951 2727 monasterio
1007 2664 1039 2705 se
1054 2647 1138 2721 signo
1154 2648 1260 2717 crucis,
1274 2648 1392 2722 cognita
1406 2650 1529 2727 maligni
1545 2648 1656 2708 diaboli
1670 2650 1783 2719 fraude,
1797 2668 1840 2709 rc·

133 2740 387 2801 baddanfessoris
398 2738 506 2797 Christi
517 2737 653 2797 Germani
665 2738 954 2799 infirmantiumfra-
1006 2752 1127 2811 gressus
1150 2737 1271 2794 domum
1296 2737 1410 2795 cautior
1430 2745 1475 2797 cst
1498 2740 1650 2808 redditus;
1667 2736 1840 2814 paulopost

135 2828 285 2891 bombat
299 2829 381 2890 enim
398 2827 550 2886 medicinae
565 2826 636 2886 artis
652 2827 760 2886 studiis
775 2828 953 2906 instructus
1007 2840 1113 2896 nempe
1128 2826 1234 2900 etipse
1250 2825 1280 2880 in
1293 2842 1364 2900 pace
1379 2827 1461 2884 obiit.

137 2918 303 2986 tutreniens
318 2917 392 2979 illuc
404 2919 491 2993 caepit
503 2934 690 2976 commonere
701 2916 768 2975 illos
782 2917 887 2977 fratres
899 2937 954 2992 pro
1337 2910 1454 2973 CAPUT
1473 2916 1506 2974 Χ.

63 3032 66 3059 ι
140 3022 244 3080 qoomm
254 3007 660 3081 esusaadvenerat,utquam
672 3005 834 3081 citiusque
844 3023 954 3080 prosa·
1233 3007 1274 3060 Do
1289 3003 1459 3065 inundantia
1474 3006 1609 3079 tapidum.

138 3093 183 3157 luta
193 3098 310 3161 illorum
327 3099 441 3174 agenda
456 3099 541 3154 erant
551 3112 682 3153 exercere
692 3096 955 3170 curarent.Cogno-
1044 3091 1098 3148 Per
1112 3090 1190 3147 idern
1205 3095 1322 3166 tempus
1338 3091 1461 3168 contigit
1475 3094 1505 3152 in
1516 3093 1688 3171 burgundie
1700 3096 1779 3171 apud
1793 3114 1839 3155 oa·

63 3194 66 3201 '
139 3193 198 3246 ane
209 3188 289 3247 enim
306 3187 418 3245 exitum
434 3202 524 3243 suum
538 3184 704 3258 proximum
721 3184 792 3241 fore.
808 3182 861 3240 Cui
878 3186 950 3244 dum
967 3170 991 3238 C
1008 3180 1310 3239 strumtnunniacum
1320 3179 1403 3240 valde
1414 3184 1522 3243 mirum
1532 3188 1560 3243 et
1569 3184 1759 3242 memorabile
1768 3203 1840 3261 prve-

139 3278 370 3350 muraena«
382 3273 479 3346 Quieti
489 3272 679 3348 indulgejem
691 3273 839 3346 bodiepro
850 3272 953 3350 fatiga·
1008 3268 1837 3344 sagiumindomocujusdamnobilie,nominebrlsbeudi.

138 3359 196 3425 lione
207 3366 335 3436 itineris,
351 3368 385 3423 ut
399 3362 463 3423 dies
479 3362 607 3420 crastina
621 3367 650 3420 te
664 3362 854 3421 valentiorem
870 3362 953 3423 inve·
1008 3358 1082 3415 Nam
1097 3374 1149 3431 por
1173 3358 1332 3417 triennium
1356 3360 1415 3418 fere
1437 3363 1574 3421 continue
1595 3379 1648 3439 per
1669 3363 1839 3427 universam

138 3447 258 3515 nimam
268 3456 334 3532 ipse
345 3444 405 3513 niti
414 3477 428 3504 a
441 3452 471 3511 Si
483 3451 728 3525 hodie,qnantum
740 3455 885 3526 superest,
893 3470 953 3511 non
1008 3447 1089 3504 illius
1104 3447 1225 3504 domum
1240 3448 1429 3508 indicibiliter
1444 3451 1487 3509 vel
1503 3452 1539 3511 ab
1555 3469 1631 3523 aere,
1646 3450 1707 3511 sive
1721 3469 1739 3515 a
1753 3453 1840 3511 tabu-

138 3540 276 3617 ueterem,
285 3547 376 3620 prout
386 3540 543 3614 valeo,jam
555 3538 602 3599 die
613 3542 742 3599 crastina
753 3540 894 3599 noveritis
905 3559 953 3601 me
1008 3536 1081 3605 latu,
1097 3535 1273 3596 distillavere
1289 3540 1388 3614 magni
1412 3543 1501 3616 atque
1515 3542 1596 3619 parvi
1612 3540 1735 3618 lapides,
1750 3542 1792 3606 ita
1808 3549 1841 3609 ut

139 3632 221 3693 fibis
243 3632 319 3692 nibil
343 3637 491 3691 acturum.
507 3653 522 3681 »
539 3631 593 3700 Qui
617 3629 719 3689 ludere
748 3630 832 3688 illum
852 3630 953 3689 existi·
1006 3625 1572 3707 acervoscircadomumexipsisejectis
1583 3629 1733 3705 lapidibus
1743 3649 1837 3706 usque

136 3726 280 3796 bantesut
290 3726 354 3781 erat
365 3738 482 3795 semper
491 3718 580 3778 alacri
597 3726 695 3778 mente
711 3719 856 3795 placidus,
872 3721 952 3794 quod
1007 3734 1086 3775 nunc
1101 3717 1130 3776 iu
1146 3722 1286 3793 promptu
1301 3718 1340 3777 sit
1353 3718 1461 3777 videre.
1478 3721 1534 3778 Sed
1549 3737 1607 3779 cun
1627 3719 1673 3779 die
1688 3725 1837 3795 noctuque

63 3852 65 3857 -
135 3818 272 3872 monuerat
286 3812 461 3870 omiserunt.
474 3809 635 3867 Dicentem
650 3809 742 3868 altera
753 3809 951 3880 illucescente,
1007 3825 1058 3881 per
1073 3807 1195 3865 domum
1211 3807 1319 3881 ubique
1333 3808 1648 3884 pluerent,.nemincm¹
1666 3813 1765 3869 tamen
1782 3828 1837 3869 suo

63 3898 68 4057 l

135 3908 282 3967 immutes
304 3902 365 3960 acri
389 3900 489 3957 dolore
513 3898 647 3967 accessit,
663 3903 752 3973 prout
776 3901 899 3973 poterat,
916 3902 952 3957 ad
1007 3897 1066 3955 ictu
1082 3897 1236 3966 findebant,
1253 3898 1304 3953 sed
1316 3914 1410 3971 neque
1424 3916 1477 3957 vas
1490 3899 1610 3972 aliquod
1626 3897 1837 3974 infringebant.

134 3984 312 4051 &abactae
323 3990 421 4048 Mariae
432 4005 549 4063 semper
561 3987 781 4062 virginis‚saora
792 3986 952 4045 missarum
1007 3985 1091 4045 Multi
1105 3987 1184 4043 onim
1199 3985 1239 4042 ibi
1255 3985 1375 4056 limites,
1388 4003 1464 4061 quos
1479 3987 1529 4045 elii
1544 3989 1648 4046 bonnae
1672 3988 1837 4062 nominant,

63 4060 84 4153 l·
132 4078 333 4140 celebraturus.
349 4079 462 4145 Quibus
477 4077 612 4153 peractis,
640 4077 760 4135 recessit
778 4077 814 4134 ud
830 4077 953 4136 domum
1008 4093 1130 4134 suorum
1146 4091 1338 4150 recognovere
1353 4091 1502 4149 agrorum.
1520 4076 1615 4133 Simul
1630 4077 1719 4135 etium
1734 4078 1769 4134 de
1784 4078 1839 4137 viis

63 4166 65 4171 ’
131 4161 307 4229 intirmorum
318 4170 453 4237 fratrum,
460 4165 953 4241 jamquenimiumdolenteeartus
1007 4170 1036 4225 et
1051 4164 1188 4225 domibus
1203 4180 1236 4221 ec
1259 4163 1382 4221 diversis
1405 4165 1548 4238 edificiis,
1561 4170 1590 4222 ct
1604 4181 1694 4240 prope
1711 4169 1739 4224 et
1752 4166 1838 4241 longe

129 4259 285 4336 tomposnit
295 4258 382 4317 lecto.
393 4256 457 4326 Cui,
467 4261 499 4312 ut
511 4254 619 4312 talibus
631 4256 692 4312 fieri
704 4255 788 4324 solet,
804 4262 954 4330 coeperunt
1007 4251 1184 4319 constitutis,
1200 4250 1270 4308 illuc
1295 4252 1382 4309 delati
1404 4254 1511 4328 reperti
1533 4253 1739 4328 suntlapides.
1756 4255 1838 4321 Ouod

126 4348 263 4425 palpebra
274 4364 415 4407 somnum
427 4361 557 4420 quarere
569 4343 645 4401 inter
655 4344 953 4419 angustiasilepente
1004 4343 1096 4401 etiam
1108 4342 1212 4398 future
1227 4341 1319 4414 pestis
1336 4340 1416 4399 illius
1431 4343 1537 4399 domus
1552 4341 1670 4400 familia
1685 4344 1777 4401 fuisse
1792 4344 1837 4401 in-

125 4451 183 4497 vero
198 4439 295 4498 astitit
310 4438 337 4495 ei
352 4436 434 4510 virgo
456 4434 782 4510 splendida‚corusoans
807 4433 953 4492 immenso
1007 4433 1118 4490 dicium
1127 4430 1166 4486 rei
1176 4430 1526 4504 probaviteventus.Nam
1535 4431 1686 4490 exstiterat
1695 4434 1738 4491 vir
1749 4451 1839 4508 supra

122 4525 241 4604 nigore,
259 4526 506 4601 interrogansque
521 4522 606 4579 illum
622 4540 712 4597 quam
728 4521 836 4580 mentis
850 4522 952 4580 dubie·
968 4544 992 4610 D
1006 4522 1103 4578 dictus
1124 4536 1192 4576 cum
1208 4535 1297 4576 uxore
1311 4536 1368 4577 sua
1382 4520 1417 4578 de
1432 4521 1584 4596 generosis
1608 4521 1769 4580 admodum
1785 4540 1837 4597 pa·

122 4618 207 4677 boem
222 4616 358 4674 baberet.
376 4615 469 4680 Quam
485 4630 553 4670 cum
570 4612 633 4686 ipse
646 4612 771 4669 intuitus
787 4611 954 4680 fuisset,ad·
1006 4611 1150 4671 rentibus.
1157 4606 1271 4667 Idcirco
1286 4608 1469 4669 increverant
1478 4611 1544 4685 ejus
1559 4608 1628 4669 tiliis
1638 4628 1671 4668 ao
1682 4611 1837 4685 nepotibus

116 4703 184 4778 lenit
195 4725 203 4765 :
215 4730 232 4758 a
259 4705 290 4763 si
311 4705 348 4762 de
366 4703 471 4761 itinere
487 4702 666 4770 metuis,non
684 4717 802 4759 neeesse
816 4706 861 4759 cst
875 4702 954 4758 enim
1007 4704 1197 4773 paternorum
1207 4698 1365 4757 fundorum
1376 4716 1444 4760 cum
1454 4699 1652 4773 circumiectis
1664 4701 1769 4759 vicinis
1779 4716 1837 4758 nou

118 4798 147 4853 nt
165 4810 289 4871 pareas,
306 4766 517 4868 quonianfcgo
532 4789 586 4847 tibi
597 4794 702 4848 eustos
715 4790 864 4848 emtitero.
881 4812 896 4844 a
912 4792 954 4848 lix
1007 4805 1097 4864 parva
1111 4787 1216 4863 litigia.
1239 4787 1369 4862 Contigit
1387 4806 1466 4864 ergo,
1483 4805 1542 4846 non
1558 4787 1645 4861 longo
1660 4793 1728 4862 post
1743 4790 1838 4862 spatio

116 4884 304 4958 quavisione
320 4881 452 4940 securior
466 4881 643 4950 effectus,ad
655 4879 793 4938 seveuire
809 4881 954 4939 mandans
1005 4876 1161 4954 temporis,
1176 4881 1211 4939 ut
1224 4875 1323 4941 villam
1338 4879 1499 4954 quamdam
1512 4875 1629 4935 Allante
1653 4877 1838 4953 cognomine,

115 4969 168 5032 lori
183 4971 382 5048 praepositum
397 4969 516 5028 nomine
532 4966 953 5036 bobardum,ernditissimum
1007 4968 1095 5026 sitam
1111 4967 1233 5043 inpage
1252 4964 1406 5039 Senoniae,
1430 4983 1495 5043 que
1519 4964 1609 5027 etium
1633 4983 1668 5023 ex
1689 4971 1837 5026 raetorum

115 5060 199 5119 vulda
211 5059 324 5128 virum,
340 5058 391 5133 qui
408 5062 512 5132 postca
527 5057 660 5129 ejusdem
675 5054 845 5113 monasterii
861 5056 953 5114 abbas
1007 5057 1177 5114 monasterii
1191 5061 1299 5117 sancte
1314 5056 1463 5117 Columba
1474 5054 1598 5131 virginis
1611 5054 1765 5130 largitione
1775 5056 1837 5130 juri

115 5147 374 5219 exstitit,narrsvit
388 5148 416 5205 ei
432 5163 492 5204 non
509 5146 605 5203 solum
616 5146 855 5220 praesentemsed
865 5146 953 5204 etiem
1006 5145 1123 5204 illorum
1133 5148 1380 5219 pervenerat3sed
1391 5145 1499 5204 milites
1510 5145 1838 5205 Autissiodorioomma·

116 5238 299 5315 paterium
313 5236 458 5295 visionem
467 5252 509 5293 -ex
521 5234 634 5292 ordine.
645 5233 699 5303 oui
713 5233 786 5293 dixit
800 5234 836 5293 ei.
849 5257 863 5287 α
880 5235 954 5294 Gon·
1005 5240 1110 5294 nentes
1125 5236 1220 5308 ipsam
1235 5235 1277 5292 eis
1293 5235 1458 5315 diripiendo
1467 5233 1660 5306 abstulerant,
1668 5236 1726 5310 ipsi
1738 5242 1837 5295 tamen

117 5326 239 5395 meum,
253 5327 355 5397 frater,
371 5324 403 5383 in
416 5323 555 5383 Domino.
570 5323 627 5381 Sed
643 5323 786 5397 quoniam
802 5340 836 5381 ea
856 5323 955 5386 vidisti
1007 5328 1068 5383 toto
1079 5324 1145 5383 uisu
1155 5322 1237 5383 illam
1249 5324 1305 5381 sibi
1316 5323 1510 5400 redintegrari
1524 5328 1672 5400 pararent.
1683 5325 1755 5385 Cum
1770 5342 1838 5383 vero

121 5412 184 5489 qno
197 5414 406 5473 mobummo
417 5409 493 5473 visui
510 5411 722 5481 conceduntur,
733 5427 852 5471 necesse
862 5410 954 5473 babes
1002 5415 1067 5488 jem
1083 5412 1182 5488 plures
1205 5414 1241 5471 dc
1262 5411 1318 5471 huo
1342 5413 1515 5474 altercatum
1540 5430 1634 5473 annos
1648 5413 1762 5485 fuisset,
1779 5430 1837 5475 uno

124 5504 285 5578 persolvere
309 5503 449 5562 universae
474 5502 572 5560 caruis
596 5501 739 5576 debitum,
757 5501 833 5558 utin
851 5518 951 5561 eorum
1007 5504 1221 5561 vindemiarum
1231 5502 1276 5558 die
1285 5501 1396 5561 bellum
1406 5503 1685 5565 inieruntineadem
1696 5504 1765 5563 villa
1773 5519 1838 5576 par

131 5606 200 5683 qnos
212 5591 424 5672 vidisti,possis
439 5591 597 5651 admisceri
613 5591 803 5652 consortium.
819 5613 834 5645 a
847 5590 954 5654 Gauro
1006 5596 1051 5653 tes
1065 5596 1213 5669 utrequ03
1229 5591 1259 5650 in
1276 5607 1335 5669 quo
1349 5593 1438 5654 etiem
1453 5593 1530 5655 bello
1545 5593 1631 5655 multi
1645 5609 1681 5654 ex
1695 5591 1838 5652 ambabus
