3884 6084
60 285 124 346 tue

674 276 883 340 uxrustrto
904 272 1165 337 PSALMORUM.

1714 271 1774 339 trs

59 416 201 474 iictualin
215 430 365 488 reponere,
381 414 492 470 laniunt
514 413 592 469 undo
617 410 749 466 boniinea
776 409 890 482 possint
904 407 1062 479 Ajarruns,
1074 408 1155 463 intus
1166 406 1229 477 jum
1245 406 1344 477 positi,
1356 404 1497 463 veraciter
1516 405 1638 461 Domino
1653 405 1776 467 confite-

59 523 115 563 sua
132 504 277 562 desideria
291 503 399 559 satiare
415 521 422 558 ε
438 503 479 557 ita
493 500 585 558 ludaei
604 499 712 556 amaris
728 496 892 566 conatibus,

58 596 195 652 lecerunt
210 609 272 650 rem
287 596 393 649 cuncto
408 591 472 648 orbi
487 590 703 646 dulcissimam.

57 686 96 742 {3
134 685 274 758 impulsus
287 699 397 740 eversus
411 699 472 739 sum
487 690 517 738 at
531 680 654 738 caderem
670 697 680 734 .·

133 776 168 830 st
181 775 314 830 Dominus
327 773 447 844 suscepit
461 788 514 826 me.

95 863 281 937 Clmpulsus
297 862 374 919 enim
391 861 440 917 ilio
455 859 601 926 tuditani
619 855 732 915 Domini
753 854 893 911 tortitudo

62 943 259 1001 subtrahitur.
273 942 329 998 Sed
345 958 452 1013 corpus
473 939 603 996 fidelium
619 936 781 1010 impulsum
799 937 832 990 ut
846 950 893 989 cn-

63 1026 156 1093 dcrut,
169 1040 228 1080 non
245 1021 359 1090 cecidit,
374 1036 427 1076 neo
446 1019 534 1087 cadit,
551 1018 623 1091 quin
641 1018 758 1073 dextera
777 1011 894 1069 Domini

64 1119 191 1172 tenetur.
206 1111 281 1169 Dicit
293 1128 324 1168 se
334 1127 403 1183 ergo
416 1126 473 1165 non
486 1107 637 1175 cecidisse,
649 1105 737 1161 etiam
748 1118 892 1166 eversum,

68 1205 137 1278 quia
151 1201 336 1275 susceptione
358 1197 473 1255 Domini
499 1198 632 1252 firmatus
653 1193 790 1251 antideo
814 1191 892 1246 enim

69 1292 168 1349 iidoles
194 1287 347 1347 tormentis
371 1287 470 1344 traditi
495 1291 574 1354 sunt,
588 1289 617 1340 ot
641 1282 732 1341 eversi
758 1297 775 1337 a
797 1279 894 1353 quiete

74 1379 277 1456 temporalint
296 1375 432 1435 caderent
456 1393 472 1432 a
492 1375 558 1441 tide,
570 1374 621 1430 sed
636 1371 779 1428 Dominus
794 1384 893 1426 susce·

79 1471 115 1542 pit
128 1487 186 1539 eos,
205 1485 240 1525 ne
254 1485 270 1522 a
285 1466 340 1521 fide
355 1465 501 1521 caderent.

83 1561 110 1616 tl
141 1557 278 1615 fortitudo
292 1571 354 1612 eirea
368 1559 394 1611 et
409 1555 469 1610 laun
485 1569 542 1609 mea
558 1554 688 1608 Dominus
703 1569 712 1605 .·

140 1651 171 1706 Et
184 1650 274 1720 sactus
288 1653 328 1702 est
342 1644 413 1699 mili
427 1644 458 1699 iu
472 1643 600 1699 salutem.

112 1737 200 1795 Giton
220 1737 314 1810 potest
328 1730 476 1807 impulsus
490 1731 603 1798 cadere,
615 1730 659 1785 cui
683 1726 824 1784 auxilium
838 1725 895 1781 Do-

88 1916 219 1981 lortiludo,
230 1918 259 1970 et
270 1911 409 1977 laudatio,
422 1914 511 1982 atque
521 1913 628 1965 eterna
639 1909 790 1964 beatorum
802 1905 892 1962 salus.

92 2008 121 2061 ii
149 2007 200 2062 t'aa
213 2001 405 2059 exsultationis
415 2008 441 2056 et
454 1999 551 2055 salutis
567 2014 574 2054 ε

148 2097 173 2151 ln
189 2091 373 2150 intemerate
384 2089 531 2164 justarum.

123 2184 254 2240 Cilborus
268 2180 318 2239 ilie
333 2177 464 2236 fidolium
478 2176 562 2233 lautus
577 2175 704 2231 exsultat
720 2174 749 2230 in
762 2174 896 2229 taberna·

75 2273 153 2330 culis
159 2275 318 2346 justorum,
330 2270 358 2325 id
376 2272 421 2325 cst
435 2268 465 2325 iu
481 2266 604 2322 humani
620 2265 745 2337 pectoris
767 2262 895 2328 secretis,

65 2379 190 2437 semper
202 2360 295 2418 sancti
319 2358 377 2414 laeti
398 2361 478 2424 sunl,
495 2354 630 2428 quamvis
653 2353 814 2410 lorinsecus
828 2352 898 2409 atili·

58 2451 242 2523 gannathi
258 2465 327 2523 ergo
342 2445 538 2511 exsultabant,
553 2445 670 2518 quando
683 2461 783 2499 eorum
803 2458 898 2516 persc-

42 2524 86 2594 't-
96 2544 188 2599 ubres
202 2539 345 2615 putabant
354 2553 403 2593 ens
415 2552 537 2592 moerorc
553 2533 657 2591 confini
670 2539 698 2589 et
711 2531 899 2588 tribulatione

49 2630 218 2687 consumi.
230 2630 264 2685 ut
280 2635 313 2685 ut
328 2642 501 2702 agnosceres
520 2624 596 2681 unde
611 2623 653 2680 cis
670 2622 741 2677 illud
758 2621 899 2695 gaudium

47 2714 77 2769 Ι
85 2718 178 2788 nuit,
189 2717 289 2776 subdit
300 2734 307 2773 ι
319 2718 447 2786 dextera,
461 2719 517 2770 ete.

58 2804 94 2857 1
106 2807 132 2860 ⁴3
155 2811 266 2867 Dextera
278 2807 389 2864 Domini
402 2803 470 2879 serit
485 2804 611 2861 uirtutem
627 2820 633 2858 ε

155 2903 266 2957 Dextera
280 2896 390 2953 Domini
404 2894 540 2950 araltauit
553 2909 597 2948 nne
614 2909 620 2947 :

162 2981 204 3063 ὑᾉ
226 2990 345 3045 Dentera
361 2984 471 3041 Domini
485 2984 550 3054 tecit
566 2983 692 3038 uirtutem
714 2987 721 3046 ζ

132 3073 266 3135 Cttextera
276 3072 401 3142 Domini,
412 3072 441 3128 id
452 3076 497 3128 est
506 3069 649 3136 Christus,
661 3086 810 3142 perquem
821 3070 905 3125 Pater

948 512 1024 551 mur.
1041 495 1098 551 HC
1113 495 1178 550 Haeo
1194 498 1278 567 porto
1291 493 1425 563 Christus
1440 498 1494 564 cst,
1511 510 1562 567 por
1576 510 1670 566 quern
1683 493 1776 559 intro·

948 584 1009 640 itur
1023 584 1058 639 ad
1073 583 1197 652 Patrem,
1210 588 1243 639 ut
1258 583 1321 656 ipse
1333 583 1375 640 ait
1392 602 1398 639 ι
1416 584 1507 643 Nemo
1518 581 1775 651 renitarillettem

948 673 1005 730 nisi
1028 689 1079 746 per
1100 672 1362 744 instrunmento
1377 671 1478 728 Portas
1503 670 1602 744 itaque
1627 669 1776 745 aposlolus

948 761 1022 818 dixit
1037 766 1066 818 et
1081 761 1248 834 prophetas,
1261 761 1312 827 sed
1323 760 1392 834 quia
1405 760 1468 819 ista
1479 760 1617 834 aperiunt
1629 746 1723 834 peret
1737 760 1774 826 nd

947 850 1107 916 Christum,
1124 867 1213 905 unam
1238 853 1352 923 portam
1368 849 1480 918 subdit,
1497 865 1549 922 per
1567 866 1656 924 quam
1671 864 1775 913 omnes

948 938 1051 1012 (etqui
1075 943 1166 1012 porta
1190 937 1260 995 dicti
1276 939 1356 1011 sunt)
1370 936 1555 1009 introierunt.
1572 937 1669 995 HSed-
1687 951 1774 1001 nemo

947 1029 978 1085 in
993 1045 1057 1085 eam
1072 1027 1235 1100 ingreditur
1250 1027 1306 1083 nisi
1318 1028 1429 1099 justus.

947 1137 983 1191 20
1020 1135 1171 1207 confinior
1186 1135 1238 1191 lidi
1252 1136 1383 1207 quantun
1397 1134 1537 1192 mamati
1549 1150 1614 1192 nne:

1020 1229 1052 1282 El
1066 1226 1156 1296 factus
1170 1241 1197 1280 es
1211 1225 1282 1279 milri
1299 1226 1329 1279 in
1343 1224 1472 1281 salutern.

983 1314 1077 1370 CVon
1096 1314 1213 1371 inlaesi
1238 1313 1364 1370 tutantis
1385 1312 1531 1387 pepulit]
1547 1312 1637 1385 cujus
1655 1310 1776 1368 vulnera

948 1404 1059 1476 peccati
1075 1402 1209 1458 Christus
1232 1403 1356 1475 sanarit,
1368 1405 1396 1459 et
1415 1404 1509 1459 lacius
1530 1400 1638 1458 dicitur
1651 1401 1681 1469 iu
1696 1400 1775 1457 salu-

948 1498 1023 1561 tem;
1040 1491 1086 1549 vel
1100 1492 1209 1564 quibus
1222 1496 1322 1548 contra
1343 1491 1479 1564 iniquum
1492 1491 1608 1548 hostem
1622 1491 1719 1547 Datus
1732 1493 1777 1545 est

948 1581 978 1637 in
994 1580 1130 1653 salutem,
1142 1580 1260 1653 qnando
1277 1580 1454 1653 Redemptor
1468 1581 1601 1654 gentium
1616 1577 1710 1637 oculis
1720 1579 1776 1635 bn·

949 1671 1045 1727 manis
1059 1670 1204 1743 apparuit.

92 1828 145 1883 nini
158 1826 273 1882 videtur
289 1821 489 1879 fortitudipem
504 1824 655 1895 praestarem
672 1819 735 1891 ipse
758 1816 837 1872 enim
850 1820 895 1871 est
910 1785 933 1867 Β
948 1780 980 1834 2¹
1022 1777 1149 1850 “pidem
1164 1793 1242 1850 quem
1255 1777 1469 1850 '‘p'‘’bm'm‘m
1480 1777 1650 1853 πέμπω*
1664 1796 1675 1832 ·’

1027 1869 1114 1933 ÷llic
1134 1872 1142 1933 ζ
1163 1868 1251 1939 factus
1266 1875 1306 1922 est
1321 1868 1349 1922 in
1365 1875 1447 1939 caput
1461 1866 1568 1944 cupuli.

984 1959 1005 2014 C
1018 1958 1083 2013 ideo
1094 1955 1227 2013 Christus
1240 1955 1346 2013 dicitur
1357 1944 1447 2029 lapsis
1457 1956 1616 2033 angularis,
1624 1954 1777 2031 quialdunos

950 2048 985 2103 ad
999 2064 1030 2103 se
1045 2045 1178 2119 populos,
1194 2063 1209 2102 e
1225 2046 1340 2102 divorso
1356 2046 1514 2124 t'enicntes,
1525 2045 1556 2103 in
1572 2030 1661 2125 unuin
1677 2040 1777 2119 solidi·

950 2136 1020 2193 tntis
1034 2136 1159 2209 gratiam
1183 2133 1340 2208 colligarit,
1359 2151 1447 2207 quem
1468 2133 1563 2191 iudei
1582 2125 1779 2207 reprobabant

950 2225 1112 2299 (Ephesii).
1130 2223 1262 2299 angulus
1280 2223 1358 2279 eninr
1372 2224 1469 2280 dictus
1490 2225 1536 2281 cel
1556 2239 1591 2280 en
1603 2219 1701 2279 Gracco
1717 2239 1778 2296 scr·

952 2331 1049 2385 mone,
1065 2312 1093 2368 id
1110 2317 1154 2368 ost
1169 2330 1186 2368 a
1200 2315 1274 2385 poni,
1292 2313 1370 2386 quod
1390 2311 1489 2381 Latine
1504 2311 1612 2370 dieitur
1624 2328 1707 2387 penu,
1724 2311 1779 2368 hoc

952 2402 1030 2459 enim
1047 2402 1185 2457 inflexum
1209 2402 1334 2473 speciem
1349 2400 1449 2477 anguli
1473 2401 1615 2459 consorini
1640 2399 1782 2481 qualitate

953 2491 1092 2549 restituit.
1109 2490 1203 2547 Judaei
1225 2490 1409 2558 suificalant,
1425 2491 1448 2547 tt
1465 2491 1493 2547 id
1508 2495 1553 2548 est
1567 2491 1694 2569 litteram
1709 2488 1782 2573 legis

954 2582 1144 2655 erigebantc
1155 2579 1204 2636 Vei
1215 2580 1400 2650 edificabant,
1412 2581 1483 2638 dum
1496 2579 1567 2653 alirn
1577 2579 1632 2639 soii
1644 2580 1783 2655 interum

955 2671 1047 2727 Deum
1069 2669 1234 2726 credebant.

955 2780 991 2834 22
1026 2779 1045 2832 Α
1067 2777 1180 2832 dorni-rra
1194 2779 1298 2849 suctum
1312 2783 1351 2833 cst
1372 2768 1415 2847 ·')(·
1427 2775 1500 2833 istud
1519 2779 1556 2849 ξε

1026 2867 1059 2926 Et
1073 2873 1100 2931 ÷
1119 2873 1157 2921 ert
1178 2871 1185 2930 2
1206 2866 1335 2923 mirabile
1349 2868 1380 2921 in
1394 2866 1480 2923 ocutis
1493 2868 1607 2937 nastris.

993 2954 1097 3010 CCnm
1115 2953 1193 3010 enirn
1206 2958 1351 3009 memorat
1376 2953 1454 3011 istud
1479 2971 1497 3013 a
1519 2953 1642 3019 Domino
1665 2954 1789 3023 lactum,

958 3048 1063 3100 natura
1088 3042 1284 3098 humanitatis
1310 3043 1485 3101 ostenditur.
1501 3043 1524 3101 H
1538 3043 1560 3103 C
1574 3042 1716 3115 timebitis
1745 3050 1792 3103 est

55 3169 99 3207 ’δ’
109 3157 217 3222 irinum
240 3166 377 3236 operatus
400 3165 454 3230 est,
470 3159 500 3215 iu
530 3158 703 3216 exaltatione
725 3156 942 3243 sanctoruni}
961 3135 1016 3190 5⁸¹⁰
1029 3131 1247 3232 ῙῑξΡῑθῗῃιθῦΰῙῑθ
1259 3131 1462 3231 fidelifflnr‘lffl
1473 3149 1531 3232 ¹1⁰9
1542 3131 1638 3201 ³⁰¹1l11¹
1651 3147 1792 3207 811ωοοΓ

64 3241 195 3311 Exulat
206 3254 287 3312 enirn
302 3251 437 3308 Christus
453 3248 711 3321 sanotoS,‹1uando
727 3246 849 3304 terrenis
861 3247 911 3303 ho
963 3220 1101 3295 P⁰s³l¹¹⁰f
1128 3221 1236 3288 ‘fldem’
1262 3237 1363 3276 verum
1393 3225 1481 3277 emm
1508 3219 1667 3293 mulssim
1693 3226 1792 3300 meli?

64 3338 212 3400 minium
226 3341 366 3401 coeiorunr
380 3356 470 3414 regna
485 3338 629 3406 concedit,
645 3343 674 3393 et
688 3336 730 3393 ila
743 3336 772 3391 in
786 3336 910 3392 terrenis
962 3309 1312 3410 ⁰⁰¹}5PiciumjViderunt
1324 3309 1467 3380 attonat,
1479 3310 1530 3368 ⁸⁰d
1544 3326 1602 3371 ¹²⁰⁰
1612 3310 1790 3388 mimmii»

69 3414 253 3490 hominihus
263 3427 564 3505 lecitvirtntem.Quid
574 3427 652 3483 enim
665 3426 909 3501 potentiusquarn
963 3417 1033 3474 ‘lma
1042 3398 1135 3455 ⁸⁰¹⁰¹¹¹
1148 3398 1339 3454 minimum?
1351 3415 1480 3468 carnem»
1490 3416 1549 3457 ⁸⁰1²
1561 3400 1701 3471 (1⁰in
1710 3401 1792 3457 intus

77 3520 220 3579 minues
235 3520 357 3577 induere
378 3516 639 3586 immortalitatem,
651 3522 679 3571 ct
691 3516 726 3571 de
748 3515 831 3572 hoste
853 3515 910 3572 ior·

81 3600 201 3667 *namo
215 3609 341 3667 infirmis
353 3608 422 3664 dare
436 3606 613 3662 victoriam?

89 3685 126 3744 ¹7
158 3702 215 3758 don
229 3701 345 3767 moriar,
360 3697 407 3754 ned
420 3698 511 3752 vinnm
527 3713 535 3752 t

158 3792 189 3846 tr
203 3789 323 3846 narrabo
337 3803 419 3861 opera
433 3786 551 3841 Damini.

963 3488 1193 3562 conspiciebant,
1206 3490 1325 3561 propter
1348 3489 1425 3563 qnod
1442 3493 1471 3545 et
1484 3487 1534 3559 ait,
1551 3488 1670 3560 nostris,
1682 3488 1792 3568 spiiicet

966 3577 1099 3635 fidelium
1113 3576 1216 3634 oculis.

963 3687 999 3743 23
1034 3686 1099 3745 Haec
1115 3689 1155 3742 ert
1168 3685 1226 3742 dier
1240 3700 1324 3757 qaam
1337 3685 1401 3758 (ecit
1417 3686 1548 3745 Dominus
1561 3706 1573 3743 .·

1035 3775 1212 3832 desaltentur
1226 3782 1251 3830 et
1263 3774 1391 3832 latemur
1405 3776 1434 3830 in
1449 3792 1491 3833 ea.

128 3872 216 3936 CNon
231 3878 351 3945 moriar,
362 3893 415 3932 vox
436 3874 567 3931 ssdelium
583 3879 684 3930 contra
699 3876 910 3946 persecutores,
1000 3865 1109 3921 CNnm
1125 3862 1194 3920 tieot
1218 3867 1293 3921 Dens
1317 3869 1438 3921 cunctos
1454 3865 1680 3935 diescresrerit,
1696 3867 1797 3942 singu.
1877 3868 1883 3876 ’

97 3949 179 4025 idest
188 3986 243 4026 non
255 3967 374 4036 moriar,
387 3969 460 4023 uttn
472 3968 570 4041 putas,
582 3964 631 4019 sed
644 3964 739 4019 viram
753 3961 811 4018 vita
823 3978 911 4035 quarn
966 3955 1067 4011 inriter
1082 3959 1179 4008 tauron
1195 3951 1274 4007 dicrn
1289 3951 1393 4009 secisse
1407 3952 1525 4021 dicitur,
1537 3955 1587 4027 qui
1602 3955 1711 4013 Christi
1725 3958 1798 4015 nati·

105 4055 195 4127 lescis,
209 4058 245 4114 ad
265 4071 354 4130 quam
380 4059 476 4111 monle
498 4053 664 4125 praetumidi
688 4051 838 4126 pervenire
854 4067 912 4108 non
966 4044 1055 4099 ritate
1071 4045 1204 4096 sacratus
1219 4043 1274 4111 est,
1288 4041 1318 4096 in
1335 4057 1393 4114 quo
1410 4041 1513 4098 merito
1531 4042 1677 4100 exsultare
1692 4061 1797 4101 conve-

9 4118 30 4205 ⁸.
106 4146 221 4203 mant.
234 4144 364 4203 Narrabo
383 4159 483 4219 opera,
494 4141 564 4217 quia
581 4141 736 4199 tolerantia
750 4145 913 4215 martyrum
967 4136 1011 4190 nit
1023 4135 1052 4189 et
1067 4130 1168 4199 letari,
1182 4128 1323 4201 quoniam
1344 4129 1374 4184 in
1391 4145 1425 4186 eo
1439 4129 1573 4191 diabolus
1584 4131 1635 4204 jus
1656 4133 1795 4206 perdidit,

8 4198 42 4254 a
110 4236 151 4292 ter
161 4237 244 4293 totam
258 4231 419 4292 Ecclesiam
436 4231 553 4305 vulgata
566 4236 621 4287 est.
967 4227 996 4281 et
1009 4219 1135 4278 salutem
1151 4219 1282 4275 muudus
1295 4219 1417 4291 accepit.

8 4280 57 4426 aa
114 4308 139 4365 ¹⁸
171 4321 306 4396 tatianus
321 4322 523 4393 cartiacvilmc
536 4322 691 4377 Donamus:
968 4330 1004 4384 24
1042 4327 1202 4392 DDornine,
1218 4324 1326 4383 saluum
1340 4341 1383 4382 me
1395 4327 1480 4399 saca
1499 4328 1623 4401 Domine,
1639 4327 1705 4387 lure
1717 4345 1797 4411 pras·

170 4413 196 4468 lt
207 4414 286 4470 marti
299 4428 354 4467 non
370 4410 486 4466 tradidit
500 4426 552 4467 are.
1075 4430 1173 4488 perure
1190 4430 1197 4470 :

144 4491 287 4576 desurgat
302 4517 356 4556 nos
369 4498 512 4558 Dominus
523 4499 558 4554 ud
569 4496 803 4555 emendationem
814 4497 916 4555 multis
935 4528 959 4618 p
1045 4505 1205 4562 Benedictus
1219 4504 1268 4576 qui
1278 4513 1409 4562 uenturus
1424 4523 1451 4563 er
1466 4508 1496 4562 iu
1511 4509 1623 4565 nomine
1637 4510 1757 4566 Domini.

124 4585 273 4657 illiedbus,
290 4592 323 4645 ut
348 4587 488 4662 probatos
510 4591 593 4642 eruat
616 4604 633 4643 a
656 4592 749 4643 morte
770 4590 919 4659 perpetua·
1011 4596 1034 4651 H
1049 4594 1071 4650 0
1084 4592 1216 4662 Domino,
1230 4592 1344 4651 salvum
1357 4611 1404 4652 me
1415 4595 1468 4663 lac,
1481 4595 1592 4654 seilicet
1601 4598 1637 4654 ad
1648 4603 1676 4653 te
1685 4598 1802 4654 venien·

126 4662 214 4769 eidus
230 4678 310 4737 enim
325 4694 384 4735 ¹1⁰⁰
409 4675 495 4734 m0lii
511 4676 647 4743 truditur»
660 4676 745 4747 quns
769 4675 817 4732 hic
840 4692 920 4732 0⁰¹⁰·
975 4683 1077 4741 teme
1094 4683 1129 4739 Ut
1144 4682 1191 4738 hic
1206 4682 1314 4755 eripior
1330 4683 1366 4739 de
1380 4690 1473 4754 morte
1492 4690 1687 4758 peccatorum,
1699 4689 1728 4741 et
1743 4684 1801 4741 illio

128 4768 189 4861 droa
201 4768 266 4826 vitia
288 4771 475 4843 punguntur:
488 4765 535 4822 ille
556 4767 663 4822 etenim
680 4782 711 4822 80
726 4765 773 4822 hid
789 4766 861 4822 bend
874 4782 922 4821 θα·
976 4773 1098 4830 collocer
1118 4773 1147 4826 in
1163 4773 1264 4844 requie
1288 4773 1476 4845 sempiterna.
1493 4773 1659 4847 Prosperari
1681 4777 1726 4829 eal
1748 4772 1803 4829 nli·

28 4874 32 4881 ·
131 4853 237 4928 titutum
252 4874 319 4915 osse
342 4858 564 4913 commemorat.
580 4855 621 4912 Nc
637 4871 705 4928 ergo
729 4855 785 4910 sihi
812 4854 923 4926 aliquid
977 4863 1055 4936 quod
1076 4877 1213 4934 asperum
1238 4861 1431 4932 tranquillum
1456 4862 1560 4929 lacem,
1583 4861 1697 4918 dolores
1723 4878 1803 4935 ergo,

7 4974 41 5013 ῃ
127 4951 318 5010 Dnoentorum
341 4944 479 5020 superbia
493 4943 662 5011 vindicaret,
679 4947 824 4999 tormenta
845 4943 925 5016 ipso·
978 4968 1053 5026 quos
1072 4950 1119 5006 hic
1134 4965 1233 5005 amore
1254 4948 1372 5005 Domini
1394 4951 1551 5018 sustinent,
1566 4951 1607 5007 ibi
1630 4949 1694 5007 aine
1714 4950 1804 5008 dubio

7 5046 41 5101 ἲ.
125 5044 169 5091 tutu
182 5035 400 5110 castigationem
416 5032 535 5093 Domini
550 5049 615 5089 esse
630 5034 792 5089 confirmat.
979 5042 1198 5115 prosperantur,
1213 5038 1330 5110 quando
1342 5038 1405 5108 jum
1419 5038 1454 5093 ad
1465 5038 1573 5112 gaudia
1586 5042 1696 5096 aeterna
1709 5050 1807 5114 perve-

7 5150 30 5187 ι
121 5120 143 5176 a
168 5128 273 5203 Aperite
292 5124 366 5181 milri
384 5126 481 5197 portas
499 5122 617 5194 justitie
633 5138 640 5178 :
657 5122 797 5191 inpressae
823 5123 852 5178 iu
876 5138 920 5179 eae
975 5130 1071 5189 niunt.
1087 5127 1173 5185 litum
1189 5131 1305 5183 constat
1320 5142 1384 5184 esse
1399 5127 1805 5199 benedictum,ideatDomi·

200 5213 349 5289 confitebar
362 5212 480 5274 Domina
496 5229 503 5267 :
975 5235 1048 5277 num
1062 5216 1224 5285 Christum,
1236 5216 1288 5288 qni
1303 5216 1339 5271 nd
1363 5232 1417 5272 nos
1437 5217 1535 5274 venire
1556 5218 1761 5290 dignatusest,
1775 5217 1807 5275 in

166 5305 231 5363 llaee
241 5307 327 5377 parta
338 5301 459 5358 Domini.
475 5302 551 5359 taeta·
563 5300 707 5358 intrudunt
722 5301 750 5356 in
765 5317 836 5359 earn.
976 5308 1096 5365 nantino
1120 5305 1243 5362 Domini.
1261 5305 1344 5363 Sicut
1367 5305 1397 5361 in
1423 5305 1602 5381 Evangelio:
1618 5304 1678 5381 Ego
1698 5309 1764 5366 veni
1777 5308 1807 5365 in

133 5394 275 5463 CDuibus
289 5396 390 5453 autem
406 5389 523 5456 dicitur,
542 5389 669 5465 Aperite,
695 5389 751 5445 nisi
773 5391 923 5464 metretis
978 5398 1096 5454 nomine
1109 5395 1203 5453 Patris
1218 5394 1275 5450 mei
1296 5398 1325 5451 et
1340 5411 1398 5451 non
1424 5411 1470 5452 me
1492 5394 1647 5472 accepistis
1660 5382 1808 5479 (loanssrit

7 5496 13 5503 “
101 5490 180 5560 alque
195 5480 408 5559 apostolieum
423 5479 562 5537 aetorum
578 5479 674 5536 claves
691 5480 822 5555 mysticis
836 5481 924 5538 virtu·
979 5488 1005 5544 ai
1019 5487 1106 5555 alius,
1118 5484 1230 5541 seilicet
1239 5483 1448 5557 Antichristus,
1455 5486 1565 5545 venerit
1577 5487 1607 5548 in
1622 5489 1741 5548 nornine
1751 5478 1812 5548 nott

19 5628 25 5641 ,
96 5575 172 5639 tibus
181 5570 380 5651 waeperunt‘t
388 5585 442 5649 per
451 5568 506 5629 hae
521 5568 600 5629 enim
611 5567 749 5627 doctrine
766 5568 925 5639 introducti
979 5575 1098 5637 Domini
1113 5575 1165 5633 sed
1181 5573 1239 5648 ani,
1256 5572 1340 5633 illum
1355 5574 1514 5654 accipietis.

253 5701 391 5769 Ponat.
413 5695 529 5763 cxuu.
1234 5785 1244 5793 .,
1619 5706 1658 5772 μ
