3900 6098
762 285 873 347 vrrs.
1576 265 1585 282 '
1621 294 1681 356 rae

102 424 203 497 Atque
215 439 249 480 eo
263 421 368 495 spiritu
382 421 662 494 inflammatusque
672 418 789 475 Amale-
805 418 834 487 Α
850 420 1037 482 creberrimis
1047 422 1227 480 causabatur
1240 420 1379 494 suspiriis
1391 422 1539 490 canitiem,
1551 426 1682 484 sentiens

85 529 133 588 pag
148 530 167 571 a
182 510 329 579 Samuele,
345 512 381 568 ab
394 511 458 567 Elia
475 511 613 569 'thesbite
626 507 788 584 prophetas
844 525 913 567 cum
928 513 1012 571 besto
1034 513 1090 571 Job
1114 510 1189 568 nihil
1215 510 1297 569 atiud
1318 527 1408 584 quani
1431 514 1611 572 irritationes
1625 531 1682 574 csse

85 606 155 661 istut
168 618 235 660 esse
251 604 403 668 mactatos,
418 617 484 657 raro
500 604 614 657 tantum
627 600 787 656 contentus
843 601 930 657 attam
943 603 1065 660 bominis
1080 608 1292 674 superterram.
1310 600 1392 658 Unde
1416 605 1445 659 et
1466 600 1611 661 iamiliare
1624 604 1680 663 ha·

85 692 158 750 :rodo
175 690 242 758 hoc,
260 690 346 747 ruodo
362 688 436 746 illud
451 694 581 746 castrum
605 686 788 746 fortissimus
841 687 931 747 babet
954 688 1082 766 psallere
1107 706 1176 747 cum
1197 690 1283 748 beato
1306 688 1418 747 David:
1436 690 1550 760 &cauda
1569 694 1680 752 aeriam

85 784 161 841 ister
174 781 292 854 cingere
308 780 405 853 pergit
426 780 588 836 obsidione.
610 781 645 834 stt
660 777 787 833 interius
842 784 868 833 ct
882 783 1020 852 apparebo
1035 786 1102 837 autc
1122 780 1223 851 facicm
1246 780 1297 836 Dei
1318 781 1396 837 mci?
1410 778 1527 839 etillud
1546 783 1677 842 Docteris

86 869 421 943 li,vallisetpaludibus
432 872 541 926 temere
550 866 786 936 connaturalem
839 869 975 939 gentium
991 886 999 926 t
1016 870 1108 942 Capio
1123 866 1240 924 dissolri
1253 872 1280 925 ct
1293 884 1356 926 cam
1370 868 1477 927 Christo
1490 887 1557 929 case.

85 959 252 1033 iasimularc
263 956 308 1018 sui
318 957 453 1032 periculi,
464 958 786 1027 contemnerc,nostros
876 956 935 1014 Nee
951 962 996 1016 est
1011 957 1215 1015 dubitandum
1230 957 1256 1013 si
1270 957 1296 1015 is
1313 957 1483 1017 Neronianae
1499 962 1677 1035 persecutio·

85 1050 238 1120 lacessere,
254 1066 303 1106 eos
318 1051 452 1105 amentes
470 1062 580 1114 vocare,
595 1045 645 1120 qui
661 1047 785 1102 domum
840 1044 888 1102 nis
901 1063 954 1104 seu
971 1046 1107 1104 Decianus
1131 1048 1264 1119 tempora
1285 1050 1390 1105 nactus
1416 1048 1500 1120 toret,
1512 1051 1584 1124 quin
1600 1050 1677 1109 ultro

85 1156 132 1199 aru
142 1140 292 1196 ilrmetam
307 1136 458 1194 venisseut
469 1135 799 1210 impugnarellcontra'
842 1150 875 1190 se
889 1138 1117 1208 persecutorum
1133 1135 1275 1208 pretoriis
1291 1135 1436 1210 ingereret
1450 1142 1479 1196 et
1491 1140 1678 1198 damnandus

85 1227 192 1287 lenitis
203 1231 263 1284 tarn
274 1224 408 1300 preclari
420 1225 504 1282 ducis
514 1223 785 1292 animali,ce1tatim
841 1227 954 1280 astaret
965 1224 1134 1298 judicando
1151 1223 1425 1301 sublimior,jugulo
1441 1227 1581 1287 cervicem
1596 1229 1679 1287 daret

85 1314 224 1375 vimineas
239 1319 334 1373 crates
346 1320 454 1381 texere,
466 1315 560 1371 iusces
571 1314 698 1387 quisque
708 1329 787 1370 com·
841 1312 973 1371 sariendo
986 1312 1096 1370 sortior
1112 1329 1119 1370 :
1134 1312 1184 1386 qui
1200 1315 1271 1372 dum
1287 1315 1449 1375 ambiretur
1463 1318 1625 1377 auxiliariis
1635 1334 1678 1376 er·

98 1422 155 1481 per
175 1405 258 1461 invia
281 1403 429 1461 machinis
454 1419 562 1459 novam
589 1403 643 1459 iter
665 1401 783 1459 lacere:
839 1405 990 1458 matorum
1013 1402 1156 1470 catervis,
1171 1402 1265 1459 solam
1280 1420 1397 1462 crucem
1413 1404 1523 1464 Christi
1540 1408 1678 1464 manibus

85 1510 127 1555 em
143 1493 412 1551 naturadilllcilem
428 1491 458 1547 in
469 1491 547 1548 brevi
559 1490 784 1547 devicitlaboris
840 1490 1003 1563 proterens,
1016 1489 1155 1549 medium
1166 1493 1362 1551 sesearmatis
1372 1493 1509 1553 hostibus
1520 1495 1639 1568 interra,
1650 1500 1679 1554 et

85 1600 124 1643 ae
138 1599 209 1640 oum
226 1581 389 1650 industria;
405 1581 437 1635 sit
452 1579 549 1637 solum
564 1579 651 1654 palus
666 1579 784 1637 raniset
840 1579 865 1634 si
883 1578 1019 1636 voluntas
1035 1578 1090 1637 Dei
1105 1580 1180 1637 toret
1200 1581 1299 1643 taliter
1323 1586 1417 1641 morte
1436 1585 1611 1642 occumbere
1626 1595 1678 1659 pa·

91 1671 354 1744 notissimu,parat
366 1669 512 1726 exitialem
528 1668 705 1726 latrunculis
721 1686 783 1725 ma·
840 1672 925 1724 ratus
935 1667 1000 1736 tuit,
1010 1666 1128 1724 imitari
1138 1669 1310 1728 desiderans
1325 1688 1394 1735 eum
1408 1671 1460 1744 qui
1476 1672 1565 1731 dixit:
1578 1676 1678 1731 Pastor

85 1760 196 1837 qulbus
211 1764 289 1817 tutas
304 1759 448 1815 hactenus
463 1757 628 1831 praebuerat
641 1757 781 1815 latebras.
841 1758 928 1814 barras
951 1757 1082 1814 arianam
1105 1775 1186 1815 ruam
1206 1761 1286 1832 pouit
1305 1777 1356 1833 pro
1379 1763 1474 1819 critas
1495 1764 1563 1820 sais.
1583 1764 1679 1821 Tanta

97 1866 133 1907 eo
149 1846 206 1906 loci
223 1846 348 1922 appulsa
362 1849 408 1903 est
421 1847 497 1903 unde
510 1846 598 1903 certis
612 1847 722 1904 ictibus
736 1845 787 1902 illa
842 1845 1077 1919 propugnatoris
1099 1847 1191 1905 nostri
1204 1847 1312 1906 virtute
1336 1849 1473 1907 exterrita
1495 1850 1677 1909 adversario·

85 1957 97 1997 ι
112 1938 258 2015 spelunca
273 1940 374 2010 posset
387 1934 478 2003 feriri,
495 1935 558 1992 dies
571 1939 662 2008 atquo
687 1939 786 1992 noctes
842 1952 909 1991 rum
923 1933 1068 2008 paulatim
1082 1936 1188 1993 deiecit
1202 1937 1332 2007 insania;
1342 1936 1404 2011 qni,
1420 1937 1497 1996 εἰιιιι
1511 1939 1569 2013 ipsi
1578 1938 1677 1998 adhue

85 2026 189 2085 vrstitio
205 2041 287 2098 equs
302 2024 441 2081 adversus
452 2023 672 2091 habuera,dum
684 2040 786 2081 succe·
843 2023 944 2080 testari
956 2022 1065 2096 solent,
1083 2025 1198 2098 quoties
1214 2025 1341 2084 efferatis
1354 2024 1464 2085 animis
1475 2027 1507 2085 iu
1522 2044 1577 2087 nes
1591 2045 1677 2105 gras·

85 2114 121 2173 ibi
137 2113 270 2172 vicissim
286 2114 322 2170 ud
337 2112 470 2169 laborem
486 2113 786 2181 nostri‚ereberrimia
842 2115 988 2178 serentur,
1005 2113 1112 2171 statim
1127 2115 1164 2172 ad
1179 2115 1283 2172 urbem
1301 2119 1335 2172 ut
1357 2120 1479 2189 possent
1501 2120 1678 2175 nostramet

85 2258 87 2263 .
101 2204 215 2263 nimbis
231 2204 306 2260 atria
319 2204 437 2272 dourus,
454 2218 557 2258 omnes
573 2219 698 2274 prorsus
709 2203 785 2259 inte·
842 2206 1013 2259 sanctorum
1030 2204 1160 2260 oratoris
1177 2204 1346 2278 conspicere
1360 2220 1445 2262 mens
1459 2202 1521 2263 illis
1536 2205 1678 2265 divinitus

85 2294 190 2353 istium
206 2292 338 2350 latebras
350 2307 492 2365 quassare
505 2309 562 2347 nou
574 2296 704 2350 cessant.
720 2298 786 2366 lpse
841 2291 1024 2359 mutabatur,
1038 2295 1140 2351 utnon
1154 2294 1241 2351 modo
1252 2293 1364 2351 malum
1375 2306 1434 2351 non
1444 2292 1563 2366 inferre,
1574 2300 1677 2353 verum

85 2402 104 2443 ,a
131 2400 266 2459 presens
293 2381 461 2455 vigiliarum
480 2384 508 2436 et
523 2380 695 2453 psalmodio
719 2389 785 2440 rota
841 2381 931 2438 etiam
947 2395 999 2453 pro
1014 2381 1179 2440 reverentia
1197 2381 1254 2457 ipsi
1276 2380 1339 2439 loco
1363 2383 1428 2456 pias
1449 2382 1621 2457 impendere
1633 2384 1676 2442 la-

85 2472 142 2531 euti
156 2472 218 2530 Deo
238 2488 305 2528 cum
321 2468 373 2527 tali
396 2486 481 2543 opere
497 2468 692 2542 persolvebat.
709 2471 784 2541 Quid
842 2486 956 2542 crymas
982 2468 1097 2527 liberet.
1123 2471 1203 2529 Unde
1236 2470 1360 2546 contigit
1384 2472 1491 2545 utqui
1526 2490 1595 2532 cum
1624 2490 1676 2549 pe·

85 2561 230 2620 lodetrido
247 2561 356 2616 trustra
378 2559 488 2615 nitente
504 2558 539 2614 ad
556 2559 699 2616 auxilium
720 2560 784 2618 suis
840 2557 932 2615 riculo
961 2557 1132 2617 animarum
1159 2560 1265 2618 alienis
1298 2558 1471 2618 invadendis
1506 2561 1672 2633 inhiabant,

85 2649 190 2709 rbsessi
206 2649 355 2705 devitaret
371 2646 512 2703 membris
528 2649 783 2719 paciscuntur,ca·
841 2647 886 2704 vix
907 2646 988 2704 salva
1008 2648 1057 2704 sui-
1085 2648 1298 2719 incolumitate,
1321 2650 1441 2707 modam
1469 2652 1599 2709 contenti
1626 2668 1671 2709 es·

85 2736 783 2812 funditusccptunrevertitur:indealiudutque
839 2740 905 2793 sent
923 2736 1042 2808 propria
1063 2739 1201 2807 retinere,
1226 2738 1313 2794 modo
1340 2742 1472 2812 cogente,
1502 2741 1589 2798 modo
1617 2740 1670 2797 ob-

85 2828 206 2887 stellum
223 2828 336 2900 ubsque
359 2825 562 2882 retractatione
577 2825 668 2883 simili
685 2833 782 2902 strage
838 2828 970 2881 sacrante
985 2825 1146 2883 venerabili
1161 2828 1244 2883 Patre
1259 2826 1396 2896 Wuzone,
1408 2828 1557 2901 postremo
1572 2830 1668 2887 omni·

85 2937 116 2976 rr.
127 2917 186 2975 Sed
198 2914 356 2989 nequehoc
367 2913 513 2970 silendum
525 2917 605 2987 puto,
618 2917 696 2988 quod
708 2916 784 2975 inter
839 2915 894 2969 bus
907 2912 1003 2969 modis
1026 2917 1058 2970 ut
1080 2915 1288 2989 resipiscerent
1307 2915 1445 2972 instante.
1461 2914 1510 2973 sie
1524 2914 1666 2975 nimirum

85 3008 150 3065 lum
160 3023 239 3080 saepe
248 3003 386 3072 millenis,
399 3019 474 3075 serre
485 3002 702 3076 pluribue,raro
714 3024 783 3080 puu-
838 3000 1048 3074 omnipotentis
1061 3003 1114 3059 Dei
1131 3005 1225 3078 pietas
1240 3003 1373 3062 Ecclesiae
1387 3020 1448 3061 suae
1463 3006 1572 3076 navdm,
1588 3007 1669 3080 ejus·

85 3094 232 3168 ,antiquo
259 3094 459 3150 Romanorum
487 3108 566 3149 more
595 3096 782 3167 quotidianos
838 3091 918 3147 modi
942 3093 1171 3164 tempestatibus
1192 3095 1334 3163 vexatam,
1355 3109 1408 3167 per
1428 3092 1578 3152 efficacem
1598 3111 1670 3170 pru·

85 3202 91 3242 v
113 3182 264 3259 prebebat
288 3180 423 3249 armatis,
445 3181 577 3254 gregario
603 3183 691 3239 militi
707 3188 781 3240 into·
797 3167 820 3234 C
838 3181 935 3237 dentis
950 3179 1080 3239 naucleri
1096 3180 1275 3240 iudustriam
1291 3180 1521 3241 misericorditer
1531 3184 1670 3259 diguatus

85 3272 191 3331 aedem
207 3288 296 3327 usum
312 3269 537 3326 mactandarum
551 3271 786 3344 pecodunr‚abs·
840 3274 885 3326 ost
906 3269 942 3325 ad
965 3272 1083 3341 tempus
1110 3270 1235 3329 liberare
1252 3288 1259 3329 :
1277 3270 1345 3330 licet
1367 3272 1397 3328 iu
1423 3276 1506 3331 tauta
1524 3272 1670 3347 ¹suctione,

85 3378 141 3435 {aas
150 3360 267 3434 agrario
278 3357 358 3432 operi
370 3362 470 3414 essent
481 3359 665 3429 neccssarie3
678 3359 787 3434 ipsum·
841 3362 1009 3414 nontamen
1021 3358 1148 3430 utprius
1161 3361 1332 3431 metuenda,
1342 3359 1453 3419 bellum
1464 3364 1566 3421 contra
1580 3360 1673 3439 impe·

85 3467 169 3511 inum
185 3449 250 3522 ipse
265 3447 393 3522 singulis
409 3464 612 3520 possessorum
624 3465 659 3505 ex
673 3450 787 3524 integro
842 3452 971 3504 retorem
987 3444 1052 3514 luit,
1065 3448 1153 3505 bonis
1166 3449 1237 3507 viris
1252 3451 1464 3509 deterentibus.

85 3543 124 3609 at,
147 3537 265 3596 nullum
291 3536 443 3608 injustitie
466 3535 562 3594 locum
587 3554 651 3595 csse
674 3539 788 3612 patiens
931 3538 998 3591 Car.
1014 3534 1086 3591 XlX.
1105 3538 1139 3595 aa
1158 3539 1319 3612 imperatori
1332 3544 1471 3614 alopecias
1484 3542 1580 3614 [berit.

85 3623 635 3693 1tantarerumdit'dcultatc.Quaox
651 3643 680 3682 re
695 3625 789 3701 liquet
879 3629 912 3681 ln
928 3640 997 3698 quo,
1014 3638 1047 3681 eo
1064 3626 1143 3698 quod
1168 3627 1328 3702 aliquando
1350 3629 1518 3689 dementius
1540 3630 1572 3691 in
1597 3631 1676 3688 viros

85 3734 151 3775 anax
172 3716 248 3791 arqui
264 3720 293 3772 et
313 3713 383 3771 recti
400 3712 474 3770 alias
489 3713 585 3782 luerit,
602 3714 788 3787 quandoqui·
844 3713 979 3771 Ecclesiae
997 3716 1105 3770 nostras
1120 3715 1285 3775 insanitum
1300 3718 1397 3792 luerit,
1412 3718 1500 3778 bouis
1515 3718 1585 3777 viris
1598 3719 1675 3778 deie-

91 3810 225 3878 tempore
241 3821 299 3877 quo
315 3802 441 3859 maxime
457 3803 618 3875 captandus
633 3807 695 3860 erat
709 3804 790 3859 lavor
844 3802 988 3871 rentibus,
1001 3801 1047 3858 vir
1065 3802 1116 3859 Dei
1137 3806 1216 3878 apud
1235 3806 1443 3881 imperatorem
1460 3808 1526 3867 nisi
1541 3808 1675 3867 oriminis

85 3898 118 3953 ut
128 3894 163 3951 at
174 3893 205 3950 in
216 3892 267 3949 tali
279 3893 406 3965 negotio,
419 3891 462 3947 vel
473 3908 590 3949 summa
605 3892 789 3950 necessitudo
845 3896 890 3948 cst
905 3893 1060 3949 accusatos
1072 3893 1162 3964 quod,
1174 3895 1243 3952 data
1256 3896 1314 3953 tide
1328 3895 1494 3967 Godelrido,
1506 3902 1609 3955 contre
1618 3898 1674 3954 im·

85 4005 90 4042 ι
104 3984 247 4043 Catonem
262 3979 411 4055 ajustitie
425 3980 560 4038 divellere
576 3982 748 4054 nequiverit.
845 3983 1020 4053 peratoriam
1044 3981 1230 4052 majestatem
1256 3984 1397 4058 regnique
1415 3985 1540 4044 salutem
1554 3991 1673 4061 pactum

85 4091 148 4151 llll.
169 4095 209 4148 De
242 4090 379 4147 dir-istane
405 4091 560 4159 pretiorum
590 4090 654 4145 tais
683 4089 792 4146 tietuini
845 4071 1007 4138 sfissffltreb
1025 4069 1103 4141 qu⁰d
1127 4071 1163 4127 de
1188 4074 1269 4129 [ww
1292 4072 1360 4129 Vim
1377 4072 1458 4130 ”ests
1480 4078 1525 4131 ⁰²st
1547 4074 1671 4148 ⁰l³ifl¹¹¹b

322 4162 432 4217 collata.
846 4159 940 4214 cidem
952 4156 1162 4215 confidentiam
1176 4160 1288 4217 dederit
1300 4159 1501 4235 belligerandi.

103 4252 136 4311 in
161 4251 217 4309 hoo
242 4251 362 4307 homine
384 4249 501 4306 divitias
526 4250 629 4306 divine
651 4249 791 4308 bonitatis
881 4247 945 4305 Herc
962 4262 1050 4319 quam
1071 4246 1181 4304 luerint
1195 4265 1213 4305 a
1227 4250 1348 4307 veritate
1365 4249 1462 4308 aliena
1476 4250 1674 4310 elementalis

86 4340 366 4400 etinuniuscordis
382 4339 535 4396 latitudine
550 4339 708 4396 divisiones
720 4356 790 4412 gra·
844 4336 921 4392 sacta
941 4337 1006 4407 ejus
1027 4336 1227 4395 venerabilia:
1253 4338 1305 4396 sed
1335 4338 1405 4413 quia
1427 4338 1546 4397 diitlclle
1570 4345 1615 4399 est
1640 4347 1673 4408 nt

85 4429 225 4489 admirari
238 4447 245 4499 ;
263 4446 336 4504 quas
350 4429 422 4485 adeo
435 4429 561 4486 discreta
573 4428 740 4486 studiorum
752 4428 791 4483 vi·
845 4425 953 4481 mentis
968 4422 1082 4493 oculus,
1098 4423 1167 4482 hiuc
1191 4425 1285 4500 gloria
1308 4430 1337 4485 et
1360 4426 1480 4500 divitiis,
1495 4428 1564 4487 bino
1584 4430 1673 4489 variis

87 4520 134 4579 ine
149 4519 300 4578 nitebatur
318 4517 535 4586 administrare,
550 4522 582 4573 ut
596 4535 663 4573 cum
680 4518 729 4574 uni
746 4518 790 4574 in·
806 4541 829 4606 D
845 4513 1051 4587 dispensandis
1076 4515 1242 4589 reipublice
1263 4517 1353 4586 curis,
1370 4514 1439 4574 hinc
1455 4517 1536 4576 mille
1550 4519 1673 4578 adulan-

85 4613 151 4668 sset
165 4606 295 4683 negotio,
306 4607 371 4665 aliis
387 4607 546 4664 identidem
562 4607 716 4675 obnoxius,
732 4608 790 4663 nisi
846 4605 922 4660 tium
936 4602 1047 4677 linguis
1062 4603 1093 4658 in
1108 4603 1224 4663 diversa
1234 4609 1382 4679 reptatus,
1394 4605 1553 4681 aliquando
1567 4625 1586 4667 a
1599 4609 1673 4666 veri·

85 4716 97 4767 ·,
113 4698 194 4758 nullo
212 4698 299 4755 modo
315 4697 490 4753 crederetur.
846 4692 915 4750 tatis
930 4692 994 4749 luce
1010 4709 1068 4750 non
1082 4692 1226 4764 caecutiat,
1243 4710 1419 4769 persuasum
1439 4699 1484 4754 est
1504 4697 1672 4771 imperatori

92 4787 116 4845 si
138 4789 312 4863 episcopani
332 4785 464 4858 respicio,
481 4786 581 4843 videor
599 4786 671 4842 mibi
694 4787 790 4843 videre
846 4780 1075 4838 odelerentibus
1092 4785 1124 4837 nt
1139 4782 1168 4837 in
1183 4781 1231 4839 his
1244 4799 1308 4855 que
1322 4799 1388 4840 vere
1403 4783 1528 4841 ildeliter
1541 4789 1672 4859 gesserat

85 4876 314 4953 rmGregori03si
324 4874 463 4931 militaria
473 4879 619 4949 agentem,
631 4892 688 4933 non
699 4875 789 4950 impu·
845 4872 973 4928 domnus
986 4869 1085 4939 Wazo,
1101 4888 1159 4928 uon
1172 4872 1340 4929 communis
1354 4872 1501 4929 commodi
1516 4888 1567 4930 seu
1577 4874 1670 4947 impe·

85 4964 298 5041 econtemplor
313 4963 489 5023 Machabaeo.
501 4964 584 5021 Hune
602 4965 631 5021 iu
645 4965 789 5039 sapientia
844 4960 958 5018 retoriae
981 4957 1131 5018 fidelitatis
1154 4960 1259 5033 gratia,
1276 4961 1327 5017 sed
1352 4976 1386 5017 ex
1405 4961 1599 5020 contentionis
1612 4978 1670 5020 usu

85 5070 156 5128 nam,
173 5056 203 5114 in
218 5055 395 5131 disputando
411 5053 787 5129 accipiortugustinum3in
844 5050 968 5124 propriae
991 5046 1156 5107 inservierit
1177 5049 1358 5122 arrogantis.
1374 5050 1503 5107 Accessit
1521 5051 1558 5109 ud
1571 5052 1670 5126 suspi-

85 5145 242 5221 munditate,
254 5144 436 5203 continentia
446 5148 475 5201 et
485 5143 651 5218 vigiliarum
663 5146 789 5202 assidui·
843 5140 956 5197 aionem
969 5138 1061 5196 libera
1071 5140 1232 5197 sacerdotis
1248 5139 1417 5214 auctoritas,
1432 5143 1603 5215 quae,tatius
1614 5142 1669 5201 du-

85 5235 264 5309 uparspiritu
275 5233 436 5308 quemlibet
446 5237 615 5289 sanctorum
629 5232 787 5292 anochore-
844 5227 984 5302 plicitatis
998 5244 1108 5299 exsors,
1121 5229 1276 5287 averitatis
1286 5230 1405 5289 tramite
1420 5233 1560 5305 nequead
1570 5234 1669 5291 dexte·

89 5320 227 5381 relerebat.
235 5324 414 5381 Necessitate
428 5322 522 5396 magis
538 5340 627 5395 quum
641 5323 788 5382 voluntate
844 5332 1015 5391 ramaeque
1032 5319 1068 5374 sd
1082 5317 1235 5376 sinistram
1250 5318 1396 5378 declinare
1407 5323 1528 5379 noverat
1540 5340 1546 5392 ;
1558 5321 1670 5396 quique

85 5406 233 5485 lataeque
243 5416 312 5470 sunt
322 5412 471 5480 saeculi,ut
482 5411 600 5468 omnino
612 5414 790 5471 caveretdis-
843 5408 1027 5483 proteritate
1041 5408 1152 5481 agendo
1172 5408 1376 5482 cujuscunque
1389 5408 1505 5468 lucilius
1519 5409 1671 5469 incurrere

85 5495 227 5557 ’Creatori
844 5515 902 5556 uon
918 5496 1075 5572 trepidarit
1098 5496 1252 5567 eliensem,
1267 5514 1357 5573 quam
1380 5499 1470 5559 tselta
1485 5499 1605 5560 veritate
1619 5515 1672 5576 po·

92 5579 187 5654 iudicio
207 5588 337 5648 inutilem
353 5590 511 5650 etdieram
532 5590 649 5652 malitie
672 5593 790 5676 plenam
845 5589 933 5651 tentis
950 5586 1049 5669 gratie
1067 5587 1210 5649 assentari
1225 5590 1358 5650 voluerit.
1375 5588 1456 5652 Unda
1472 5606 1564 5649 unum
1580 5586 1672 5653 refert
1719 5636 1723 5643 .

147 5710 270 5781 Peraea.
292 5717 405 5787 exult.
1471 5720 1512 5807 ²⁴.
