<?xml version="1.0" encoding="UTF-8"?>
<!DOCTYPE html PUBLIC "-//W3C//DTD XHTML 1.0 Transitional//EN"
    "http://www.w3.org/TR/xhtml1/DTD/xhtml1-transitional.dtd">
<html xmlns="http://www.w3.org/1999/xhtml" xml:lang="en" lang="en">
 <head>
  <title>
</title>
<meta http-equiv="Content-Type" content="text/html;charset=utf-8" />
  <meta name='ocr-system' content='tesseract 3.04.00' />
  <meta name='ocr-capabilities' content='ocr_page ocr_carea ocr_par ocr_line ocrx_word'/>
</head>
<body>
  <div class='ocr_page' id='page_1' title='image "./patrologiaecurs64unkngoog_0522.png"; bbox 0 0 3884 6084; ppageno 0'>
   <div class='ocr_carea' id='block_1_1' title="bbox 678 298 1243 365">
    <p class='ocr_par' dir='ltr' id='par_1_1' title="bbox 678 298 1243 365">
     <span class='ocr_line' id='line_1_1' title="bbox 678 298 1243 365; baseline -0.004 -2"><span class='ocrx_word' id='word_1_1' title='bbox 678 299 879 365; x_wconf 73' lang='lat' dir='ltr'>treunulx</span> <span class='ocrx_word' id='word_1_2' title='bbox 900 302 951 362; x_wconf 80' lang='grc' dir='ltr'>ΑΙ)</span> <span class='ocrx_word' id='word_1_3' title='bbox 975 298 1005 362; x_wconf 88' lang='lat' dir='ltr'>S.</span> <span class='ocrx_word' id='word_1_4' title='bbox 1029 299 1243 365; x_wconf 82' lang='lat' dir='ltr'>ODlLONEM.</span> 
     </span>
    </p>
   </div>
   <div class='ocr_carea' id='block_1_2' title="bbox 477 641 1585 772">
    <p class='ocr_par' dir='ltr' id='par_1_2' title="bbox 477 641 1585 772">
     <span class='ocr_line' id='line_1_2' title="bbox 477 641 1585 772; baseline -0.003 0"><span class='ocrx_word' id='word_1_5' title='bbox 477 645 825 772; x_wconf 77' lang='lat' dir='ltr'><strong>APPENDIX</strong></span> <span class='ocrx_word' id='word_1_6' title='bbox 871 641 958 767; x_wconf 78' lang='lat' dir='ltr'>Ab</span> <span class='ocrx_word' id='word_1_7' title='bbox 1009 643 1064 768; x_wconf 81' lang='lat' dir='ltr'>S.</span> <span class='ocrx_word' id='word_1_8' title='bbox 1117 642 1457 771; x_wconf 75' lang='lat' dir='ltr'>eniienim</span> <span class='ocrx_word' id='word_1_9' title='bbox 1577 670 1585 678; x_wconf 83' lang='grc'><strong>’</strong></span> 
     </span>
    </p>
   </div>
   <div class='ocr_carea' id='block_1_3' title="bbox 735 879 1200 962">
    <p class='ocr_par' dir='ltr' id='par_1_3' title="bbox 735 879 1200 962">
     <span class='ocr_line' id='line_1_3' title="bbox 735 879 1200 962; baseline -0.009 -9"><span class='ocrx_word' id='word_1_10' title='bbox 735 879 971 953; x_wconf 81' lang='lat' dir='ltr'>PRAECEPTA</span> <span class='ocrx_word' id='word_1_11' title='bbox 1001 879 1200 962; x_wconf 81' lang='lat' dir='ltr'><strong>QUAEDAM</strong></span> 
     </span>
    </p>
   </div>
   <div class='ocr_carea' id='block_1_4' title="bbox 253 1053 1691 1199">
    <p class='ocr_par' dir='ltr' id='par_1_4' title="bbox 253 1053 1691 1199">
     <span class='ocr_line' id='line_1_4' title="bbox 253 1053 1691 1197; baseline -0.003 -78"><span class='ocrx_word' id='word_1_12' title='bbox 253 1057 299 1120; x_wconf 84' lang='lat' dir='ltr'>De</span> <span class='ocrx_word' id='word_1_13' title='bbox 325 1056 478 1120; x_wconf 76' lang='lat' dir='ltr'>nonnullis</span> <span class='ocrx_word' id='word_1_14' title='bbox 505 1057 634 1120; x_wconf 81' lang='lat' dir='ltr'>ecelesiis</span> <span class='ocrx_word' id='word_1_15' title='bbox 661 1066 689 1119; x_wconf 85' lang='lat' dir='ltr'>et</span> <span class='ocrx_word' id='word_1_16' title='bbox 715 1056 785 1118; x_wconf 88' lang='lat' dir='ltr'>loeis</span> <span class='ocrx_word' id='word_1_17' title='bbox 810 1053 1004 1197; x_wconf 47' lang='grc' dir='ltr'>ίῖἴητίᾳεὲῗί</span> <span class='ocrx_word' id='word_1_18' title='bbox 1024 1053 1158 1196; x_wconf 34' lang='lat' dir='ltr'>&#39;coenolbio</span> <span class='ocrx_word' id='word_1_19' title='bbox 1180 1057 1333 1131; x_wconf 74' lang='lat' dir='ltr'><em>concessis,</em></span> <span class='ocrx_word' id='word_1_20' title='bbox 1352 1065 1482 1137; x_wconf 84' lang='lat' dir='ltr'>tempore</span> <span class='ocrx_word' id='word_1_21' title='bbox 1497 1055 1534 1116; x_wconf 86' lang='lat' dir='ltr'>S.</span> <span class='ocrx_word' id='word_1_22' title='bbox 1554 1053 1691 1116; x_wconf 83' lang='lat' dir='ltr'>Odilonrs</span> 
     </span>
     <span class='ocr_line' id='line_1_5' title="bbox 803 1153 1129 1199; baseline -0.003 -2"><span class='ocrx_word' id='word_1_23' title='bbox 803 1155 822 1197; x_wconf 88' lang='lat' dir='ltr'>o</span> <span class='ocrx_word' id='word_1_24' title='bbox 862 1154 921 1199; x_wconf 79' lang='lat' dir='ltr'>oca</span> <span class='ocrx_word' id='word_1_25' title='bbox 975 1153 1072 1197; x_wconf 73' lang='lat' dir='ltr'>uncae.</span> <span class='ocrx_word' id='word_1_26' title='bbox 1122 1181 1129 1196; x_wconf 87' lang='lat'><strong>.</strong></span> 
     </span>
    </p>
   </div>
   <div class='ocr_carea' id='block_1_5' title="bbox 702 1291 1233 1368">
    <p class='ocr_par' dir='ltr' id='par_1_5' title="bbox 702 1291 1233 1368">
     <span class='ocr_line' id='line_1_6' title="bbox 702 1291 1233 1368; baseline -0.002 -18"><span class='ocrx_word' id='word_1_27' title='bbox 702 1294 881 1368; x_wconf 74' lang='lat' dir='ltr'>(Bibliotheca</span> <span class='ocrx_word' id='word_1_28' title='bbox 897 1291 1093 1362; x_wconf 75' lang='lat' dir='ltr'>cluniacensis,</span> <span class='ocrx_word' id='word_1_29' title='bbox 1110 1310 1145 1367; x_wconf 91' lang='lat' dir='ltr'>pr</span> <span class='ocrx_word' id='word_1_30' title='bbox 1159 1294 1233 1368; x_wconf 81' lang='grc'><strong>499.)</strong></span> 
     </span>
    </p>
   </div>
   <div class='ocr_carea' id='block_1_6' title="bbox 109 1596 1845 5492">
    <p class='ocr_par' dir='ltr' id='par_1_6' title="bbox 520 1596 1810 1671">
     <span class='ocr_line' id='line_1_7' title="bbox 520 1596 1810 1671; baseline 0 -18"><span class='ocrx_word' id='word_1_31' title='bbox 520 1599 541 1653; x_wconf 93' lang='grc' dir='ltr'>Ι.</span> <span class='ocrx_word' id='word_1_32' title='bbox 957 1598 985 1663; x_wconf 83' lang='grc' dir='ltr'><strong>Α</strong></span> <span class='ocrx_word' id='word_1_33' title='bbox 1000 1612 1119 1665; x_wconf 81' lang='lat' dir='ltr'>necrus,</span> <span class='ocrx_word' id='word_1_34' title='bbox 1135 1596 1421 1671; x_wconf 89' lang='lat' dir='ltr'>divinapropitiante</span> <span class='ocrx_word' id='word_1_35' title='bbox 1431 1596 1810 1671; x_wconf 66' lang='lat' dir='ltr'>elementiapinsdugustus</span> 
     </span>
    </p>

    <p class='ocr_par' dir='ltr' id='par_1_7' title="bbox 109 1685 1845 5492">
     <span class='ocr_line' id='line_1_8' title="bbox 114 1685 1387 1760; baseline -0.002 -14"><span class='ocrx_word' id='word_1_36' title='bbox 114 1690 285 1760; x_wconf 80' lang='lat' dir='ltr'>Praeceptum</span> <span class='ocrx_word' id='word_1_37' title='bbox 324 1687 426 1744; x_wconf 78' lang='lat' dir='ltr'>ottonis</span> <span class='ocrx_word' id='word_1_38' title='bbox 464 1688 530 1759; x_wconf 85' lang='lat' dir='ltr'><strong><em>imp.</em></strong></span> <span class='ocrx_word' id='word_1_39' title='bbox 568 1687 600 1743; x_wconf 90' lang='lat' dir='ltr'>de</span> <span class='ocrx_word' id='word_1_40' title='bbox 638 1695 731 1744; x_wconf 83' lang='lat' dir='ltr'>sancto</span> <span class='ocrx_word' id='word_1_41' title='bbox 770 1688 871 1746; x_wconf 79' lang='lat' dir='ltr'>liciole</span> <span class='ocrx_word' id='word_1_42' title='bbox 913 1685 945 1743; x_wconf 80' lang='lat' dir='ltr'>de</span> <span class='ocrx_word' id='word_1_43' title='bbox 998 1689 1085 1758; x_wconf 85' lang='lat' dir='ltr'>atque</span> <span class='ocrx_word' id='word_1_44' title='bbox 1098 1686 1311 1743; x_wconf 88' lang='lat' dir='ltr'>invictissimus</span> <span class='ocrx_word' id='word_1_45' title='bbox 1326 1705 1387 1743; x_wconf 82' lang='lat' dir='ltr'>rex.</span> 
     </span>
     <span class='ocr_line' id='line_1_9' title="bbox 480 1760 1821 1853; baseline 0.002 -23"><span class='ocrx_word' id='word_1_46' title='bbox 480 1760 578 1830; x_wconf 57' lang='lat' dir='ltr'>Palia-</span> <span class='ocrx_word' id='word_1_47' title='bbox 1035 1775 1116 1830; x_wconf 89' lang='lat' dir='ltr'>Sicut</span> <span class='ocrx_word' id='word_1_48' title='bbox 1130 1780 1241 1832; x_wconf 89' lang='lat' dir='ltr'>eertum</span> <span class='ocrx_word' id='word_1_49' title='bbox 1257 1775 1457 1832; x_wconf 80' lang='lat' dir='ltr'>indubitanter</span> <span class='ocrx_word' id='word_1_50' title='bbox 1472 1779 1518 1833; x_wconf 86' lang='lat' dir='ltr'>est</span> <span class='ocrx_word' id='word_1_51' title='bbox 1528 1775 1644 1832; x_wconf 87' lang='lat' dir='ltr'>nullam</span> <span class='ocrx_word' id='word_1_52' title='bbox 1654 1778 1821 1853; x_wconf 73' lang='lat' dir='ltr'>potestatem.</span> 
     </span>
     <span class='ocr_line' id='line_1_10' title="bbox 437 1847 1810 1938; baseline -0.001 -17"><span class='ocrx_word' id='word_1_53' title='bbox 437 1849 531 1921; x_wconf 71' lang='lat' dir='ltr'>(Ass110</span> <span class='ocrx_word' id='word_1_54' title='bbox 550 1847 625 1917; x_wconf 85' lang='lat'>999·)</span> <span class='ocrx_word' id='word_1_55' title='bbox 1000 1862 1056 1918; x_wconf 90' lang='lat' dir='ltr'>nisi</span> <span class='ocrx_word' id='word_1_56' title='bbox 1071 1881 1088 1918; x_wconf 90' lang='lat' dir='ltr'>a</span> <span class='ocrx_word' id='word_1_57' title='bbox 1102 1869 1159 1920; x_wconf 87' lang='lat' dir='ltr'>Deo</span> <span class='ocrx_word' id='word_1_58' title='bbox 1175 1881 1295 1937; x_wconf 90' lang='lat' dir='ltr'>prorsus</span> <span class='ocrx_word' id='word_1_59' title='bbox 1311 1865 1444 1933; x_wconf 75' lang='lat' dir='ltr'>existere,</span> <span class='ocrx_word' id='word_1_60' title='bbox 1455 1865 1498 1921; x_wconf 86' lang='lat' dir='ltr'>sie</span> <span class='ocrx_word' id='word_1_61' title='bbox 1521 1881 1709 1938; x_wconf 82' lang='lat' dir='ltr'>consequens</span> <span class='ocrx_word' id='word_1_62' title='bbox 1727 1865 1810 1937; x_wconf 80' lang='lat' dir='ltr'>utiquo</span> 
     </span>
     <span class='ocr_line' id='line_1_11' title="bbox 151 1952 1808 2027; baseline -0.002 -15"><span class='ocrx_word' id='word_1_63' title='bbox 151 1955 183 2012; x_wconf 92' lang='lat' dir='ltr'>ln</span> <span class='ocrx_word' id='word_1_64' title='bbox 199 1953 318 2012; x_wconf 90' lang='lat' dir='ltr'>nomine</span> <span class='ocrx_word' id='word_1_65' title='bbox 333 1957 439 2013; x_wconf 74' lang='lat' dir='ltr'>sancte</span> <span class='ocrx_word' id='word_1_66' title='bbox 453 1958 483 2011; x_wconf 87' lang='lat' dir='ltr'>et</span> <span class='ocrx_word' id='word_1_67' title='bbox 495 1954 652 2013; x_wconf 79' lang='lat' dir='ltr'>individua</span> <span class='ocrx_word' id='word_1_68' title='bbox 670 1954 832 2022; x_wconf 76' lang='lat' dir='ltr'>Trinitatis,</span> <span class='ocrx_word' id='word_1_69' title='bbox 858 1953 944 2024; x_wconf 82' lang='lat' dir='ltr'>Orno,</span> <span class='ocrx_word' id='word_1_70' title='bbox 999 1955 1045 2009; x_wconf 84' lang='lat' dir='ltr'>est</span> <span class='ocrx_word' id='word_1_71' title='bbox 1059 1957 1093 2008; x_wconf 91' lang='lat' dir='ltr'>ut</span> <span class='ocrx_word' id='word_1_72' title='bbox 1106 1953 1242 2026; x_wconf 89' lang='lat' dir='ltr'>quisquis</span> <span class='ocrx_word' id='word_1_73' title='bbox 1258 1953 1323 2025; x_wconf 74' lang='lat' dir='ltr'>ejus</span> <span class='ocrx_word' id='word_1_74' title='bbox 1335 1952 1526 2026; x_wconf 89' lang='lat' dir='ltr'>dispositione</span> <span class='ocrx_word' id='word_1_75' title='bbox 1536 1957 1663 2009; x_wconf 80' lang='lat' dir='ltr'>terrene</span> <span class='ocrx_word' id='word_1_76' title='bbox 1677 1952 1808 2027; x_wconf 78' lang='lat' dir='ltr'>potestatis</span> 
     </span>
     <span class='ocr_line' id='line_1_12' title="bbox 113 2038 1845 2117; baseline -0.001 -18"><span class='ocrx_word' id='word_1_77' title='bbox 113 2043 165 2100; x_wconf 88' lang='lat' dir='ltr'>Dei</span> <span class='ocrx_word' id='word_1_78' title='bbox 180 2043 285 2117; x_wconf 83' lang='lat' dir='ltr'>gratia,</span> <span class='ocrx_word' id='word_1_79' title='bbox 301 2044 499 2100; x_wconf 87' lang='lat' dir='ltr'>Romanorum</span> <span class='ocrx_word' id='word_1_80' title='bbox 515 2043 675 2116; x_wconf 89' lang='lat' dir='ltr'>imperator</span> <span class='ocrx_word' id='word_1_81' title='bbox 687 2045 849 2116; x_wconf 84' lang='lat' dir='ltr'>Augustus.</span> <span class='ocrx_word' id='word_1_82' title='bbox 999 2041 1128 2099; x_wconf 89' lang='lat' dir='ltr'>culmine</span> <span class='ocrx_word' id='word_1_83' title='bbox 1144 2043 1324 2099; x_wconf 87' lang='lat' dir='ltr'>sublimatur</span> <span class='ocrx_word' id='word_1_84' title='bbox 1338 2043 1393 2099; x_wconf 92' lang='lat' dir='ltr'>sub</span> <span class='ocrx_word' id='word_1_85' title='bbox 1409 2042 1518 2115; x_wconf 87' lang='lat' dir='ltr'>potenti</span> <span class='ocrx_word' id='word_1_86' title='bbox 1529 2043 1667 2114; x_wconf 87' lang='lat' dir='ltr'>ejusdem</span> <span class='ocrx_word' id='word_1_87' title='bbox 1682 2038 1808 2117; x_wconf 57' lang='lat' dir='ltr'>largitore</span> <span class='ocrx_word' id='word_1_88' title='bbox 1843 2050 1845 2057; x_wconf 90' lang='lat'>&#39;</span> 
     </span>
     <span class='ocr_line' id='line_1_13' title="bbox 149 2130 1807 2206; baseline 0 -18"><span class='ocrx_word' id='word_1_89' title='bbox 149 2133 257 2188; x_wconf 91' lang='lat' dir='ltr'>Notum</span> <span class='ocrx_word' id='word_1_90' title='bbox 283 2132 321 2189; x_wconf 92' lang='lat' dir='ltr'>sit</span> <span class='ocrx_word' id='word_1_91' title='bbox 347 2131 485 2188; x_wconf 91' lang='lat' dir='ltr'>omnibus</span> <span class='ocrx_word' id='word_1_92' title='bbox 505 2131 642 2188; x_wconf 84' lang='lat' dir='ltr'>fidelibus</span> <span class='ocrx_word' id='word_1_93' title='bbox 668 2133 778 2189; x_wconf 88' lang='lat' dir='ltr'>nostris</span> <span class='ocrx_word' id='word_1_94' title='bbox 804 2132 944 2205; x_wconf 85' lang='lat' dir='ltr'>quoniam</span> <span class='ocrx_word' id='word_1_95' title='bbox 1000 2146 1089 2186; x_wconf 85' lang='lat' dir='ltr'>manu</span> <span class='ocrx_word' id='word_1_96' title='bbox 1106 2148 1170 2188; x_wconf 91' lang='lat' dir='ltr'>sese</span> <span class='ocrx_word' id='word_1_97' title='bbox 1193 2132 1329 2188; x_wconf 89' lang='lat' dir='ltr'>humiliet</span> <span class='ocrx_word' id='word_1_98' title='bbox 1348 2132 1432 2205; x_wconf 92' lang='lat' dir='ltr'>eique</span> <span class='ocrx_word' id='word_1_99' title='bbox 1454 2132 1490 2188; x_wconf 88' lang='lat' dir='ltr'>de</span> <span class='ocrx_word' id='word_1_100' title='bbox 1514 2131 1578 2188; x_wconf 90' lang='lat' dir='ltr'>suis</span> <span class='ocrx_word' id='word_1_101' title='bbox 1603 2132 1691 2189; x_wconf 90' lang='lat' dir='ltr'>donis</span> <span class='ocrx_word' id='word_1_102' title='bbox 1714 2130 1807 2206; x_wconf 79' lang='lat' dir='ltr'>plaeere</span> 
     </span>
     <span class='ocr_line' id='line_1_14' title="bbox 114 2220 1806 2295; baseline -0.001 -18"><span class='ocrx_word' id='word_1_103' title='bbox 114 2222 151 2277; x_wconf 91' lang='lat' dir='ltr'>ob</span> <span class='ocrx_word' id='word_1_104' title='bbox 164 2221 336 2293; x_wconf 87' lang='lat' dir='ltr'>petitionem</span> <span class='ocrx_word' id='word_1_105' title='bbox 352 2220 453 2276; x_wconf 91' lang='lat' dir='ltr'>domni</span> <span class='ocrx_word' id='word_1_106' title='bbox 478 2220 553 2276; x_wconf 90' lang='lat' dir='ltr'>Odili</span> <span class='ocrx_word' id='word_1_107' title='bbox 577 2221 753 2278; x_wconf 90' lang='lat' dir='ltr'>venerabilis</span> <span class='ocrx_word' id='word_1_108' title='bbox 777 2221 893 2277; x_wconf 90' lang='lat' dir='ltr'>abbatis</span> <span class='ocrx_word' id='word_1_109' title='bbox 916 2225 946 2277; x_wconf 91' lang='lat' dir='ltr'>et</span> <span class='ocrx_word' id='word_1_110' title='bbox 1000 2220 1311 2294; x_wconf 84' lang='lat' dir='ltr'>studeat.0uapropter</span> <span class='ocrx_word' id='word_1_111' title='bbox 1323 2225 1424 2277; x_wconf 89' lang='lat' dir='ltr'>notum</span> <span class='ocrx_word' id='word_1_112' title='bbox 1439 2221 1478 2276; x_wconf 88' lang='lat' dir='ltr'>sit</span> <span class='ocrx_word' id='word_1_113' title='bbox 1493 2221 1634 2278; x_wconf 89' lang='lat' dir='ltr'>omnibus</span> <span class='ocrx_word' id='word_1_114' title='bbox 1650 2238 1702 2295; x_wconf 87' lang='lat' dir='ltr'>per</span> <span class='ocrx_word' id='word_1_115' title='bbox 1713 2224 1806 2293; x_wconf 81' lang='lat' dir='ltr'>tempo</span> 
     </span>
     <span class='ocr_line' id='line_1_15' title="bbox 115 2306 1806 2385; baseline -0.001 -19"><span class='ocrx_word' id='word_1_116' title='bbox 115 2308 242 2366; x_wconf 87' lang='lat' dir='ltr'>salutem</span> <span class='ocrx_word' id='word_1_117' title='bbox 258 2309 362 2366; x_wconf 84' lang='lat' dir='ltr'>animae</span> <span class='ocrx_word' id='word_1_118' title='bbox 378 2312 496 2377; x_wconf 78' lang='lat' dir='ltr'>nostra,</span> <span class='ocrx_word' id='word_1_119' title='bbox 521 2326 572 2382; x_wconf 91' lang='lat' dir='ltr'>per</span> <span class='ocrx_word' id='word_1_120' title='bbox 597 2309 651 2365; x_wconf 92' lang='lat' dir='ltr'>hoc</span> <span class='ocrx_word' id='word_1_121' title='bbox 679 2314 813 2366; x_wconf 89' lang='lat' dir='ltr'>nostrum</span> <span class='ocrx_word' id='word_1_122' title='bbox 840 2326 945 2382; x_wconf 87' lang='lat' dir='ltr'>praeec-</span> <span class='ocrx_word' id='word_1_123' title='bbox 1000 2325 1066 2364; x_wconf 89' lang='lat' dir='ltr'>rum</span> <span class='ocrx_word' id='word_1_124' title='bbox 1083 2308 1229 2366; x_wconf 82' lang='lat' dir='ltr'>enrricula</span> <span class='ocrx_word' id='word_1_125' title='bbox 1244 2310 1300 2366; x_wconf 88' lang='lat' dir='ltr'>sibi</span> <span class='ocrx_word' id='word_1_126' title='bbox 1317 2309 1554 2381; x_wconf 89' lang='lat' dir='ltr'>succedentibus,</span> <span class='ocrx_word' id='word_1_127' title='bbox 1569 2313 1633 2366; x_wconf 88' lang='lat' dir='ltr'>tarn</span> <span class='ocrx_word' id='word_1_128' title='bbox 1650 2309 1762 2385; x_wconf 81' lang='lat' dir='ltr'>regibm</span> <span class='ocrx_word' id='word_1_129' title='bbox 1773 2306 1806 2364; x_wconf 84' lang='lat' dir='ltr'>ri·</span> 
     </span>
     <span class='ocr_line' id='line_1_16' title="bbox 117 2397 1806 2472; baseline 0 -19"><span class='ocrx_word' id='word_1_130' title='bbox 117 2401 201 2471; x_wconf 88' lang='lat' dir='ltr'>ptum</span> <span class='ocrx_word' id='word_1_131' title='bbox 216 2397 429 2454; x_wconf 82' lang='lat' dir='ltr'>confirmamus</span> <span class='ocrx_word' id='word_1_132' title='bbox 444 2397 561 2454; x_wconf 86' lang='lat' dir='ltr'>cuidam</span> <span class='ocrx_word' id='word_1_133' title='bbox 583 2397 672 2467; x_wconf 75' lang='lat' dir='ltr'>cellia,</span> <span class='ocrx_word' id='word_1_134' title='bbox 699 2397 853 2455; x_wconf 89' lang='lat' dir='ltr'>inhonore</span> <span class='ocrx_word' id='word_1_135' title='bbox 878 2415 945 2455; x_wconf 88' lang='lat' dir='ltr'>san·</span> <span class='ocrx_word' id='word_1_136' title='bbox 1000 2397 1106 2454; x_wconf 86' lang='lat' dir='ltr'>delicet</span> <span class='ocrx_word' id='word_1_137' title='bbox 1129 2415 1217 2471; x_wconf 89' lang='lat' dir='ltr'>quarn</span> <span class='ocrx_word' id='word_1_138' title='bbox 1243 2397 1410 2465; x_wconf 85' lang='lat' dir='ltr'>comitibus,</span> <span class='ocrx_word' id='word_1_139' title='bbox 1432 2398 1576 2471; x_wconf 89' lang='lat' dir='ltr'>cujusque</span> <span class='ocrx_word' id='word_1_140' title='bbox 1601 2400 1806 2472; x_wconf 77' lang='lat' dir='ltr'>magistratuum</span> 
     </span>
     <span class='ocr_line' id='line_1_17' title="bbox 115 2483 1806 2560; baseline 0 -18"><span class='ocrx_word' id='word_1_141' title='bbox 115 2490 167 2542; x_wconf 82' lang='lat' dir='ltr'>ctae</span> <span class='ocrx_word' id='word_1_142' title='bbox 196 2485 293 2543; x_wconf 79' lang='lat' dir='ltr'>Mariae</span> <span class='ocrx_word' id='word_1_143' title='bbox 325 2486 438 2555; x_wconf 73' lang='lat' dir='ltr'>dicate,</span> <span class='ocrx_word' id='word_1_144' title='bbox 468 2487 497 2541; x_wconf 87' lang='lat' dir='ltr'>in</span> <span class='ocrx_word' id='word_1_145' title='bbox 537 2487 667 2543; x_wconf 83' lang='lat' dir='ltr'>civitate</span> <span class='ocrx_word' id='word_1_146' title='bbox 690 2487 779 2560; x_wconf 89' lang='lat' dir='ltr'>Papia</span> <span class='ocrx_word' id='word_1_147' title='bbox 808 2487 880 2554; x_wconf 77' lang='lat' dir='ltr'>sita,</span> <span class='ocrx_word' id='word_1_148' title='bbox 909 2486 944 2543; x_wconf 88' lang='lat' dir='ltr'>ad</span> <span class='ocrx_word' id='word_1_149' title='bbox 1001 2487 1151 2559; x_wconf 87' lang='lat' dir='ltr'>gradibus,</span> <span class='ocrx_word' id='word_1_150' title='bbox 1166 2487 1211 2543; x_wconf 90' lang='lat' dir='ltr'>vel</span> <span class='ocrx_word' id='word_1_151' title='bbox 1227 2486 1392 2560; x_wconf 72' lang='lat' dir='ltr'>reipublicae</span> <span class='ocrx_word' id='word_1_152' title='bbox 1417 2483 1806 2559; x_wconf 68' lang='lat' dir='ltr'>administrationibusquot</span> 
     </span>
     <span class='ocr_line' id='line_1_18' title="bbox 113 2573 1806 2649; baseline -0.001 -17"><span class='ocrx_word' id='word_1_153' title='bbox 113 2574 288 2632; x_wconf 79' lang='lat' dir='ltr'>Cluniacum</span> <span class='ocrx_word' id='word_1_154' title='bbox 312 2575 524 2633; x_wconf 87' lang='lat' dir='ltr'>monasterium</span> <span class='ocrx_word' id='word_1_155' title='bbox 551 2577 629 2633; x_wconf 89' lang='lat' dir='ltr'>dono</span> <span class='ocrx_word' id='word_1_156' title='bbox 650 2581 680 2632; x_wconf 91' lang='lat' dir='ltr'>et</span> <span class='ocrx_word' id='word_1_157' title='bbox 700 2577 857 2633; x_wconf 85' lang='lat' dir='ltr'>traditione</span> <span class='ocrx_word' id='word_1_158' title='bbox 879 2575 946 2631; x_wconf 84' lang='lat' dir='ltr'>Gni-</span> <span class='ocrx_word' id='word_1_159' title='bbox 1001 2576 1036 2631; x_wconf 89' lang='lat' dir='ltr'>ad</span> <span class='ocrx_word' id='word_1_160' title='bbox 1053 2575 1286 2649; x_wconf 81' lang='lat' dir='ltr'>deprecationem</span> <span class='ocrx_word' id='word_1_161' title='bbox 1301 2576 1516 2646; x_wconf 79' lang='lat' dir='ltr'>Emmce,nostri</span> <span class='ocrx_word' id='word_1_162' title='bbox 1534 2576 1651 2649; x_wconf 84' lang='lat' dir='ltr'>imperii</span> <span class='ocrx_word' id='word_1_163' title='bbox 1673 2573 1806 2641; x_wconf 83' lang='lat' dir='ltr'>consertis,</span> 
     </span>
     <span class='ocr_line' id='line_1_19' title="bbox 115 2664 1809 2738; baseline -0.001 -17"><span class='ocrx_word' id='word_1_164' title='bbox 115 2664 187 2721; x_wconf 90' lang='lat' dir='ltr'>dulss</span> <span class='ocrx_word' id='word_1_165' title='bbox 201 2681 381 2738; x_wconf 89' lang='lat' dir='ltr'>suorumque</span> <span class='ocrx_word' id='word_1_166' title='bbox 396 2664 546 2722; x_wconf 70' lang='lat' dir='ltr'>hairedum</span> <span class='ocrx_word' id='word_1_167' title='bbox 560 2666 781 2738; x_wconf 91' lang='lat' dir='ltr'>pcrtinenti,qui</span> <span class='ocrx_word' id='word_1_168' title='bbox 797 2665 946 2738; x_wconf 89' lang='lat' dir='ltr'>quondam</span> <span class='ocrx_word' id='word_1_169' title='bbox 1001 2664 1184 2737; x_wconf 86' lang='lat' dir='ltr'>aliorumque</span> <span class='ocrx_word' id='word_1_170' title='bbox 1197 2670 1364 2721; x_wconf 89' lang='lat' dir='ltr'>nestrorum</span> <span class='ocrx_word' id='word_1_171' title='bbox 1382 2665 1578 2737; x_wconf 90' lang='lat' dir='ltr'>quorumdam</span> <span class='ocrx_word' id='word_1_172' title='bbox 1596 2664 1726 2720; x_wconf 83' lang='lat' dir='ltr'>fidelium</span> <span class='ocrx_word' id='word_1_173' title='bbox 1739 2678 1809 2737; x_wconf 74' lang='lat' dir='ltr'>qnis-</span> 
     </span>
     <span class='ocr_line' id='line_1_20' title="bbox 116 2751 1809 2826; baseline -0.001 -17"><span class='ocrx_word' id='word_1_174' title='bbox 116 2753 227 2826; x_wconf 83' lang='lat' dir='ltr'>capella</span> <span class='ocrx_word' id='word_1_175' title='bbox 239 2751 391 2809; x_wconf 88' lang='lat' dir='ltr'>dicebatur</span> <span class='ocrx_word' id='word_1_176' title='bbox 405 2753 541 2822; x_wconf 80' lang='lat' dir='ltr'>Gnidulfi,</span> <span class='ocrx_word' id='word_1_177' title='bbox 563 2754 614 2810; x_wconf 89' lang='lat' dir='ltr'>sed</span> <span class='ocrx_word' id='word_1_178' title='bbox 640 2772 718 2810; x_wconf 90' lang='lat' dir='ltr'>nunc</span> <span class='ocrx_word' id='word_1_179' title='bbox 742 2755 779 2810; x_wconf 91' lang='lat' dir='ltr'>ab</span> <span class='ocrx_word' id='word_1_180' title='bbox 808 2754 946 2811; x_wconf 88' lang='lat' dir='ltr'>omnibus</span> <span class='ocrx_word' id='word_1_181' title='bbox 1003 2753 1070 2808; x_wconf 84' lang='lat' dir='ltr'>dam</span> <span class='ocrx_word' id='word_1_182' title='bbox 1087 2753 1326 2820; x_wconf 87' lang='lat' dir='ltr'>res,obam0rem</span> <span class='ocrx_word' id='word_1_183' title='bbox 1342 2753 1392 2810; x_wconf 89' lang='lat' dir='ltr'>Dei</span> <span class='ocrx_word' id='word_1_184' title='bbox 1417 2752 1809 2826; x_wconf 84' lang='lat' dir='ltr'>sanctorumquepriucipuu</span> 
     </span>
     <span class='ocr_line' id='line_1_21' title="bbox 117 2839 1810 2916; baseline -0.002 -18"><span class='ocrx_word' id='word_1_185' title='bbox 117 2841 191 2898; x_wconf 87' lang='lat' dir='ltr'>cella</span> <span class='ocrx_word' id='word_1_186' title='bbox 205 2841 313 2898; x_wconf 87' lang='lat' dir='ltr'>dicitur</span> <span class='ocrx_word' id='word_1_187' title='bbox 326 2843 421 2899; x_wconf 88' lang='lat' dir='ltr'>sancti</span> <span class='ocrx_word' id='word_1_188' title='bbox 437 2842 547 2912; x_wconf 82' lang='lat' dir='ltr'>Maioli,</span> <span class='ocrx_word' id='word_1_189' title='bbox 560 2860 664 2900; x_wconf 89' lang='lat' dir='ltr'>omnes</span> <span class='ocrx_word' id='word_1_190' title='bbox 681 2861 728 2900; x_wconf 91' lang='lat' dir='ltr'>res</span> <span class='ocrx_word' id='word_1_191' title='bbox 743 2846 771 2899; x_wconf 88' lang='lat' dir='ltr'>et</span> <span class='ocrx_word' id='word_1_192' title='bbox 786 2843 947 2916; x_wconf 89' lang='lat' dir='ltr'>proprieta-</span> <span class='ocrx_word' id='word_1_193' title='bbox 1002 2841 1214 2914; x_wconf 87' lang='lat' dir='ltr'>apostolorum,</span> <span class='ocrx_word' id='word_1_194' title='bbox 1238 2843 1315 2899; x_wconf 91' lang='lat' dir='ltr'>Petri</span> <span class='ocrx_word' id='word_1_195' title='bbox 1335 2843 1445 2899; x_wconf 90' lang='lat' dir='ltr'>seilicet</span> <span class='ocrx_word' id='word_1_196' title='bbox 1469 2845 1558 2914; x_wconf 87' lang='lat' dir='ltr'>atquc</span> <span class='ocrx_word' id='word_1_197' title='bbox 1585 2840 1679 2909; x_wconf 90' lang='lat' dir='ltr'>Pauli,</span> <span class='ocrx_word' id='word_1_198' title='bbox 1701 2840 1737 2897; x_wconf 87' lang='lat' dir='ltr'>ad</span> <span class='ocrx_word' id='word_1_199' title='bbox 1755 2839 1810 2897; x_wconf 77' lang='lat' dir='ltr'>iln-</span> 
     </span>
     <span class='ocr_line' id='line_1_22' title="bbox 113 2929 1810 3005; baseline -0.004 -17"><span class='ocrx_word' id='word_1_200' title='bbox 113 2933 160 2988; x_wconf 84' lang='lat' dir='ltr'>les</span> <span class='ocrx_word' id='word_1_201' title='bbox 175 2930 211 2987; x_wconf 87' lang='lat' dir='ltr'>ad</span> <span class='ocrx_word' id='word_1_202' title='bbox 233 2932 370 2989; x_wconf 85' lang='lat' dir='ltr'>eamdem</span> <span class='ocrx_word' id='word_1_203' title='bbox 394 2931 497 2988; x_wconf 83' lang='lat' dir='ltr'>celiam</span> <span class='ocrx_word' id='word_1_204' title='bbox 521 2932 602 2988; x_wconf 89' lang='lat' dir='ltr'>intus</span> <span class='ocrx_word' id='word_1_205' title='bbox 618 2935 647 2988; x_wconf 91' lang='lat' dir='ltr'>et</span> <span class='ocrx_word' id='word_1_206' title='bbox 670 2932 741 2989; x_wconf 84' lang='lat' dir='ltr'>ioris</span> <span class='ocrx_word' id='word_1_207' title='bbox 758 2932 946 3005; x_wconf 86' lang='lat' dir='ltr'>pertinentes,</span> <span class='ocrx_word' id='word_1_208' title='bbox 1003 2930 1104 2987; x_wconf 87' lang='lat' dir='ltr'>nieuse</span> <span class='ocrx_word' id='word_1_209' title='bbox 1119 2932 1330 2988; x_wconf 88' lang='lat' dir='ltr'>monasterium</span> <span class='ocrx_word' id='word_1_210' title='bbox 1345 2931 1448 2999; x_wconf 87' lang='lat' dir='ltr'>trado;</span> <span class='ocrx_word' id='word_1_211' title='bbox 1466 2947 1499 2986; x_wconf 90' lang='lat' dir='ltr'>eo</span> <span class='ocrx_word' id='word_1_212' title='bbox 1515 2929 1662 3004; x_wconf 87' lang='lat' dir='ltr'>siquidem</span> <span class='ocrx_word' id='word_1_213' title='bbox 1681 2930 1810 2987; x_wconf 76' lang='lat' dir='ltr'>tenooerd</span> 
     </span>
     <span class='ocr_line' id='line_1_23' title="bbox 113 3016 1808 3094; baseline -0.003 -18"><span class='ocrx_word' id='word_1_214' title='bbox 113 3036 190 3094; x_wconf 83' lang='lat' dir='ltr'>quas</span> <span class='ocrx_word' id='word_1_215' title='bbox 205 3019 350 3090; x_wconf 63' lang='lat' dir='ltr'>habetest</span> <span class='ocrx_word' id='word_1_216' title='bbox 365 3020 395 3076; x_wconf 91' lang='lat' dir='ltr'>in</span> <span class='ocrx_word' id='word_1_217' title='bbox 411 3020 510 3077; x_wconf 89' lang='lat' dir='ltr'>iuture</span> <span class='ocrx_word' id='word_1_218' title='bbox 526 3025 602 3077; x_wconf 86' lang='lat' dir='ltr'>Deus</span> <span class='ocrx_word' id='word_1_219' title='bbox 617 3021 657 3077; x_wconf 92' lang='lat' dir='ltr'>ibi</span> <span class='ocrx_word' id='word_1_220' title='bbox 675 3021 860 3090; x_wconf 81' lang='lat' dir='ltr'>concesserit,</span> <span class='ocrx_word' id='word_1_221' title='bbox 877 3035 945 3076; x_wconf 89' lang='lat' dir='ltr'>cum</span> <span class='ocrx_word' id='word_1_222' title='bbox 1001 3020 1168 3076; x_wconf 79' lang='lat' dir='ltr'>fraternitas</span> <span class='ocrx_word' id='word_1_223' title='bbox 1184 3021 1395 3076; x_wconf 84' lang='lat' dir='ltr'>monachorum</span> <span class='ocrx_word' id='word_1_224' title='bbox 1412 3019 1483 3075; x_wconf 89' lang='lat' dir='ltr'>inibi</span> <span class='ocrx_word' id='word_1_225' title='bbox 1500 3018 1670 3093; x_wconf 84' lang='lat' dir='ltr'>degentium</span> <span class='ocrx_word' id='word_1_226' title='bbox 1686 3034 1729 3074; x_wconf 83' lang='lat' dir='ltr'>res</span> <span class='ocrx_word' id='word_1_227' title='bbox 1742 3016 1808 3090; x_wconf 80' lang='lat' dir='ltr'>ipsas</span> 
     </span>
     <span class='ocr_line' id='line_1_24' title="bbox 114 3102 1807 3183; baseline -0.004 -17"><span class='ocrx_word' id='word_1_228' title='bbox 114 3109 201 3167; x_wconf 82' lang='lat' dir='ltr'>terris</span> <span class='ocrx_word' id='word_1_229' title='bbox 214 3108 304 3167; x_wconf 86' lang='lat' dir='ltr'>cultis</span> <span class='ocrx_word' id='word_1_230' title='bbox 318 3112 348 3166; x_wconf 86' lang='lat' dir='ltr'>ct</span> <span class='ocrx_word' id='word_1_231' title='bbox 359 3109 489 3180; x_wconf 86' lang='lat' dir='ltr'>incultis,</span> <span class='ocrx_word' id='word_1_232' title='bbox 506 3111 600 3183; x_wconf 88' lang='lat' dir='ltr'>aquis,</span> <span class='ocrx_word' id='word_1_233' title='bbox 617 3108 804 3180; x_wconf 89' lang='lat' dir='ltr'>molendinis,</span> <span class='ocrx_word' id='word_1_234' title='bbox 819 3109 945 3183; x_wconf 88' lang='lat' dir='ltr'>piscato·</span> <span class='ocrx_word' id='word_1_235' title='bbox 1001 3109 1063 3165; x_wconf 89' lang='lat' dir='ltr'>sine</span> <span class='ocrx_word' id='word_1_236' title='bbox 1080 3107 1238 3180; x_wconf 89' lang='lat' dir='ltr'>cujuslibet</span> <span class='ocrx_word' id='word_1_237' title='bbox 1253 3112 1305 3164; x_wconf 89' lang='lat' dir='ltr'>aut</span> <span class='ocrx_word' id='word_1_238' title='bbox 1324 3108 1412 3181; x_wconf 84' lang='lat' dir='ltr'>regis,</span> <span class='ocrx_word' id='word_1_239' title='bbox 1427 3111 1478 3164; x_wconf 88' lang='lat' dir='ltr'>aut</span> <span class='ocrx_word' id='word_1_240' title='bbox 1502 3106 1630 3175; x_wconf 88' lang='lat' dir='ltr'>comitis,</span> <span class='ocrx_word' id='word_1_241' title='bbox 1646 3109 1688 3164; x_wconf 88' lang='lat' dir='ltr'>vel</span> <span class='ocrx_word' id='word_1_242' title='bbox 1703 3102 1807 3178; x_wconf 84' lang='lat' dir='ltr'>cujusli-</span> 
     </span>
     <span class='ocr_line' id='line_1_25' title="bbox 114 3194 1807 3270; baseline -0.004 -16"><span class='ocrx_word' id='word_1_243' title='bbox 114 3196 209 3263; x_wconf 87' lang='lat' dir='ltr'>ribus,</span> <span class='ocrx_word' id='word_1_244' title='bbox 226 3198 365 3255; x_wconf 87' lang='lat' dir='ltr'>omnibus</span> <span class='ocrx_word' id='word_1_245' title='bbox 381 3198 468 3255; x_wconf 87' lang='lat' dir='ltr'>rebus</span> <span class='ocrx_word' id='word_1_246' title='bbox 484 3198 643 3255; x_wconf 89' lang='lat' dir='ltr'>mobilibus</span> <span class='ocrx_word' id='word_1_247' title='bbox 669 3202 697 3254; x_wconf 90' lang='lat' dir='ltr'>et</span> <span class='ocrx_word' id='word_1_248' title='bbox 722 3196 944 3270; x_wconf 85' lang='lat' dir='ltr'>immobilibus3</span> <span class='ocrx_word' id='word_1_249' title='bbox 1000 3197 1049 3254; x_wconf 91' lang='lat' dir='ltr'>bet</span> <span class='ocrx_word' id='word_1_250' title='bbox 1072 3196 1219 3253; x_wconf 82' lang='lat' dir='ltr'>interioris</span> <span class='ocrx_word' id='word_1_251' title='bbox 1239 3198 1348 3270; x_wconf 84' lang='lat' dir='ltr'>gradus</span> <span class='ocrx_word' id='word_1_252' title='bbox 1369 3197 1575 3253; x_wconf 83' lang='lat' dir='ltr'>contrarietate</span> <span class='ocrx_word' id='word_1_253' title='bbox 1601 3200 1737 3270; x_wconf 88' lang='lat' dir='ltr'>perpetuo</span> <span class='ocrx_word' id='word_1_254' title='bbox 1753 3194 1807 3266; x_wconf 79' lang='lat' dir='ltr'>jure</span> 
     </span>
     <span class='ocr_line' id='line_1_26' title="bbox 115 3278 1805 3359; baseline -0.004 -16"><span class='ocrx_word' id='word_1_255' title='bbox 115 3286 426 3343; x_wconf 85' lang='lat' dir='ltr'>eavidelieetratione</span> <span class='ocrx_word' id='word_1_256' title='bbox 442 3292 474 3342; x_wconf 91' lang='lat' dir='ltr'>ut</span> <span class='ocrx_word' id='word_1_257' title='bbox 493 3288 557 3359; x_wconf 86' lang='lat' dir='ltr'>jam</span> <span class='ocrx_word' id='word_1_258' title='bbox 585 3286 662 3343; x_wconf 86' lang='lat' dir='ltr'>dieta</span> <span class='ocrx_word' id='word_1_259' title='bbox 683 3287 755 3343; x_wconf 89' lang='lat' dir='ltr'>cella</span> <span class='ocrx_word' id='word_1_260' title='bbox 770 3286 886 3357; x_wconf 90' lang='lat' dir='ltr'>habeat,</span> <span class='ocrx_word' id='word_1_261' title='bbox 903 3292 945 3346; x_wconf 87' lang='lat' dir='ltr'>te·</span> <span class='ocrx_word' id='word_1_262' title='bbox 1000 3287 1182 3358; x_wconf 88' lang='lat' dir='ltr'>possideant,</span> <span class='ocrx_word' id='word_1_263' title='bbox 1195 3290 1224 3342; x_wconf 90' lang='lat' dir='ltr'>et</span> <span class='ocrx_word' id='word_1_264' title='bbox 1249 3287 1343 3343; x_wconf 90' lang='lat' dir='ltr'>eidem</span> <span class='ocrx_word' id='word_1_265' title='bbox 1368 3284 1431 3342; x_wconf 89' lang='lat' dir='ltr'>loeo</span> <span class='ocrx_word' id='word_1_266' title='bbox 1456 3302 1508 3358; x_wconf 92' lang='lat' dir='ltr'>pro</span> <span class='ocrx_word' id='word_1_267' title='bbox 1534 3289 1635 3341; x_wconf 88' lang='lat' dir='ltr'>nostro</span> <span class='ocrx_word' id='word_1_268' title='bbox 1662 3278 1805 3341; x_wconf 78' lang='lat' dir='ltr'>memoriali</span> 
     </span>
     <span class='ocr_line' id='line_1_27' title="bbox 116 3367 1805 3448; baseline -0.001 -18"><span class='ocrx_word' id='word_1_269' title='bbox 116 3374 378 3446; x_wconf 84' lang='lat' dir='ltr'>neat,tlrrniterque</span> <span class='ocrx_word' id='word_1_270' title='bbox 393 3373 550 3446; x_wconf 88' lang='lat' dir='ltr'>possideat,</span> <span class='ocrx_word' id='word_1_271' title='bbox 576 3378 605 3430; x_wconf 91' lang='lat' dir='ltr'>et</span> <span class='ocrx_word' id='word_1_272' title='bbox 629 3390 746 3447; x_wconf 84' lang='lat' dir='ltr'>semper</span> <span class='ocrx_word' id='word_1_273' title='bbox 769 3374 799 3429; x_wconf 90' lang='lat' dir='ltr'>in</span> <span class='ocrx_word' id='word_1_274' title='bbox 825 3375 945 3432; x_wconf 87' lang='lat' dir='ltr'>ordina·</span> <span class='ocrx_word' id='word_1_275' title='bbox 1001 3380 1192 3445; x_wconf 78' lang='lat' dir='ltr'>reservantes,</span> <span class='ocrx_word' id='word_1_276' title='bbox 1210 3380 1268 3430; x_wconf 85' lang='lat' dir='ltr'>tarn</span> <span class='ocrx_word' id='word_1_277' title='bbox 1286 3373 1435 3448; x_wconf 88' lang='lat' dir='ltr'>prouehis</span> <span class='ocrx_word' id='word_1_278' title='bbox 1450 3389 1541 3446; x_wconf 86' lang='lat' dir='ltr'>quarn</span> <span class='ocrx_word' id='word_1_279' title='bbox 1564 3389 1618 3445; x_wconf 91' lang='lat' dir='ltr'>pro</span> <span class='ocrx_word' id='word_1_280' title='bbox 1642 3377 1719 3429; x_wconf 86' lang='lat' dir='ltr'>statu</span> <span class='ocrx_word' id='word_1_281' title='bbox 1740 3367 1805 3444; x_wconf 71' lang='lat' dir='ltr'>regri</span> 
     </span>
     <span class='ocr_line' id='line_1_28' title="bbox 116 3461 1805 3536; baseline 0 -18"><span class='ocrx_word' id='word_1_282' title='bbox 116 3463 195 3521; x_wconf 85' lang='lat' dir='ltr'>tione</span> <span class='ocrx_word' id='word_1_283' title='bbox 222 3467 252 3519; x_wconf 79' lang='lat' dir='ltr'>et</span> <span class='ocrx_word' id='word_1_284' title='bbox 277 3462 470 3534; x_wconf 87' lang='lat' dir='ltr'>dispositione</span> <span class='ocrx_word' id='word_1_285' title='bbox 493 3462 696 3520; x_wconf 77' lang='lat' dir='ltr'>cluniacensis</span> <span class='ocrx_word' id='word_1_286' title='bbox 721 3463 847 3531; x_wconf 88' lang='lat' dir='ltr'>abbatis,</span> <span class='ocrx_word' id='word_1_287' title='bbox 869 3463 947 3520; x_wconf 90' lang='lat' dir='ltr'>sicut</span> <span class='ocrx_word' id='word_1_288' title='bbox 1000 3463 1103 3533; x_wconf 87' lang='lat' dir='ltr'>nostri,</span> <span class='ocrx_word' id='word_1_289' title='bbox 1116 3463 1223 3520; x_wconf 78' lang='lat' dir='ltr'>Christi</span> <span class='ocrx_word' id='word_1_290' title='bbox 1236 3463 1423 3520; x_wconf 87' lang='lat' dir='ltr'>elementiam</span> <span class='ocrx_word' id='word_1_291' title='bbox 1439 3461 1737 3536; x_wconf 81' lang='lat' dir='ltr'>atquepraedietorum</span> <span class='ocrx_word' id='word_1_292' title='bbox 1750 3473 1805 3532; x_wconf 73' lang='lat' dir='ltr'>epo·</span> 
     </span>
     <span class='ocr_line' id='line_1_29' title="bbox 114 3544 1845 3626; baseline 0.001 -20"><span class='ocrx_word' id='word_1_293' title='bbox 114 3549 269 3606; x_wconf 80' lang='lat' dir='ltr'>Gaidulius</span> <span class='ocrx_word' id='word_1_294' title='bbox 284 3549 439 3619; x_wconf 87' lang='lat' dir='ltr'>ordinavit,</span> <span class='ocrx_word' id='word_1_295' title='bbox 452 3551 728 3623; x_wconf 75' lang='lat' dir='ltr'>permaneatiltiam</span> <span class='ocrx_word' id='word_1_296' title='bbox 754 3567 821 3607; x_wconf 89' lang='lat' dir='ltr'>eum</span> <span class='ocrx_word' id='word_1_297' title='bbox 845 3556 946 3609; x_wconf 85' lang='lat' dir='ltr'>nostra</span> <span class='ocrx_word' id='word_1_298' title='bbox 1000 3553 1143 3609; x_wconf 85' lang='lat' dir='ltr'>stolorum</span> <span class='ocrx_word' id='word_1_299' title='bbox 1159 3551 1323 3626; x_wconf 89' lang='lat' dir='ltr'>patrocinia</span> <span class='ocrx_word' id='word_1_300' title='bbox 1342 3552 1453 3625; x_wconf 84' lang='lat' dir='ltr'>jugiter</span> <span class='ocrx_word' id='word_1_301' title='bbox 1475 3552 1646 3624; x_wconf 86' lang='lat' dir='ltr'>deposcant,</span> <span class='ocrx_word' id='word_1_302' title='bbox 1660 3556 1689 3607; x_wconf 84' lang='lat' dir='ltr'>et</span> <span class='ocrx_word' id='word_1_303' title='bbox 1702 3566 1748 3624; x_wconf 87' lang='lat' dir='ltr'>pro</span> <span class='ocrx_word' id='word_1_304' title='bbox 1760 3544 1804 3603; x_wconf 79' lang='lat' dir='ltr'>itti·</span> <span class='ocrx_word' id='word_1_305' title='bbox 1843 3602 1845 3607; x_wconf 91' lang='lat'><em>.</em></span> 
     </span>
     <span class='ocr_line' id='line_1_30' title="bbox 109 3628 1845 3713; baseline -0.001 -18"><span class='ocrx_word' id='word_1_306' title='bbox 109 3638 273 3697; x_wconf 79' lang='lat' dir='ltr'>donatione</span> <span class='ocrx_word' id='word_1_307' title='bbox 299 3642 329 3696; x_wconf 88' lang='lat' dir='ltr'>et</span> <span class='ocrx_word' id='word_1_308' title='bbox 350 3638 534 3707; x_wconf 84' lang='lat' dir='ltr'>auctoritate,</span> <span class='ocrx_word' id='word_1_309' title='bbox 557 3639 679 3712; x_wconf 87' lang='lat' dir='ltr'>insuper</span> <span class='ocrx_word' id='word_1_310' title='bbox 702 3639 846 3713; x_wconf 89' lang='lat' dir='ltr'>imperiali</span> <span class='ocrx_word' id='word_1_311' title='bbox 858 3641 945 3712; x_wconf 85' lang='lat' dir='ltr'>jube·</span> <span class='ocrx_word' id='word_1_312' title='bbox 1001 3641 1193 3698; x_wconf 89' lang='lat' dir='ltr'>nihilominus</span> <span class='ocrx_word' id='word_1_313' title='bbox 1223 3641 1273 3713; x_wconf 90' lang='lat' dir='ltr'>qui</span> <span class='ocrx_word' id='word_1_314' title='bbox 1304 3641 1379 3697; x_wconf 90' lang='lat' dir='ltr'>hanc</span> <span class='ocrx_word' id='word_1_315' title='bbox 1409 3639 1597 3696; x_wconf 87' lang='lat' dir='ltr'>donationem</span> <span class='ocrx_word' id='word_1_316' title='bbox 1625 3636 1803 3696; x_wconf 73' lang='lat' dir='ltr'>inconsutam</span> <span class='ocrx_word' id='word_1_317' title='bbox 1843 3628 1845 3639; x_wconf 80' lang='lat'>&#39;</span> 
     </span>
     <span class='ocr_line' id='line_1_31' title="bbox 117 3721 1845 3804; baseline -0.003 -20"><span class='ocrx_word' id='word_1_318' title='bbox 117 3744 186 3784; x_wconf 85' lang='lat' dir='ltr'>mus</span> <span class='ocrx_word' id='word_1_319' title='bbox 210 3722 502 3802; x_wconf 70' lang='lat' dir='ltr'>potentia&#39;utnullus</span> <span class='ocrx_word' id='word_1_320' title='bbox 529 3728 598 3796; x_wconf 85' lang='lat' dir='ltr'>dux,</span> <span class='ocrx_word' id='word_1_321' title='bbox 619 3726 868 3802; x_wconf 85' lang='lat' dir='ltr'>archiepiscopus,</span> <span class='ocrx_word' id='word_1_322' title='bbox 884 3731 945 3804; x_wconf 91' lang='lat' dir='ltr'>epi·</span> <span class='ocrx_word' id='word_1_323' title='bbox 1001 3746 1170 3803; x_wconf 89' lang='lat' dir='ltr'>permanere</span> <span class='ocrx_word' id='word_1_324' title='bbox 1186 3729 1393 3786; x_wconf 88' lang='lat' dir='ltr'>concesserint.</span> <span class='ocrx_word' id='word_1_325' title='bbox 1414 3729 1489 3785; x_wconf 89' lang='lat' dir='ltr'>Sunt</span> <span class='ocrx_word' id='word_1_326' title='bbox 1504 3731 1603 3785; x_wconf 86' lang='lat' dir='ltr'>autem</span> <span class='ocrx_word' id='word_1_327' title='bbox 1633 3728 1701 3802; x_wconf 78' lang='lat' dir='ltr'>ipse</span> <span class='ocrx_word' id='word_1_328' title='bbox 1722 3721 1803 3783; x_wconf 73' lang='lat' dir='ltr'>resti</span> <span class='ocrx_word' id='word_1_329' title='bbox 1842 3738 1845 3799; x_wconf 73' lang='grc' dir='ltr'><strong><em>ζ</em></strong></span> 
     </span>
     <span class='ocr_line' id='line_1_32' title="bbox 118 3810 1802 3891; baseline -0.004 -17"><span class='ocrx_word' id='word_1_330' title='bbox 118 3834 234 3891; x_wconf 87' lang='lat' dir='ltr'>scopus,</span> <span class='ocrx_word' id='word_1_331' title='bbox 251 3816 391 3885; x_wconf 74' lang='lat' dir='ltr'>marchio,</span> <span class='ocrx_word' id='word_1_332' title='bbox 417 3833 525 3885; x_wconf 88' lang='lat' dir='ltr'>eomes,</span> <span class='ocrx_word' id='word_1_333' title='bbox 544 3817 647 3889; x_wconf 87' lang='lat' dir='ltr'>judex,</span> <span class='ocrx_word' id='word_1_334' title='bbox 669 3815 840 3886; x_wconf 88' lang='lat' dir='ltr'>vicecomes,</span> <span class='ocrx_word' id='word_1_335' title='bbox 866 3818 946 3875; x_wconf 88' lang='lat' dir='ltr'>nulla</span> <span class='ocrx_word' id='word_1_336' title='bbox 1000 3825 1034 3876; x_wconf 77' lang='lat' dir='ltr'>tce</span> <span class='ocrx_word' id='word_1_337' title='bbox 1064 3819 1093 3875; x_wconf 92' lang='lat' dir='ltr'>in</span> <span class='ocrx_word' id='word_1_338' title='bbox 1122 3818 1261 3876; x_wconf 90' lang='lat' dir='ltr'>comitatu</span> <span class='ocrx_word' id='word_1_339' title='bbox 1300 3817 1468 3874; x_wconf 85' lang='lat' dir='ltr'>Matiseensi</span> <span class='ocrx_word' id='word_1_340' title='bbox 1501 3817 1532 3873; x_wconf 91' lang='lat' dir='ltr'>in</span> <span class='ocrx_word' id='word_1_341' title='bbox 1566 3816 1677 3873; x_wconf 82' lang='lat' dir='ltr'>vicaria</span> <span class='ocrx_word' id='word_1_342' title='bbox 1679 3855 1771 3873; x_wconf 87' lang='grc'><strong>.....</strong></span> <span class='ocrx_word' id='word_1_343' title='bbox 1780 3810 1802 3867; x_wconf 80' lang='lat' dir='ltr'>ot</span> 
     </span>
     <span class='ocr_line' id='line_1_33' title="bbox 117 3904 1845 3980; baseline -0.003 -18"><span class='ocrx_word' id='word_1_344' title='bbox 117 3905 233 3980; x_wconf 88' lang='lat' dir='ltr'>imperii</span> <span class='ocrx_word' id='word_1_345' title='bbox 257 3906 350 3963; x_wconf 85' lang='lat' dir='ltr'>nostri</span> <span class='ocrx_word' id='word_1_346' title='bbox 379 3921 486 3980; x_wconf 79' lang='lat' dir='ltr'>magna</span> <span class='ocrx_word' id='word_1_347' title='bbox 510 3921 657 3979; x_wconf 85' lang='lat' dir='ltr'>parvaque</span> <span class='ocrx_word' id='word_1_348' title='bbox 677 3908 946 3980; x_wconf 82' lang='lat' dir='ltr'>persona,deprae·</span> <span class='ocrx_word' id='word_1_349' title='bbox 998 3913 1118 3965; x_wconf 88' lang='lat' dir='ltr'>vocatur</span> <span class='ocrx_word' id='word_1_350' title='bbox 1143 3907 1210 3963; x_wconf 88' lang='lat' dir='ltr'>villa</span> <span class='ocrx_word' id='word_1_351' title='bbox 1244 3907 1280 3963; x_wconf 88' lang='lat' dir='ltr'>ed</span> <span class='ocrx_word' id='word_1_352' title='bbox 1310 3904 1474 3973; x_wconf 80' lang='lat' dir='ltr'>(lbivinees,</span> <span class='ocrx_word' id='word_1_353' title='bbox 1507 3921 1600 3978; x_wconf 88' lang='lat' dir='ltr'>quam</span> <span class='ocrx_word' id='word_1_354' title='bbox 1625 3905 1727 3961; x_wconf 86' lang='lat' dir='ltr'>damus</span> <span class='ocrx_word' id='word_1_355' title='bbox 1749 3912 1798 3956; x_wconf 74' lang='lat' dir='ltr'>eun</span> <span class='ocrx_word' id='word_1_356' title='bbox 1837 3942 1845 3957; x_wconf 86' lang='lat'><em>.</em></span> 
     </span>
     <span class='ocr_line' id='line_1_34' title="bbox 116 3985 1799 4068; baseline -0.004 -16"><span class='ocrx_word' id='word_1_357' title='bbox 116 3996 195 4052; x_wconf 85' lang='lat' dir='ltr'>dieta</span> <span class='ocrx_word' id='word_1_358' title='bbox 206 3994 345 4065; x_wconf 88' lang='lat' dir='ltr'>cella,aut</span> <span class='ocrx_word' id='word_1_359' title='bbox 365 3995 427 4052; x_wconf 90' lang='lat' dir='ltr'>suis</span> <span class='ocrx_word' id='word_1_360' title='bbox 453 3994 647 4068; x_wconf 89' lang='lat' dir='ltr'>pertinentiis,</span> <span class='ocrx_word' id='word_1_361' title='bbox 668 3994 873 4064; x_wconf 87' lang='lat' dir='ltr'>intromittere,</span> <span class='ocrx_word' id='word_1_362' title='bbox 899 3996 944 4053; x_wconf 88' lang='lat' dir='ltr'>val</span> <span class='ocrx_word' id='word_1_363' title='bbox 1000 3996 1137 4054; x_wconf 90' lang='lat' dir='ltr'>omnibus</span> <span class='ocrx_word' id='word_1_364' title='bbox 1148 3994 1328 4068; x_wconf 88' lang='lat' dir='ltr'>appendiciis</span> <span class='ocrx_word' id='word_1_365' title='bbox 1341 3995 1414 4064; x_wconf 89' lang='lat' dir='ltr'>suis,</span> <span class='ocrx_word' id='word_1_366' title='bbox 1431 3999 1460 4050; x_wconf 90' lang='lat' dir='ltr'>et</span> <span class='ocrx_word' id='word_1_367' title='bbox 1475 3995 1592 4050; x_wconf 89' lang='lat' dir='ltr'>tertiam</span> <span class='ocrx_word' id='word_1_368' title='bbox 1609 3997 1720 4068; x_wconf 84' lang='lat' dir='ltr'>partem</span> <span class='ocrx_word' id='word_1_369' title='bbox 1733 3985 1799 4065; x_wconf 65' lang='lat' dir='ltr'>pise&gt;</span> 
     </span>
     <span class='ocr_line' id='line_1_35' title="bbox 116 4072 1795 4158; baseline -0.002 -18"><span class='ocrx_word' id='word_1_370' title='bbox 116 4083 229 4158; x_wconf 86' lang='lat' dir='ltr'>aliquid</span> <span class='ocrx_word' id='word_1_371' title='bbox 244 4084 390 4155; x_wconf 81' lang='lat' dir='ltr'>ordinare,</span> <span class='ocrx_word' id='word_1_372' title='bbox 406 4088 458 4141; x_wconf 88' lang='lat' dir='ltr'>eut</span> <span class='ocrx_word' id='word_1_373' title='bbox 481 4084 652 4157; x_wconf 85' lang='lat' dir='ltr'>dispensare</span> <span class='ocrx_word' id='word_1_374' title='bbox 674 4084 737 4140; x_wconf 91' lang='lat' dir='ltr'>sine</span> <span class='ocrx_word' id='word_1_375' title='bbox 758 4084 895 4157; x_wconf 86' lang='lat' dir='ltr'>jussione</span> <span class='ocrx_word' id='word_1_376' title='bbox 918 4091 947 4143; x_wconf 87' lang='lat' dir='ltr'>et</span> <span class='ocrx_word' id='word_1_377' title='bbox 1000 4105 1042 4142; x_wconf 84' lang='lat' dir='ltr'>nae</span> <span class='ocrx_word' id='word_1_378' title='bbox 1059 4103 1122 4158; x_wconf 84' lang='lat' dir='ltr'>quae</span> <span class='ocrx_word' id='word_1_379' title='bbox 1138 4089 1257 4140; x_wconf 85' lang='lat' dir='ltr'>vocatur</span> <span class='ocrx_word' id='word_1_380' title='bbox 1277 4082 1343 4152; x_wconf 88' lang='lat' dir='ltr'>Osa,</span> <span class='ocrx_word' id='word_1_381' title='bbox 1360 4099 1428 4138; x_wconf 86' lang='lat' dir='ltr'>cum</span> <span class='ocrx_word' id='word_1_382' title='bbox 1451 4081 1622 4155; x_wconf 89' lang='lat' dir='ltr'>mancipiis,</span> <span class='ocrx_word' id='word_1_383' title='bbox 1637 4080 1681 4138; x_wconf 87' lang='lat' dir='ltr'>vel</span> <span class='ocrx_word' id='word_1_384' title='bbox 1701 4072 1795 4155; x_wconf 69' lang='lat' dir='ltr'>retiam</span> 
     </span>
     <span class='ocr_line' id='line_1_36' title="bbox 115 4171 1795 4248; baseline -0.004 -17"><span class='ocrx_word' id='word_1_385' title='bbox 115 4173 266 4231; x_wconf 87' lang='lat' dir='ltr'>voluntate</span> <span class='ocrx_word' id='word_1_386' title='bbox 281 4172 396 4231; x_wconf 82' lang='lat' dir='ltr'>abbatis</span> <span class='ocrx_word' id='word_1_387' title='bbox 419 4172 620 4230; x_wconf 80' lang='lat' dir='ltr'>cluniacensis</span> <span class='ocrx_word' id='word_1_388' title='bbox 642 4178 810 4247; x_wconf 78' lang='lat' dir='ltr'>presumat.</span> <span class='ocrx_word' id='word_1_389' title='bbox 828 4175 858 4232; x_wconf 85' lang='lat' dir='ltr'>Si</span> <span class='ocrx_word' id='word_1_390' title='bbox 878 4174 945 4248; x_wconf 88' lang='lat' dir='ltr'>quis</span> <span class='ocrx_word' id='word_1_391' title='bbox 999 4175 1139 4232; x_wconf 89' lang='lat' dir='ltr'>rebusad</span> <span class='ocrx_word' id='word_1_392' title='bbox 1157 4173 1288 4230; x_wconf 88' lang='lat' dir='ltr'>camdem</span> <span class='ocrx_word' id='word_1_393' title='bbox 1303 4171 1445 4245; x_wconf 85' lang='lat' dir='ltr'>piscinam</span> <span class='ocrx_word' id='word_1_394' title='bbox 1462 4171 1689 4244; x_wconf 89' lang='lat' dir='ltr'>pertinentibus,</span> <span class='ocrx_word' id='word_1_395' title='bbox 1703 4174 1732 4226; x_wconf 90' lang='lat' dir='ltr'>ut</span> <span class='ocrx_word' id='word_1_396' title='bbox 1744 4178 1795 4224; x_wconf 72' lang='lat' dir='ltr'>sont</span> 
     </span>
     <span class='ocr_line' id='line_1_37' title="bbox 113 4254 1795 4340; baseline -0.004 -22"><span class='ocrx_word' id='word_1_397' title='bbox 113 4263 206 4337; x_wconf 84' lang='lat' dir='ltr'>igitur</span> <span class='ocrx_word' id='word_1_398' title='bbox 220 4262 275 4320; x_wconf 89' lang='lat' dir='ltr'>bec</span> <span class='ocrx_word' id='word_1_399' title='bbox 289 4267 396 4321; x_wconf 79' lang='lat' dir='ltr'>nostre</span> <span class='ocrx_word' id='word_1_400' title='bbox 420 4262 590 4320; x_wconf 86' lang='lat' dir='ltr'>stabilitatis</span> <span class='ocrx_word' id='word_1_401' title='bbox 614 4266 792 4336; x_wconf 79' lang='lat' dir='ltr'>preceptum</span> <span class='ocrx_word' id='word_1_402' title='bbox 816 4265 943 4340; x_wconf 80' lang='lat' dir='ltr'>inegerit,</span> <span class='ocrx_word' id='word_1_403' title='bbox 1001 4282 1051 4338; x_wconf 90' lang='lat' dir='ltr'>per</span> <span class='ocrx_word' id='word_1_404' title='bbox 1066 4264 1155 4320; x_wconf 89' lang='lat' dir='ltr'>iidem</span> <span class='ocrx_word' id='word_1_405' title='bbox 1167 4261 1302 4318; x_wconf 90' lang='lat' dir='ltr'>monachi</span> <span class='ocrx_word' id='word_1_406' title='bbox 1319 4261 1450 4317; x_wconf 88' lang='lat' dir='ltr'>medium</span> <span class='ocrx_word' id='word_1_407' title='bbox 1463 4264 1592 4317; x_wconf 86' lang='lat' dir='ltr'>tractum</span> <span class='ocrx_word' id='word_1_408' title='bbox 1605 4260 1737 4318; x_wconf 85' lang='lat' dir='ltr'>babeant</span> <span class='ocrx_word' id='word_1_409' title='bbox 1748 4254 1795 4311; x_wconf 75' lang='lat' dir='ltr'>ior</span> 
     </span>
     <span class='ocr_line' id='line_1_38' title="bbox 114 4337 1793 4425; baseline -0.003 -18"><span class='ocrx_word' id='word_1_410' title='bbox 114 4356 272 4425; x_wconf 87' lang='lat' dir='ltr'>componat</span> <span class='ocrx_word' id='word_1_411' title='bbox 282 4356 401 4409; x_wconf 85' lang='lat' dir='ltr'>centum</span> <span class='ocrx_word' id='word_1_412' title='bbox 417 4352 509 4408; x_wconf 85' lang='lat' dir='ltr'>libras</span> <span class='ocrx_word' id='word_1_413' title='bbox 523 4351 598 4418; x_wconf 90' lang='lat' dir='ltr'>auri,</span> <span class='ocrx_word' id='word_1_414' title='bbox 615 4352 802 4408; x_wconf 88' lang='lat' dir='ltr'>medietatem</span> <span class='ocrx_word' id='word_1_415' title='bbox 823 4337 980 4409; x_wconf 76' lang='lat' dir='ltr'>camerac</span> <span class='ocrx_word' id='word_1_416' title='bbox 1001 4353 1153 4408; x_wconf 85' lang='lat' dir='ltr'>firmamus</span> <span class='ocrx_word' id='word_1_417' title='bbox 1169 4352 1256 4407; x_wconf 86' lang='lat' dir='ltr'>etiam</span> <span class='ocrx_word' id='word_1_418' title='bbox 1273 4349 1460 4405; x_wconf 87' lang='lat' dir='ltr'>donationem</span> <span class='ocrx_word' id='word_1_419' title='bbox 1473 4365 1562 4422; x_wconf 88' lang='lat' dir='ltr'>quam</span> <span class='ocrx_word' id='word_1_420' title='bbox 1573 4349 1618 4405; x_wconf 90' lang='lat' dir='ltr'>vir</span> <span class='ocrx_word' id='word_1_421' title='bbox 1631 4349 1722 4406; x_wconf 89' lang='lat' dir='ltr'>bouus</span> <span class='ocrx_word' id='word_1_422' title='bbox 1734 4342 1793 4402; x_wconf 65' lang='lat' dir='ltr'>lal-</span> 
     </span>
     <span class='ocr_line' id='line_1_39' title="bbox 114 4424 1791 4508; baseline -0.004 -11"><span class='ocrx_word' id='word_1_423' title='bbox 114 4446 221 4497; x_wconf 79' lang='lat' dir='ltr'>nostre</span> <span class='ocrx_word' id='word_1_424' title='bbox 247 4446 276 4498; x_wconf 87' lang='lat' dir='ltr'>et</span> <span class='ocrx_word' id='word_1_425' title='bbox 307 4442 497 4498; x_wconf 85' lang='lat' dir='ltr'>medietatum</span> <span class='ocrx_word' id='word_1_426' title='bbox 528 4440 713 4497; x_wconf 74' lang='lat' dir='ltr'>cluniacensi</span> <span class='ocrx_word' id='word_1_427' title='bbox 753 4441 941 4498; x_wconf 88' lang='lat' dir='ltr'>monasterio.</span> <span class='ocrx_word' id='word_1_428' title='bbox 998 4437 1411 4508; x_wconf 80' lang='lat' dir='ltr'>baldusdeBleuoscoiecit3</span> <span class='ocrx_word' id='word_1_429' title='bbox 1429 4437 1479 4494; x_wconf 85' lang='lat' dir='ltr'>sed</span> <span class='ocrx_word' id='word_1_430' title='bbox 1505 4441 1533 4493; x_wconf 87' lang='lat' dir='ltr'>et</span> <span class='ocrx_word' id='word_1_431' title='bbox 1557 4436 1641 4493; x_wconf 87' lang='lat' dir='ltr'>illam</span> <span class='ocrx_word' id='word_1_432' title='bbox 1665 4424 1791 4506; x_wconf 63' lang='lat' dir='ltr'>neceb</span> 
     </span>
     <span class='ocr_line' id='line_1_40' title="bbox 112 4514 1790 4603; baseline -0.006 -18"><span class='ocrx_word' id='word_1_433' title='bbox 112 4529 196 4594; x_wconf 78' lang='lat' dir='ltr'>Quod</span> <span class='ocrx_word' id='word_1_434' title='bbox 224 4533 257 4585; x_wconf 87' lang='lat' dir='ltr'>nt</span> <span class='ocrx_word' id='word_1_435' title='bbox 274 4530 373 4586; x_wconf 87' lang='lat' dir='ltr'>verius</span> <span class='ocrx_word' id='word_1_436' title='bbox 397 4532 533 4588; x_wconf 86' lang='lat' dir='ltr'>credetur</span> <span class='ocrx_word' id='word_1_437' title='bbox 560 4534 589 4586; x_wconf 87' lang='lat' dir='ltr'>et</span> <span class='ocrx_word' id='word_1_438' title='bbox 617 4546 733 4603; x_wconf 86' lang='lat' dir='ltr'>semper</span> <span class='ocrx_word' id='word_1_439' title='bbox 761 4530 940 4602; x_wconf 84' lang='lat' dir='ltr'>observetur,</span> <span class='ocrx_word' id='word_1_440' title='bbox 997 4530 1090 4586; x_wconf 87' lang='lat' dir='ltr'>saneti</span> <span class='ocrx_word' id='word_1_441' title='bbox 1104 4528 1239 4594; x_wconf 87' lang='lat' dir='ltr'>Victoris,</span> <span class='ocrx_word' id='word_1_442' title='bbox 1256 4544 1319 4599; x_wconf 77' lang='lat' dir='ltr'>quac</span> <span class='ocrx_word' id='word_1_443' title='bbox 1346 4526 1434 4583; x_wconf 85' lang='lat' dir='ltr'>estin</span> <span class='ocrx_word' id='word_1_444' title='bbox 1449 4526 1610 4600; x_wconf 80' lang='lat' dir='ltr'>Absgogia,</span> <span class='ocrx_word' id='word_1_445' title='bbox 1635 4524 1679 4583; x_wconf 89' lang='lat' dir='ltr'>vel</span> <span class='ocrx_word' id='word_1_446' title='bbox 1703 4514 1790 4580; x_wconf 76' lang='lat' dir='ltr'>dedit</span> 
     </span>
     <span class='ocr_line' id='line_1_41' title="bbox 114 4614 1788 4692; baseline -0.002 -19"><span class='ocrx_word' id='word_1_447' title='bbox 114 4634 204 4674; x_wconf 87' lang='lat' dir='ltr'>manu</span> <span class='ocrx_word' id='word_1_448' title='bbox 228 4617 347 4692; x_wconf 86' lang='lat' dir='ltr'>proprie</span> <span class='ocrx_word' id='word_1_449' title='bbox 370 4619 553 4690; x_wconf 86' lang='lat' dir='ltr'>roborantes,</span> <span class='ocrx_word' id='word_1_450' title='bbox 570 4617 666 4690; x_wconf 83' lang='lat' dir='ltr'>sigillo</span> <span class='ocrx_word' id='word_1_451' title='bbox 694 4623 794 4674; x_wconf 88' lang='lat' dir='ltr'>nestro</span> <span class='ocrx_word' id='word_1_452' title='bbox 818 4619 943 4691; x_wconf 76' lang='lat' dir='ltr'>sigillari</span> <span class='ocrx_word' id='word_1_453' title='bbox 996 4619 1085 4675; x_wconf 88' lang='lat' dir='ltr'>rebus</span> <span class='ocrx_word' id='word_1_454' title='bbox 1113 4635 1176 4690; x_wconf 77' lang='lat' dir='ltr'>qun</span> <span class='ocrx_word' id='word_1_455' title='bbox 1200 4615 1333 4672; x_wconf 69' lang='lat' dir='ltr'>altaldus</span> <span class='ocrx_word' id='word_1_456' title='bbox 1361 4614 1405 4671; x_wconf 90' lang='lat' dir='ltr'>vel</span> <span class='ocrx_word' id='word_1_457' title='bbox 1435 4614 1484 4672; x_wconf 91' lang='lat' dir='ltr'>alii</span> <span class='ocrx_word' id='word_1_458' title='bbox 1509 4616 1546 4672; x_wconf 91' lang='lat' dir='ltr'>ad</span> <span class='ocrx_word' id='word_1_459' title='bbox 1577 4614 1739 4690; x_wconf 59' lang='lat' dir='ltr'>predictam</span> <span class='ocrx_word' id='word_1_460' title='bbox 1757 4620 1788 4662; x_wconf 61' lang='lat' dir='ltr'>t*</span> 
     </span>
     <span class='ocr_line' id='line_1_42' title="bbox 113 4702 1787 4781; baseline -0.004 -18"><span class='ocrx_word' id='word_1_461' title='bbox 113 4707 321 4781; x_wconf 77' lang='lat' dir='ltr'>precepimus.</span> <span class='ocrx_word' id='word_1_462' title='bbox 996 4707 1103 4781; x_wconf 89' lang='lat' dir='ltr'>pellam</span> <span class='ocrx_word' id='word_1_463' title='bbox 1114 4707 1263 4762; x_wconf 86' lang='lat' dir='ltr'>tradentes</span> <span class='ocrx_word' id='word_1_464' title='bbox 1278 4703 1641 4777; x_wconf 84' lang='lat' dir='ltr'>Cluniacodelegaverunt.</span> <span class='ocrx_word' id='word_1_465' title='bbox 1657 4702 1787 4768; x_wconf 69' lang='lat' dir='ltr'>nmium</span> 
     </span>
     <span class='ocr_line' id='line_1_43' title="bbox 153 4781 1785 4869; baseline -0.004 -17"><span class='ocrx_word' id='word_1_466' title='bbox 153 4797 270 4867; x_wconf 82' lang='lat' dir='ltr'>Sipnum</span> <span class='ocrx_word' id='word_1_467' title='bbox 306 4796 401 4854; x_wconf 68' lang='lat' dir='ltr'>domm</span> <span class='ocrx_word' id='word_1_468' title='bbox 438 4797 540 4855; x_wconf 69' lang='lat' dir='ltr'>ottones</span> <span class='ocrx_word' id='word_1_469' title='bbox 574 4798 742 4853; x_wconf 84' lang='lat' dir='ltr'>inclitissimi</span> <span class='ocrx_word' id='word_1_470' title='bbox 771 4798 943 4869; x_wconf 81' lang='lat' dir='ltr'>imperatoris</span> <span class='ocrx_word' id='word_1_471' title='bbox 997 4814 1043 4853; x_wconf 85' lang='lat' dir='ltr'>res</span> <span class='ocrx_word' id='word_1_472' title='bbox 1054 4813 1121 4852; x_wconf 88' lang='lat' dir='ltr'>cum</span> <span class='ocrx_word' id='word_1_473' title='bbox 1135 4793 1264 4867; x_wconf 68' lang='lat' dir='ltr'>capellis</span> <span class='ocrx_word' id='word_1_474' title='bbox 1277 4792 1431 4865; x_wconf 84' lang='lat' dir='ltr'>mancipiis</span> <span class='ocrx_word' id='word_1_475' title='bbox 1447 4794 1603 4865; x_wconf 88' lang='lat' dir='ltr'>utriusque</span> <span class='ocrx_word' id='word_1_476' title='bbox 1619 4781 1785 4859; x_wconf 63' lang='lat' dir='ltr'>serussinia</span> 
     </span>
     <span class='ocr_line' id='line_1_44' title="bbox 115 4869 1786 4961; baseline -0.008 -19"><span class='ocrx_word' id='word_1_477' title='bbox 115 4885 240 4959; x_wconf 73' lang='lat' dir='ltr'>depasti.</span> <span class='ocrx_word' id='word_1_478' title='bbox 826 4954 837 4961; x_wconf 82' lang='lat'>..</span> <span class='ocrx_word' id='word_1_479' title='bbox 996 4885 1099 4958; x_wconf 89' lang='lat' dir='ltr'>pratis,</span> <span class='ocrx_word' id='word_1_480' title='bbox 1125 4882 1221 4956; x_wconf 87' lang='lat' dir='ltr'>aquis,</span> <span class='ocrx_word' id='word_1_481' title='bbox 1245 4881 1431 4950; x_wconf 91' lang='lat' dir='ltr'>molendinis,</span> <span class='ocrx_word' id='word_1_482' title='bbox 1457 4880 1549 4950; x_wconf 91' lang='lat' dir='ltr'>silvis,</span> <span class='ocrx_word' id='word_1_483' title='bbox 1576 4883 1654 4938; x_wconf 89' lang='lat' dir='ltr'>casis</span> <span class='ocrx_word' id='word_1_484' title='bbox 1678 4869 1786 4936; x_wconf 75' lang='lat' dir='ltr'>calceet</span> 
     </span>
     <span class='ocr_line' id='line_1_45' title="bbox 150 4970 1786 5050; baseline -0.004 -20"><span class='ocrx_word' id='word_1_485' title='bbox 150 4975 224 5031; x_wconf 86' lang='lat' dir='ltr'>Data</span> <span class='ocrx_word' id='word_1_486' title='bbox 239 4975 312 5032; x_wconf 79' lang='lat' dir='ltr'>idib.</span> <span class='ocrx_word' id='word_1_487' title='bbox 330 4976 447 5050; x_wconf 81' lang='lat' dir='ltr'>Aprilis,</span> <span class='ocrx_word' id='word_1_488' title='bbox 465 4993 542 5032; x_wconf 89' lang='lat' dir='ltr'>anne</span> <span class='ocrx_word' id='word_1_489' title='bbox 565 4974 723 5031; x_wconf 74' lang='lat' dir='ltr'>Dominicis</span> <span class='ocrx_word' id='word_1_490' title='bbox 749 4974 942 5031; x_wconf 90' lang='lat' dir='ltr'>incarnationi</span> <span class='ocrx_word' id='word_1_491' title='bbox 996 4971 1125 5040; x_wconf 88' lang='lat' dir='ltr'>incultis,</span> <span class='ocrx_word' id='word_1_492' title='bbox 1137 4978 1225 5045; x_wconf 85' lang='lat' dir='ltr'>atque</span> <span class='ocrx_word' id='word_1_493' title='bbox 1239 4971 1376 5029; x_wconf 82' lang='lat' dir='ltr'>omnibus</span> <span class='ocrx_word' id='word_1_494' title='bbox 1392 4987 1455 5044; x_wconf 80' lang='lat' dir='ltr'>quae</span> <span class='ocrx_word' id='word_1_495' title='bbox 1469 4970 1506 5026; x_wconf 89' lang='lat' dir='ltr'>ad</span> <span class='ocrx_word' id='word_1_496' title='bbox 1522 4987 1572 5027; x_wconf 88' lang='lat' dir='ltr'>eas</span> <span class='ocrx_word' id='word_1_497' title='bbox 1593 4970 1731 5045; x_wconf 86' lang='lat' dir='ltr'>pertinere</span> <span class='ocrx_word' id='word_1_498' title='bbox 1742 4973 1786 5036; x_wconf 82' lang='lat' dir='ltr'>pro·</span> 
     </span>
     <span class='ocr_line' id='line_1_46' title="bbox 113 5049 1785 5138; baseline -0.004 -22"><span class='ocrx_word' id='word_1_499' title='bbox 113 5062 178 5131; x_wconf 87' lang='grc'><strong>999,</strong></span> <span class='ocrx_word' id='word_1_500' title='bbox 195 5062 256 5120; x_wconf 90' lang='lat' dir='ltr'>ind.</span> <span class='ocrx_word' id='word_1_501' title='bbox 281 5082 333 5132; x_wconf 87' lang='lat' dir='ltr'>xn,</span> <span class='ocrx_word' id='word_1_502' title='bbox 356 5084 432 5123; x_wconf 90' lang='lat' dir='ltr'>anne</span> <span class='ocrx_word' id='word_1_503' title='bbox 456 5065 533 5122; x_wconf 89' lang='lat' dir='ltr'>tertii</span> <span class='ocrx_word' id='word_1_504' title='bbox 559 5063 673 5121; x_wconf 85' lang='lat' dir='ltr'>Ottonis</span> <span class='ocrx_word' id='word_1_505' title='bbox 700 5064 776 5136; x_wconf 84' lang='lat' dir='ltr'>regis</span> <span class='ocrx_word' id='word_1_506' title='bbox 800 5064 844 5131; x_wconf 82' lang='lat' dir='ltr'>ll,</span> <span class='ocrx_word' id='word_1_507' title='bbox 869 5063 941 5138; x_wconf 85' lang='lat' dir='ltr'>imp.</span> <span class='ocrx_word' id='word_1_508' title='bbox 995 5063 1112 5129; x_wconf 89' lang='lat' dir='ltr'>bantur,</span> <span class='ocrx_word' id='word_1_509' title='bbox 1128 5060 1319 5134; x_wconf 79' lang='lat' dir='ltr'>velpraedieto</span> <span class='ocrx_word' id='word_1_510' title='bbox 1344 5060 1522 5117; x_wconf 84' lang='lat' dir='ltr'>monasterio</span> <span class='ocrx_word' id='word_1_511' title='bbox 1547 5058 1722 5132; x_wconf 88' lang='lat' dir='ltr'>acquirenda</span> <span class='ocrx_word' id='word_1_512' title='bbox 1734 5049 1785 5109; x_wconf 74' lang='lat' dir='ltr'>sunl</span> 
     </span>
     <span class='ocr_line' id='line_1_47' title="bbox 112 5147 1787 5232; baseline -0.004 -26"><span class='ocrx_word' id='word_1_513' title='bbox 112 5149 130 5206; x_wconf 88' lang='lat'>3</span> <span class='ocrx_word' id='word_1_514' title='bbox 143 5150 218 5223; x_wconf 77' lang='lat' dir='ltr'>nug.</span> <span class='ocrx_word' id='word_1_515' title='bbox 232 5151 330 5209; x_wconf 82' lang='lat' dir='ltr'>Rome</span> <span class='ocrx_word' id='word_1_516' title='bbox 345 5153 477 5221; x_wconf 77' lang='lat' dir='ltr'>feliciter.</span> <span class='ocrx_word' id='word_1_517' title='bbox 995 5170 1047 5226; x_wconf 90' lang='lat' dir='ltr'>per</span> <span class='ocrx_word' id='word_1_518' title='bbox 1061 5154 1192 5208; x_wconf 85' lang='lat' dir='ltr'>nostram</span> <span class='ocrx_word' id='word_1_519' title='bbox 1207 5147 1424 5205; x_wconf 88' lang='lat' dir='ltr'>concessionem</span> <span class='ocrx_word' id='word_1_520' title='bbox 1446 5148 1615 5206; x_wconf 86' lang='lat' dir='ltr'>firmamus.</span> <span class='ocrx_word' id='word_1_521' title='bbox 1640 5147 1787 5232; x_wconf 69' lang='lat' dir='ltr'>scripturae</span> 
     </span>
     <span class='ocr_line' id='line_1_48' title="bbox 508 5229 1790 5314; baseline -0.008 -15"><span class='ocrx_word' id='word_1_522' title='bbox 508 5244 542 5299; x_wconf 92' lang='lat' dir='ltr'>ll.</span> <span class='ocrx_word' id='word_1_523' title='bbox 996 5257 1113 5314; x_wconf 89' lang='lat' dir='ltr'>quoque</span> <span class='ocrx_word' id='word_1_524' title='bbox 1136 5239 1217 5296; x_wconf 88' lang='lat' dir='ltr'>illam</span> <span class='ocrx_word' id='word_1_525' title='bbox 1240 5254 1329 5311; x_wconf 89' lang='lat' dir='ltr'>quam</span> <span class='ocrx_word' id='word_1_526' title='bbox 1350 5237 1443 5300; x_wconf 88' lang='lat' dir='ltr'>Berno</span> <span class='ocrx_word' id='word_1_527' title='bbox 1466 5238 1626 5312; x_wconf 88' lang='lat' dir='ltr'>episcopus</span> <span class='ocrx_word' id='word_1_528' title='bbox 1648 5229 1790 5311; x_wconf 73' lang='lat' dir='ltr'>supradicte</span> 
     </span>
     <span class='ocr_line' id='line_1_49' title="bbox 112 5324 1791 5403; baseline -0.003 -18"><span class='ocrx_word' id='word_1_529' title='bbox 112 5328 282 5402; x_wconf 73' lang='lat' dir='ltr'>Praeceptum</span> <span class='ocrx_word' id='word_1_530' title='bbox 295 5330 402 5403; x_wconf 76' lang='lat' dir='ltr'>Rodulfi</span> <span class='ocrx_word' id='word_1_531' title='bbox 418 5334 489 5402; x_wconf 77' lang='lat' dir='ltr'>repis</span> <span class='ocrx_word' id='word_1_532' title='bbox 502 5334 535 5389; x_wconf 85' lang='lat' dir='ltr'>de</span> <span class='ocrx_word' id='word_1_533' title='bbox 547 5333 688 5396; x_wconf 75' lang='lat' dir='ltr'>dictricis,</span> <span class='ocrx_word' id='word_1_534' title='bbox 701 5331 838 5400; x_wconf 78' lang='lat' dir='ltr'>blenosco,</span> <span class='ocrx_word' id='word_1_535' title='bbox 849 5339 941 5390; x_wconf 83' lang='lat' dir='ltr'>sancto</span> <span class='ocrx_word' id='word_1_536' title='bbox 996 5329 1149 5388; x_wconf 90' lang='lat' dir='ltr'>monachis</span> <span class='ocrx_word' id='word_1_537' title='bbox 1176 5329 1212 5384; x_wconf 87' lang='lat' dir='ltr'>de</span> <span class='ocrx_word' id='word_1_538' title='bbox 1241 5342 1343 5384; x_wconf 88' lang='lat' dir='ltr'>sorum</span> <span class='ocrx_word' id='word_1_539' title='bbox 1369 5326 1491 5383; x_wconf 88' lang='lat' dir='ltr'>decimis</span> <span class='ocrx_word' id='word_1_540' title='bbox 1529 5327 1608 5394; x_wconf 85' lang='lat' dir='ltr'>iecit,</span> <span class='ocrx_word' id='word_1_541' title='bbox 1639 5330 1727 5384; x_wconf 85' lang='lat' dir='ltr'>ratem</span> <span class='ocrx_word' id='word_1_542' title='bbox 1750 5324 1791 5375; x_wconf 66' lang='lat' dir='ltr'>nst</span> 
     </span>
     <span class='ocr_line' id='line_1_50' title="bbox 342 5402 1793 5492; baseline -0.006 -15"><span class='ocrx_word' id='word_1_543' title='bbox 342 5402 482 5460; x_wconf 64' lang='lat' dir='ltr'>ViCWssil</span> <span class='ocrx_word' id='word_1_544' title='bbox 496 5405 562 5459; x_wconf 59' lang='lat'>“253⁸</span> <span class='ocrx_word' id='word_1_545' title='bbox 577 5404 712 5476; x_wconf 61' lang='lat' dir='ltr'>callemi·-</span> <span class='ocrx_word' id='word_1_546' title='bbox 995 5435 1161 5486; x_wconf 89' lang='lat' dir='ltr'>censemus,</span> <span class='ocrx_word' id='word_1_547' title='bbox 1191 5418 1232 5472; x_wconf 88' lang='lat' dir='ltr'>ita</span> <span class='ocrx_word' id='word_1_548' title='bbox 1257 5420 1289 5471; x_wconf 85' lang='lat' dir='ltr'>ut</span> <span class='ocrx_word' id='word_1_549' title='bbox 1318 5414 1391 5472; x_wconf 89' lang='lat' dir='ltr'>nihil</span> <span class='ocrx_word' id='word_1_550' title='bbox 1416 5416 1452 5472; x_wconf 89' lang='lat' dir='ltr'>de</span> <span class='ocrx_word' id='word_1_551' title='bbox 1475 5416 1600 5474; x_wconf 86' lang='lat' dir='ltr'>decimis</span> <span class='ocrx_word' id='word_1_552' title='bbox 1625 5433 1687 5492; x_wconf 84' lang='lat' dir='ltr'>quae</span> <span class='ocrx_word' id='word_1_553' title='bbox 1711 5412 1743 5470; x_wconf 86' lang='lat' dir='ltr'>ad</span> <span class='ocrx_word' id='word_1_554' title='bbox 1760 5416 1793 5462; x_wconf 68' lang='lat' dir='ltr'>etl</span> 
     </span>
    </p>
   </div>
   <div class='ocr_carea' id='block_1_7' title="bbox 147 5492 1799 5674">
    <p class='ocr_par' dir='ltr' id='par_1_8' title="bbox 147 5492 1799 5674">
     <span class='ocr_line' id='line_1_51' title="bbox 210 5492 1795 5594; baseline -0.006 -27"><span class='ocrx_word' id='word_1_555' title='bbox 210 5573 218 5586; x_wconf 38' lang='grc' dir='ltr'>Ι</span> <span class='ocrx_word' id='word_1_556' title='bbox 433 5494 528 5562; x_wconf 63' lang='grc' dir='ltr'>(ΑΗΒ0</span> <span class='ocrx_word' id='word_1_557' title='bbox 543 5492 619 5565; x_wconf 50' lang='grc'>9979</span> <span class='ocrx_word' id='word_1_558' title='bbox 995 5508 1159 5583; x_wconf 89' lang='lat' dir='ltr'>antiquitus</span> <span class='ocrx_word' id='word_1_559' title='bbox 1173 5505 1446 5580; x_wconf 87' lang='lat' dir='ltr'>pertinuerunt,per</span> <span class='ocrx_word' id='word_1_560' title='bbox 1456 5503 1549 5562; x_wconf 86' lang='lat' dir='ltr'>ullam</span> <span class='ocrx_word' id='word_1_561' title='bbox 1561 5510 1708 5565; x_wconf 71' lang='lat' dir='ltr'>recentem</span> <span class='ocrx_word' id='word_1_562' title='bbox 1721 5500 1795 5594; x_wconf 52' lang='lat' dir='ltr'>autb</span> 
     </span>
     <span class='ocr_line' id='line_1_52' title="bbox 147 5591 1799 5674; baseline -0.005 -17"><span class='ocrx_word' id='word_1_563' title='bbox 147 5595 314 5658; x_wconf 85' lang='lat' dir='ltr'>innomine</span> <span class='ocrx_word' id='word_1_564' title='bbox 337 5602 443 5657; x_wconf 85' lang='lat' dir='ltr'>sanetae</span> <span class='ocrx_word' id='word_1_565' title='bbox 467 5601 496 5657; x_wconf 85' lang='lat' dir='ltr'>et</span> <span class='ocrx_word' id='word_1_566' title='bbox 514 5597 673 5656; x_wconf 82' lang='lat' dir='ltr'>individue</span> <span class='ocrx_word' id='word_1_567' title='bbox 695 5597 858 5674; x_wconf 79' lang='lat' dir='ltr'>Trinitatis,</span> <span class='ocrx_word' id='word_1_568' title='bbox 881 5599 935 5659; x_wconf 84' lang='lat' dir='ltr'>llo·</span> <span class='ocrx_word' id='word_1_569' title='bbox 995 5591 1799 5671; x_wconf 73' lang='lat' dir='ltr'>ritatemsubtraherecuiquamliceatdleeautemomutt</span> 
     </span>
    </p>
   </div>
   <div class='ocr_carea' id='block_1_8' title="bbox 0 0 1946 6084">
    <p class='ocr_par' dir='ltr' id='par_1_9' title="bbox 0 0 1946 6084">
     <span class='ocr_line' id='line_1_53' title="bbox 0 0 1946 6084; baseline 0 6"><span class='ocrx_word' id='word_1_570' title='bbox 0 0 1946 6084; x_wconf 95' lang='lat' dir='ltr'> </span> 
     </span>
    </p>
   </div>
  </div>
 </body>
</html>
