3900 6098
552 296 605 359 aa
628 296 723 359 viva
750 295 786 355 B.
810 295 948 359 blrlltlbl
971 298 1143 362 Austris.

1650 300 1710 361 aab

85 439 159 498 iliter
175 437 336 496 intellectus
352 436 386 493 ad
402 434 496 492 lucem
514 434 699 508 procederet,
724 431 821 487 avan·
837 429 863 497 A
878 431 1019 490 obtinere.
1037 434 1177 490 Processu
1192 450 1260 490 vero
1272 426 1711 506 temporis,posttrausitmnvi‘

89 546 206 604 quoque
220 527 341 585 luminis
356 526 458 602 gloria,
472 524 567 580 virtus
579 540 613 579 aa
624 522 773 592 majestas
786 522 826 576 to·

85 620 168 679 tundi
182 617 524 693 densissimascllagaret
538 614 687 671 tenebras.
705 612 764 666 Per
775 609 826 666 ho·

85 712 191 769 etenim
207 709 433 766 sincerissimam
459 705 640 762 industriam
665 699 823 774 apostolici

88 803 273 875 exponuntur
288 803 315 854 et
330 797 572 854 commendantur
589 792 741 848 fidelibus,
773 792 825 847 l‘er

85 888 323 947 rdcvotissimum
334 887 474 955 studium,
484 887 639 941 beatorum
652 885 822 953 martyrum

85 979 160 1055 phas
174 977 307 1034 Ecclesia
323 980 428 1032 sancta
440 974 667 1031 commendatur
684 973 713 1024 ct
733 971 823 1026 mori-

879 522 984 580 delieet
996 523 1303 597 supradictispiissimi
1320 522 1422 595 patris,
1434 538 1485 594 pcr
1495 512 1710 580 1)ῡαὶυῶΜᾶἷῖ-

879 610 1711 687 rumejusdiscipulumomnispeneGalliat37lcjusinsti-
1729 620 1730 623 ’

879 703 1001 760 tutionis
1016 709 1044 760 et
1056 703 1206 777 religionis
1223 703 1356 775 suscepit
1366 700 1528 758 exordium.
1541 701 1651 759 Deinde
1657 705 1717 777 per

879 810 945 850 eum
962 798 991 850 et
1006 809 1055 851 eos
1070 794 1217 867 quosipse
1234 791 1427 866 adjustitiam
1437 791 1572 861 erudivit,
1585 793 1709 868 perplu-

879 884 954 939 rima
968 887 1134 956 temporum
1151 885 1256 956 spatia,
1272 885 1375 940 eadem
1392 880 1536 956 religioad
1552 884 1708 941 cumulum

877 972 1061 1046 perfectionis
1077 973 1211 1042 excrevit,
1228 974 1271 1029 cis
1286 973 1322 1028 ab
1338 972 1392 1027 hac
1411 971 1470 1027 vita
1485 971 1706 1044 decedentibus,

85 1069 207 1137 latorum
224 1083 351 1138 numqua
366 1067 432 1134 hdo,
443 1064 586 1138 sapientia
598 1066 627 1116 ot
638 1059 822 1132 pradicatio·
872 1063 991 1133 justitia
1004 1069 1179 1133 rarescente,
1197 1064 1328 1137 nequitia
1342 1064 1553 1132 crebrescente,
1570 1069 1598 1121 et
1614 1072 1707 1126 matre

85 1156 192 1215 stantia
208 1154 424 1211 susurrantium
438 1158 466 1210 et
487 1149 699 1209 oblatrantium
716 1154 821 1206 eontra
876 1151 1008 1209 omnium
1024 1153 1169 1210 bonarum
1181 1154 1323 1210 virtutum
1347 1153 1505 1228 disciplina
1528 1159 1704 1229 tepescente,

91 1243 266 1303 catholicam
282 1261 417 1299 murmur
429 1242 663 1316 compescituret
679 1241 820 1312 opprimi·
875 1247 1025 1316 eoeperunt
1039 1244 1139 1300 studia
1152 1245 1269 1300 Petrum
1287 1243 1404 1317 piorum
1425 1243 1559 1313 delicere,
1585 1248 1614 1300 ct
1628 1244 1706 1303 sicat

85 1334 318 1393 :bismaticerum
344 1331 484 1405 strepitus
508 1333 630 1388 sedatur
651 1332 680 1383 ct
695 1345 728 1384 os
743 1348 820 1387 vana
874 1348 926 1402 per
940 1331 1092 1407 religiosos
1108 1337 1136 1390 et
1150 1333 1262 1390 fervere
1278 1334 1374 1390 sancti
1389 1332 1516 1407 Spiritus
1530 1333 1704 1407 plencssan-

85 1421 498 1491 rtiumobstruitur,idolorum
507 1419 817 1495 potcstasdestruitur,
874 1426 924 1475 ctae
941 1421 1134 1477 institutionis
1151 1440 1254 1479 norma
1268 1425 1413 1497 gradatim
1425 1425 1611 1499 perlectionis
1624 1445 1703 1487 acco-

85 1514 144 1571 ium
161 1512 317 1583 erudelitas
329 1516 494 1585 superatur,
511 1508 755 1584 philosophorum
774 1510 818 1564 ia·
873 1510 916 1583 pit
931 1516 1134 1584 augmentum,
1159 1512 1198 1568 ita
1214 1530 1275 1586 perA
1289 1513 1471 1587 negligentes
1495 1520 1524 1571 et
1538 1516 1702 1575 desidiosos

88 1603 296 1668 contemnitur,
314 1600 488 1674 conspuitur
502 1604 530 1657 et
545 1597 731 1666 annullatum
754 1615 816 1654 em·
873 1598 1014 1671 paulatim
1031 1599 1138 1659 decidit
1154 1599 1183 1655 ia
1199 1601 1354 1658 delectam.
1372 1603 1517 1660 Salutaris
1532 1603 1621 1678 igitur
1637 1624 1701 1679 pro-

100 1691 302 1748 bareticorum
331 1690 455 1757 salsitas,
484 1689 616 1762 perfidia,
644 1686 813 1755 infidelitas,
872 1687 958 1760 positi
976 1688 1140 1760 perniciosa
1154 1690 1275 1746 defectio
1291 1709 1385 1764 usque
1401 1694 1436 1748 ad
1448 1695 1565 1766 tempus
1580 1694 1652 1751 illud
1666 1698 1701 1752 ir·

85 1784 112 1839 et
126 1780 222 1837 rabies
238 1779 324 1835 velati
342 1780 416 1835 letor
431 1780 575 1845 fumosae,
593 1781 621 1834 et
636 1777 736 1832 sumus
753 1777 816 1832 leti·
831 1818 855 1882 Β
872 1776 1500 1851 repseratlatitando,quolaventeWillelmc
1511 1782 1698 1843 Christianis-

84 1887 140 1937 ias,
158 1874 189 1926 ut
204 1887 354 1942 nunquam
365 1874 394 1924 et
406 1887 552 1940 nusquam
560 1867 654 1941 possit
662 1883 811 1938 apparere,

85 1962 169 2023 latur,
184 1963 213 2014 et
226 1958 256 2012 in
273 1956 397 2013 nihilum
425 1957 581 2013 resolvitur
597 1961 626 2012 et
647 1953 811 2012 exhalatur.

85 2066 145 2105 iam
162 2047 234 2104 tales
247 2053 274 2102 et
289 2052 385 2102 tantos
400 2046 489 2117 viros,
506 2050 608 2119 utpote
633 2045 710 2100 cives
732 2062 811 2112 suos,

85 2137 180 2212 gissai
202 2137 376 2192 domesticos
402 2134 469 2191 aula
495 2136 622 2192 ccelesiis
646 2134 813 2189 laetabunda

85 2228 124 2297 iit,
141 2244 176 2283 ex
187 2226 251 2299 ipsa
265 2242 403 2298 suprema
418 2225 588 2298 caelestique
600 2222 760 2298 republica,
772 2224 813 2278 di-

84 2333 192 2374 ensura
206 2319 307 2387 quarto
323 2315 385 2371 loeo
411 2315 512 2371 ordine
528 2332 658 2387 congruo
683 2312 811 2385 parvulis

88 2406 120 2462 isa
144 2404 293 2461 consulere
320 2405 420 2472 voluit,
449 2404 537 2459 itaut
562 2404 699 2477 gratiam,
722 2418 810 2474 quam

85 2512 124 2552 ire
135 2495 310 2567 dignabatur
323 2512 372 2566 per
381 2493 561 2549 sublimeset
571 2496 669 2558 lactea,
682 2495 811 2564 postmo-

85 2588 225 2640 iraestaret
236 2600 286 2655 per
297 2583 425 2639 humiles
437 2587 465 2638 et
478 2582 647 2639 innocentes
658 2587 686 2638 et
697 2579 810 2652 simpli-

87 2673 170 2730 eindc
185 2672 270 2744 coepit
286 2673 544 2728 monasticusordo
554 2671 709 2744 pullulare,
720 2673 757 2737 et,
767 2673 809 2735 ut,

99 2760 243 2828 dicamus,
259 2761 445 2828 reviviscere,
462 2777 549 2832 quem
566 2779 581 2815 a
598 2762 682 2816 beato
693 2758 810 2815 Heliaet

85 2850 244 2921 allaptista
269 2851 403 2906 novimus
432 2849 619 2922 processisse,
644 2854 672 2905 et
695 2849 735 2903 ita
760 2864 811 2918 per

871 1868 946 1922 simo
962 1867 1176 1941 Aquitanorum
1189 1869 1328 1943 principe,
1339 1870 1430 1927 beata
1437 1872 1584 1929 memoria
1595 1874 1696 1944 abbas,

869 1962 962 2013 Berno
978 1958 1107 2025 nomine,
1121 1958 1150 2013 in
1167 1960 1298 2030 pratibus
1314 1961 1501 2035 Burgundio,
1513 1963 1622 2036 cespite
1636 1964 1695 2020 ltla-

868 2046 998 2115 tiscensi,
1015 2064 1090 2120 pago
1106 2049 1158 2120 qui
1168 2054 1288 2106 vocatur
1302 2050 1468 2119 Cluniacus,
1484 2052 1695 2110 monasterium

867 2136 955 2209 acepit
970 2140 1191 2206 construerent,
1208 2139 1389 2213 inquantum
1399 2141 1504 2213 potuit,
1516 2141 1546 2197 in
1561 2144 1694 2200 camdem

867 2224 1084 2281 construetione
1100 2225 1249 2285 elaborare
1275 2230 1390 2286 studuit
1405 2236 1434 2286 et
1453 2231 1506 2304 pia
1533 2232 1697 2291 devotionis

866 2314 1698 2394 adactumlaboriosocertaminesdlaudabitcmperduxit

866 2404 1014 2460 ellectum.
1031 2404 1128 2475 Hujus
1153 2406 1231 2462 enim
1252 2409 1356 2464 meritc
1379 2413 1407 2464 et
1422 2407 1565 2482 exemplo,
1596 2410 1695 2482 plures

865 2492 1058 2564 tranquillum
1075 2500 1193 2565 portum
1206 2496 1376 2553 monasterii
1388 2498 1569 2570 requirentes
1580 2516 1696 2557 conver·

865 2586 968 2637 tuutar
983 2582 1018 2638 de
1034 2582 1151 2640 saeculo.
1168 2585 1210 2641 Ex
1226 2586 1335 2659 quibus
1350 2587 1488 2642 omuibus
1503 2604 1597 2643 unum
1614 2589 1693 2644 exci-

865 2671 971 2743 piendo
987 2670 1144 2729 recolimus
1154 2678 1183 2730 et
1198 2674 1351 2732 recolendo
1367 2675 1539 2747 excipimus,
1556 2677 1692 2747 quemad

865 2759 990 2816 salutem
1006 2759 1167 2817 multorum
1184 2763 1353 2835 provenisse
1368 2761 1577 2834 comperimus.

900 2847 965 2904 Fuit
978 2849 1022 2904 vir
1036 2846 1095 2916 ille,
1112 2849 1173 2905 Odo
1185 2852 1313 2919 nomiae,
1327 2852 1430 2923 virper
1441 2856 1546 2909 cuncta
1561 2852 1693 2912 laudabi-

85 2938 177 2995 »licam
191 2944 218 2995 et
232 2940 479 2995 conversationem
502 2944 530 2994 ot
546 2939 646 3006 vitam,
671 2941 699 2993 et
714 2937 810 2992 incre·
864 2937 911 3005 lis,
929 2936 1091 2994 beatissimi
1108 2939 1224 2995 ltlartini
1239 2941 1372 2997 Ecclesia
1386 2942 1564 2999 brenensis
1577 2945 1692 3016 pontifi-

85 3028 275 3095 .virtutam,et
285 3029 420 3085 exercitia
431 3031 599 3084 sanctorum
611 3025 810 3100 spiritualium
865 3027 907 3083 eis
916 3026 1009 3083 fidelis
1019 3027 1236 3096 devotissimus,
1247 3034 1274 3085 et
1283 3030 1415 3102 ejusdem
1422 3028 1554 3087 Ecclesia·
1567 3033 1692 3090 clericus

85 3132 106 3173 n
121 3118 157 3174 ad
175 3134 227 3172 uos
242 3119 507 3191 usquegaademus
518 3117 693 3190 pervenisse.
706 3117 760 3172 Per
770 3116 812 3188 ip·
866 3120 894 3173 et
907 3116 1074 3173 canonicus.
1091 3116 1454 3176 llicetenimvirbonestus
1468 3120 1691 3189 ethumilis,ad-

85 3204 159 3263 anim
173 3209 202 3262 et
217 3206 252 3261 ab
268 3205 339 3279 ipsis
361 3206 572 3279 perfectissime
596 3205 754 3278 adimpleta
768 3210 814 3260 est
829 3189 849 3255 C
870 3205 1026 3261 modumin
1038 3205 1375 3278 regulariexercitatione
1388 3209 1518 3279 edoctus,
1533 3215 1691 3284 postquam

86 3292 126 3350 tio
140 3293 220 3350 illius
237 3295 323 3351 unius
339 3314 372 3351 ac
397 3294 532 3368 specialis
557 3293 725 3366 evangelici,
752 3295 811 3349 ime

85 3383 132 3440 rici
150 3385 299 3457 praecepti:
317 3386 393 3457 quod
408 3386 507 3440 deerat
523 3385 563 3439 illi
588 3385 759 3448 adolesenti,
777 3384 812 3439 de

85 3473 172 3530 ssione
187 3472 249 3527 vita
264 3477 376 3528 aetcma
391 3474 467 3545 apud
486 3474 665 3529 Salvatorem
691 3473 812 3544 conqui-

93 3561 285 3633 respoudcnte
300 3562 353 3616 sihi
376 3563 477 3618 codem
503 3562 626 3618 Domino
650 3562 765 3616 Christo
780 3578 813 3615 ac

85 3664 119 3707 a:
134 3648 166 3704 Si
191 3652 232 3705 aa
246 3653 380 3722 perfectus
395 3667 459 3718 csse,
490 3651 557 3706 rude
570 3660 595 3706 et
609 3650 692 3707 orode
719 3652 814 3707 ornain

85 3739 156 3806 abes,
169 3747 195 3795 ct
208 3739 244 3794 clu
255 3741 432 3812 praemeritus,
449 3745 474 3796 ct
491 3741 604 3796 babebis
618 3741 814 3796 theseo-ramira

85 3836 106 3884 ct
118 3830 181 3885 aeni
194 3846 302 3901 sequere
317 3847 360 3884 mc
375 3831 484 3900 (Mutth.
501 3830 570 3899 xm).

85 3933 105 3972 a·
117 3916 207 3988 hujus
221 3934 287 3973 vero
300 3919 441 3974 salutiferi
456 3920 588 3990 praecepti
602 3906 814 3975 intentissimos

85 4021 139 4063 ires
152 4011 182 4062 et
197 4008 618 4075 strenuissimosexsecutores,
627 4008 815 4065 beatissimus

85 4095 199 4151 marito
211 4095 384 4153 benedictus
396 4102 423 4152 et
435 4098 563 4164 nomine,
572 4096 656 4169 quasi
668 4098 814 4169 quoddam

90 4183 205 4241 coeleste
221 4185 378 4256 praelarus
389 4186 502 4242 enituit.
515 4186 677 4253 Quitantus
692 4203 724 4242 ac
738 4186 815 4253 talis,

85 4273 210 4330 moribus
225 4279 254 4329 et
269 4274 418 4331 miraculis
440 4275 560 4344 exstitit,
579 4277 687 4348 atejus
706 4282 814 4344 ortum,

97 4361 817 4437 etobitumdescribendosanctissimuspapaGre-

85 4466 104 4516 s,
119 4466 170 4523 per
185 4451 521 4525 omniavirapcstolicus
533 4453 817 4526 etapostolicasedis

866 3294 1054 3368 supradictus
1069 3298 1150 3366 pater
1166 3296 1264 3351 abhuc
1280 3296 1344 3354 luce
1354 3297 1500 3369 discessit,
1514 3299 1550 3356 ad
1562 3298 1692 3374 regimen

867 3382 990 3441 abbatiae
1018 3382 1179 3439 maltorum
1208 3385 1337 3442 bdelium
1367 3386 1507 3445 electione
1539 3390 1692 3446 successit.

867 3472 976 3531 Deinde
991 3471 1430 3544 qualiteradculmenvirtutum
1440 3477 1694 3549 pervenit,stadiis

868 3565 933 3635 ejus
949 3561 1148 3629 narrantibus,
1162 3564 1312 3621 Romanus
1325 3565 1535 3624 orbisedidicit.
1545 3566 1693 3623 Huicsuc-

869 3651 957 3708 cessit
973 3649 1064 3707 lelicis
1080 3653 1237 3720 meritoria,
1255 3653 1438 3727 heymardus
1453 3655 1581 3724 nominc,
1602 3656 1693 3713 beate

869 3740 1692 3818 simplicitatisetiunocentiaesiliusllicinaugmeutatio-

870 3847 905 3886 uc
923 3830 1097 3902 praediorum
1109 3835 1136 3886 et
1152 3831 1345 3901 acquisitione
1361 3832 1530 3904 temporalis
1546 3836 1691 3891 commodi

870 3919 1161 3976 adcustudiosusluit
1175 3923 1203 3974 ct
1217 3918 1247 3973 in
1262 3920 1463 3976 observatione
1473 3921 1545 3977 satis
1559 3921 1691 3979 devotus.

871 4009 956 4064 Hicet
962 4007 1153 4064 amissionem
1161 4012 1218 4062 tem
1223 4006 1492 4080 por-alisluuiiulsct
1502 4009 1645 4081 quidquid
1657 4012 1693 4066 si·

871 4096 898 4152 bi
906 4093 1089 4153 adversitatis
1099 4095 1229 4151 accidere
1239 4096 1335 4167 potuit
1346 4096 1457 4168 absque
1468 4096 1549 4152 amni
1560 4113 1692 4154 murmu-
1712 4128 1714 4133 ·

872 4182 1693 4256 rationoetindignationcpatientissimatulit.Hiecteni1n

871 4273 1099 4331 virabmeritum
1112 4272 1257 4345 patientie
1268 4272 1411 4346 simplicis
1418 4277 1446 4329 et
1455 4273 1619 4330 innocentis
1628 4275 1692 4331 vita

871 4361 1694 4435 tautotaliqueaChristeditalusestmunereut,cJustcm-

873 4470 951 4526 pore,
968 4452 1003 4508 ad
1019 4450 1694 4511 amoremmonasticiordinisauctoremnestrae

85 4555 158 4612 rpus,
172 4540 370 4598 testimonium
388 4543 413 4596 ci
424 4543 575 4615 praeberet,
590 4544 640 4615 qui
656 4544 818 4616 interpriu·
832 4563 855 4626 p
873 4541 977 4599 salutis
989 4542 1108 4596 beatum
1124 4540 1260 4596 Maiolum
1276 4540 1415 4613 dignatus
1429 4540 1468 4598 sit
1488 4557 1645 4599 accersere.
1661 4544 1694 4600 la

85 4644 102 4684 rs
115 4629 257 4702 primates
269 4631 401 4686 Ecclesia
417 4631 531 4704 insigne
542 4633 690 4703 quoddam
704 4636 732 4688 et
740 4632 817 4705 prin·

96 4719 279 4791 privilegiam
301 4725 328 4776 ct
343 4720 407 4776 vitea
432 4726 461 4777 et
475 4720 609 4777 doctrina
633 4721 816 4794 dignoscitur

871 4632 961 4704 hujus
976 4647 1042 4687 vero
1059 4629 1255 4686 conversionis
1277 4629 1428 4702 obsequie,
1454 4630 1581 4688 multum
1603 4632 1696 4690 valuit

869 4718 1042 4776 venerabilis
1057 4719 1110 4774 viri
1126 4718 1314 4775 Hildebrunui
1332 4720 1387 4792 (¹28)
1399 4720 1493 4778 duleis
1503 4719 1657 4778 collocutio
1667 4721 1697 4779 et

617 4820 773 4875 AthdAE
792 4818 931 4875 CHESNll
951 4817 1067 4874 NOTAE.

95 4910 149 4965 Per
163 4913 196 4964 fl.
213 4908 339 4963 Maurum
350 4911 438 4964 omisis
449 4910 629 4981 pcncGottio.
647 4909 695 4964 Sic
710 4914 813 4965 Petrus

85 4976 171 5036 abilis
187 4980 312 5052 epistola
324 4982 369 5047 28,
382 4980 432 5035 lib.
450 4999 471 5037 ιι
489 5006 501 5030 u
522 4979 704 5052 Discipulum
721 4981 814 5052 ipsius

85 5048 241 5117 Benedicti,
255 5053 583 5117 sanctumhlaurum,ad
593 5051 813 5107 hasGalliarum

85 5123 815 5203 aproeonstraendissecundamipsiusdoctrinam

85 5192 142 5257 tiis,
157 5197 193 5250 ab
209 5195 273 5267 ipso
298 5195 442 5250 directum
470 5195 604 5266 legimus.
623 5219 633 5247 i
654 5196 687 5249 llt
710 5195 816 5251 Glaber

85 5260 146 5330 llus,
161 5264 213 5321 lib.
238 5284 267 5321 ui
288 5265 375 5329 ssiat..
399 5284 432 5321 ca
456 5310 461 5322 .
485 5270 531 5322 5:
558 5291 571 5315 a
590 5267 693 5321 Fertur
714 5268 815 5322 eadem

85 5335 183 5393 utioex
197 5339 228 5393 S.
244 5340 335 5410 patris
349 5286 494 5393 heraliae
511 5337 695 5393 riveriastcriia
712 5338 753 5393 vel
772 5355 816 5392 re-

85 5409 223 5462 ssontium
239 5409 388 5474 balmisse,
406 5415 493 5482 atque
520 5428 570 5482 per
593 5411 710 5464 beatum
734 5409 817 5464 blaa-

93 5474 182 5548 ipsius
196 5481 328 5535 videlicet
355 5481 543 5553 discipulum,
559 5482 594 5535 ad
622 5486 764 5547 nastrmn,
787 5482 817 5536 id

85 5544 247 5605 lallicanum
262 5553 441 5609 territorium
456 5553 581 5608 delatam
599 5552 697 5606 livisse.
713 5576 725 5598 n
743 5553 816 5608 lute-

85 5635 89 5669 ι
103 5624 195 5676 autem
208 5622 277 5680 vita
293 5624 321 5681 S.
339 5625 433 5682 Mauri
446 5625 599 5682 historiam
617 5625 743 5680 lactatus
754 5626 818 5697 ejus

869 4908 923 4963 sub
939 4912 1039 4963 sanctu
1057 4906 1211 4962 Benedicta
1227 4907 1448 4980 condiscipulus
1462 4914 1490 4965 et
1509 4907 1623 4965 itineris
1644 4927 1695 4982 per

868 4979 977 5034 Gallias
991 4978 1161 5033 individuus
1173 4978 1695 5054 coinesfidelitercomposuit,exstat·

869 5068 926 5122 qim
942 5050 1019 5122 apud
1035 5050 1154 5104 Surium
1170 5054 1241 5104 tom.
1259 5054 1280 5111 l,
1296 5051 1341 5106 die
1358 5053 1391 5107 15
1402 5052 1546 5108 ianuarii.

905 5124 962 5194 (38)
977 5122 1144 5177 l'erreratr'tis
1167 5123 1223 5176 atri
1237 5122 1427 5178 hildebranni.
1453 5123 1538 5180 Multi
1568 5124 1698 5183 nominis

870 5193 961 5263 hujus
976 5198 1005 5248 et
1020 5192 1154 5247 monachi
1170 5198 1197 5247 et
1212 5193 1330 5264 priores,
1347 5195 1406 5250 sive
1418 5197 1564 5267 prepositi
1579 5195 1696 5253 Clunia-

871 5264 968 5320 censis
983 5264 1117 5320 cenobii.
1134 5265 1262 5320 loannes
1272 5266 1350 5320 euim
1360 5267 1572 5324 surretiOdonis
1583 5268 1697 5326 sbhatis

872 5336 991 5392 secuudi
1008 5335 1080 5391 disci
1106 5335 1182 5402 ulus,
1199 5337 1304 5408 atejus
1321 5337 1384 5392 vita
1396 5340 1698 5411 scriptor,anumme-

873 5413 967 5462 murat
980 5406 1026 5463 his
1038 5354 1146 5463 vachis:
1166 5430 1179 5456 a
1191 5408 1300 5464 Deinde
1311 5426 1374 5480 quar
1386 5409 1513 5466 domnus
1527 5410 1699 5466 llildebran·

873 5497 939 5542 aas,
954 5479 998 5535 vir
1012 5496 1115 5550 naariae
1131 5480 1286 5547 veridicas,
1302 5487 1330 5535 ct
1345 5481 1475 5538 Cluniaci
1492 5482 1616 5538 coenohii
1627 5501 1697 5555 pre·

875 5552 999 5623 pesitus,
1029 5551 1058 5605 in
1084 5552 1326 5622 regularibusque
1350 5553 1515 5626 disciplinis
1539 5559 1700 5626 preceptor

874 5641 967 5680 uicus.
987 5648 998 5676 ι
1014 5623 1071 5679 Ncc
1087 5623 1282 5679 dubitandum
1298 5626 1370 5694 quin
1383 5625 1433 5682 ille
1452 5626 1526 5699 ipse,
1551 5625 1638 5695 eujus
1653 5622 1783 5744 hia.
