3900 6098
126 259 185 323 511
582 258 615 323 S.
639 258 837 324 anunente
858 259 1168 324 nnnnlpouuasts
1190 259 1377 326 episcopt.
1777 260 1843 328 511

128 397 163 453 12
198 395 317 464 Spiritus
331 403 393 452 tutu
409 394 492 450 tauris
504 390 618 449 deaucet
632 409 676 450 me
690 394 721 450 in
735 402 809 451 terro
823 399 915 452 recto:
965 396 993 464 Α
1007 393 1186 468 Quandoque
1201 393 1289 452 etiam
1304 392 1566 470 digitil'rinitatem
1581 393 1729 464 indicant,
1742 396 1840 457 uitet.

199 487 312 559 Propter
325 501 422 543 nomen
437 491 525 550 tauro,
551 482 675 550 barutino,
700 485 850 557 atiie'ticabis
866 500 910 541 rae
924 486 954 542 in
1008 483 1062 548 Qui
1078 483 1219 557 appendit
1233 484 1328 542 tribus
1340 484 1441 559 digitis
1464 485 1571 544 molem
1597 492 1684 543 terras
1700 487 1767 560 (tao.
1781 480 1838 562 xul',

233 578 364 648 equitate
377 584 433 640 tua,
1008 572 1184 646 quandoque
1194 572 1335 646 Spiritum
1347 578 1494 645 sanctum,
1503 578 1536 631 ut
1546 575 1586 632 ibi
1603 593 1611 630 ι
1627 576 1839 653 Accepitidoy·

163 668 185 722 Α
201 667 220 723 C
236 664 360 737 Spiritus
374 665 469 719 bonus
487 679 493 719 :
510 662 683 736 designatur
698 679 749 736 per
764 662 817 720 hoc
834 679 952 733 nomen,
1008 678 1055 718 sos
1071 661 1143 718 duas
1157 661 1272 718 tabulas
1287 661 1514 737 scriptasdigito
1530 663 1581 720 Dei
1597 664 1697 738 (Saea.
1713 665 1821 740 xxxiv).

124 756 218 812 Deum
233 770 296 809 esse
312 751 452 825 Spiritum
470 751 785 824 sanatum3scriptum
802 756 846 807 est
861 752 952 809 enim:
1006 754 1024 806 2
1078 751 1534 824 bliserieordiameoetaesopiam
1546 770 1654 811 meam:

124 845 215 901 Nemo
232 844 336 907 bontas,
354 841 409 897 nisi
426 841 508 897 solus
523 841 602 897 Deus
618 841 720 912 (llattt.
737 841 807 912 xrs).
820 841 913 915 lgilur
927 842 952 898 si
1095 842 1239 914 Suseeptor
1253 857 1328 896 nicae
1338 848 1363 897 et
1378 842 1511 898 liberator
1525 858 1612 900 neus.

122 932 249 1006 Spiritus
261 935 380 988 sanctus
393 923 489 986 bobas
502 930 610 986 dicitur
621 930 709 998 Deae,
720 931 884 986 necessario
895 933 949 987 est.
1042 931 1062 985 C
1073 928 1302 986 Misericordiam
1315 929 1382 985 facit
1395 930 1536 987 Dominus
1546 932 1838 1006 eumDavidtquando

122 1021 211 1086 caui
228 1039 280 1077 nos
296 1020 412 1076 deducit
429 1020 457 1074 in
480 1024 559 1075 terra
584 1023 686 1074 recta:
711 1019 827 1091 quando
844 1036 951 1092 corpus
1006 1034 1074 1073 eum
1091 1019 1125 1074 de
1139 1017 1278 1075 tratribus
1293 1018 1355 1075 suis
1371 1017 1520 1089 ultimum,
1537 1038 1590 1094 per
1608 1021 1780 1079 Samuelem
1803 1025 1839 1081 ad

122 1115 255 1169 nostrum
272 1110 334 1166 suis
350 1109 457 1182 regalis
473 1109 584 1163 subdit.
601 1107 654 1162 l'el
670 1111 746 1163 terra
762 1111 840 1164 recta
854 1113 900 1163 ast
921 1107 951 1164 in
1007 1106 1102 1181 regale
1118 1107 1234 1163 culmen
1251 1106 1370 1181 elegit(t
1379 1110 1682 1184 liep.xs·1).ltclugium
1696 1127 1704 1167 2
1723 1111 1837 1185 quando

122 1202 219 1256 iutiiro
236 1198 353 1266 seculo,
369 1197 418 1252 ubi
436 1196 505 1253 recti
521 1194 728 1253 ernbulabunt.
755 1196 876 1269 Propter
896 1213 950 1252 no·
1006 1196 1031 1252 ei
1049 1195 1204 1254 consilium
1217 1197 1306 1263 dedit,
1319 1197 1476 1254 uthostem
1488 1214 1575 1255 suum
1592 1192 1678 1273 petra
1689 1200 1835 1272 dejiceret,

122 1307 189 1346 meu
205 1291 443 1354 tuursi‚e¹.c.,nnm
455 1284 703 1358 quamvismmnia
714 1285 805 1358 gratis
817 1284 951 1342 Christus
1005 1302 1093 1358 quem
1111 1285 1208 1359 gladio
1224 1304 1281 1342 non
1298 1291 1420 1360 peterat.
1437 1288 1594 1361 Susceptor
1610 1306 1617 1344 :
1635 1289 1758 1362 quando
1773 1289 1838 1346 lecit

122 1378 209 1434 donet
222 1395 227 1431 :
239 1376 361 1448 justitia
375 1376 379 1427 i
385 1375 467 1447 psius
479 1378 524 1430 est
535 1373 906 1447 supplicantesjustilieare
923 1380 950 1431 et
1004 1391 1073 1430 cum
1089 1392 1105 1431 a
1121 1374 1208 1431 Saule
1223 1376 1332 1449 suscipi
1352 1375 1381 1431 in
1403 1393 1556 1449 generum.
1573 1376 1729 1434 Liberntor
1744 1393 1752 1433 ι
1770 1394 1834 1434 oum

120 1466 275 1524 vivificare.
293 1466 359 1520 ldeo
376 1482 433 1520 non
449 1462 519 1520 dicit
535 1464 564 1519 in
577 1463 714 1536 aequitate
725 1480 800 1530 maa,
812 1463 864 1519 sed
879 1469 947 1520 tua:
1004 1480 1070 1519 eum
1088 1482 1105 1519 a
1120 1463 1249 1536 periculo
1266 1464 1350 1538 regia
1362 1464 1573 1539 indignationis
1589 1465 1710 1540 eripuit.

122 1554 263 1628 quianon
281 1551 392 1608 meritis
409 1552 492 1620 meiS,
509 1551 559 1607 sed
577 1552 706 1608 norninis
722 1551 828 1608 Christi
844 1552 949 1627 gratia.

124 1647 156 1701 13
193 1643 294 1699 artrica
309 1642 340 1698 de
355 1642 532 1698 tribulatione
544 1643 668 1696 aretinam
684 1657 788 1697 menon:

1004 1553 1021 1607 3
1076 1555 1215 1610 Proiectae
1228 1570 1301 1610 reseras
1315 1562 1341 1610 et
1354 1555 1384 1610 in·
1400 1555 1576 1628 ipsosperaui
1584 1574 1594 1611 .·

1077 1642 1130 1710 Otii
1143 1640 1237 1697 subdis
1250 1643 1383 1715 papatiam
1396 1659 1487 1699 menen
1501 1645 1551 1699 sub
1566 1658 1618 1700 me.

192 1735 229 1789 Et
243 1734 271 1787 in
286 1731 478 1788 irriserirardia
493 1740 542 1786 tua
555 1730 692 1802 disperties
716 1732 844 1787 introires
866 1747 947 1787 ineos.
964 1773 988 1840 B
1041 1731 1061 1785 C
1077 1732 1224 1787 Protcclor
1240 1749 1246 1785 :
1262 1732 1379 1805 quando
1394 1732 1423 1788 in
1439 1731 1581 1805 spelunea
1595 1730 1705 1802 latens,
1723 1734 1753 1790 in
1768 1734 1838 1792 San·

157 1828 176 1879 C
191 1823 364 1878 Educentur
378 1821 413 1876 de
424 1819 612 1876 tribulatione
627 1824 768 1892 tanquam
781 1820 816 1891 de
831 1821 951 1876 carceri·
1003 1819 1061 1875 lam
1078 1837 1175 1893 rogem
1187 1820 1239 1892 jus
1255 1819 1374 1877 ultionis
1390 1820 1510 1894 accepit.
1527 1822 1563 1877 tt
1576 1819 1683 1895 inipso
1697 1823 1813 1896 speravi
1826 1841 1835 1881 ι

121 1915 176 1970 bus
192 1914 298 1968 sancta
313 1911 417 1967 animas
434 1929 440 1967 :
458 1912 576 1983 quando
592 1926 731 1966 concessa
744 1909 829 1965 venia
843 1911 880 1966 de
893 1909 949 1968 iste

121 2000 227 2060 soeculo
243 2000 292 2057 ubi
310 1999 498 2068 tribulantur,
515 1988 726 2072 praecipiuntur
740 1998 828 2055 exire.
845 1999 877 2055 ln
893 1999 948 2054 mi·

120 2089 280 2150 sericordia
293 2094 390 2146 autem
400 2088 610 2162 disperduntur
621 2087 746 2144 inimici:
760 2089 878 2160 quando
890 2092 950 2145 stu·

121 2182 169 2239 dio
180 2178 415 2252 eonipunclionis
425 2180 461 2235 de
472 2177 621 2234 sceleratis
646 2177 873 2251 cogitationibus
897 2179 948 2234 ab·

121 2269 312 2336 struhantur;
329 2268 407 2340 qaod
423 2268 460 2323 ad
476 2265 543 2323 illes
559 2267 695 2339 pertinet,
712 2264 762 2338 qui
777 2283 879 2339 poenas
898 2267 948 2323 de-

116 2347 198 2416 bitas
214 2356 341 2414 remedio
357 2355 579 2430 supplicationis
591 2355 728 2411 evadunt.

123 2449 155 2504 ll
192 2449 225 2503 at
237 2446 333 2519 perdes
351 2462 442 2502 oniam
470 2448 519 2518 quai
533 2446 668 2501 tribulent
696 2445 818 2500 animaru
843 2461 945 2501 ineam:

194 2537 328 2605 Quoniam
341 2551 390 2605 epo
406 2551 500 2591 seruans
514 2543 575 2591 tatis
585 2551 656 2589 sariri.

156 2625 237 2681 GHic
247 2623 319 2681 dicit
329 2640 393 2681 esse
403 2625 566 2697 perdendos
580 2621 730 2679 diabolum
741 2626 769 2678 et
783 2637 886 2678 omncs
898 2622 948 2678 im·

122 2714 201 2788 pios;
218 2713 247 2770 in
260 2714 358 2769 laturo
369 2712 546 2786 judici0,qui
562 2712 590 2768 in
606 2729 660 2768 sua
675 2710 872 2768 obstinatione
887 2727 948 2768 mo·

120 2803 246 2859 riantur.
264 2802 308 2858 llli
323 2801 503 2859 tribulabant
518 2801 599 2874 prius
610 2802 709 2873 justos
723 2799 884 2873 viros,quia
898 2817 948 2857 eos

120 2891 247 2949 famulos
262 2891 314 2948 Dei
330 2907 395 2948 esse
410 2891 552 2947 nocebant
569 2908 575 2947 :
592 2895 620 2947 et
633 2906 751 2947 necesse
765 2893 810 2945 ost
833 2888 900 2945 illos
916 2888 946 2945 in

114 2980 228 3055 judicio
244 2979 348 3055 perire,
361 2980 411 3054 qui
426 2979 596 3037 innocentes
607 2980 684 3036 viras
701 2979 765 3035 ideo
780 2994 946 3052 parsquan·

118 3073 177 3140 tur,
194 3071 265 3144 quin
279 3069 330 3127 Dei
346 3086 410 3126 esse
425 3068 551 3126 lamulos
566 3072 755 3143 cognoscunt.
815 3109 817 3114 .

350 3194 451 3233 onnam
470 3195 506 3233 EX
526 3194 604 3234 PSAL.
625 3192 709 3232 extu.

153 3290 230 3342 Deus
243 3285 294 3358 qui
306 3283 480 3340 matutinam
492 3299 581 3340 secra
591 3281 814 3340 resurrectionis
825 3286 880 3338 tuae
892 3299 945 3339 au·

117 3370 210 3430 (litam
227 3373 321 3429 iecisti
330 3371 559 3443 jucunditatem,
567 3388 635 3428 eum
646 3390 680 3427 ex
691 3372 805 3429 insarno
816 3372 942 3440 rediens,

116 3462 235 3536 replesti
253 3466 360 3517 terram
376 3460 501 3533 gaudiis,
512 3478 600 3531 qaam
617 3459 778 3534 reliqueras
792 3460 823 3516 in
838 3462 943 3517 obscu-

117 3552 177 3607 ris:
195 3566 334 3623 regamur
347 3549 483 3621 potentia
498 3553 553 3604 tun
570 3547 729 3604 inellbilem
747 3550 942 3621 majestatem,

116 3644 151 3696 ut
165 3639 243 3695 sieut
255 3643 325 3694 tunc
341 3642 485 3694 catervam
503 3636 693 3710 apostolicam
708 3638 835 3709 gaudere
860 3654 944 3694 sacra

117 3725 211 3784 iecisti
227 3728 256 3781 in
273 3725 414 3793 anastasi,
432 3725 473 3781 ita
488 3725 563 3782 bana
578 3725 748 3793 Ecclesiam,
765 3725 944 3783 tuammise-

116 3815 272 3895 ricordiam
289 3814 425 3888 expansis
439 3815 577 3871 manibus
593 3814 943 3888 flagitantem‚splendore

115 3900 240 3963 caelestis
253 3905 368 3975 ‚iubaris
383 3903 531 3961 illustrare
546 3902 685 3977 digneris.
701 3903 755 3968 Qui
771 3920 838 3960 cum
859 3905 942 3961 Patre

113 3997 143 4050 et
157 3993 239 4062 Filio,
255 3997 310 4050 etc.

377 4107 544 4165 PSALllUS
563 4107 679 4165 CllLlll.

322 4213 525 4254 anouarnunnu
545 4213 624 4253 osan.
645 4214 730 4254 axau.

147 4315 168 4372 G
184 4313 298 4372 Bellum
315 4313 394 4371 istud
412 4313 580 4370 navidicum
597 4314 633 4370 ad
644 4313 861 4388 designandum
877 4330 941 4372 eer-

113 4406 211 4460 tameu
224 4401 341 4459 Domini
357 4401 515 4459 salvatoris
530 4405 575 4459 est
591 4402 777 4475 premissum
795 4421 801 4458 :
818 4406 850 4459 ιιι
864 4402 941 4460 siout

1004 1907 1281 1982 atalispescitvir
1311 1913 1431 1966 sanetus
1460 1927 1519 1966 non
1550 1926 1615 1966 esse
1642 1912 1833 1969 cessandum.

1003 1999 1111 2054 Subdis
1126 1997 1250 2072 populos
1267 2016 1274 2055 :
1291 1999 1359 2072 quia
1375 1998 1476 2056 multis
1490 1999 1607 2074 populis
1631 1999 1835 2074 imperaturus

1003 2092 1076 2144 erat.

1003 2179 1019 2233 i
1076 2178 1199 2243 Domine,
1213 2179 1280 2251 quid
1294 2186 1333 2236 est
1345 2179 1423 2236 tomo
1432 2181 1499 2253 qaia
1515 2180 1664 2249 innotuisti
1676 2181 1718 2236 ei:

1082 2273 1175 2333 1-Aut
1196 2272 1203 2336 ζ
1230 2270 1305 2340 tilius
1320 2270 1439 2326 bominis
1453 2270 1520 2342 poio
1533 2275 1642 2343 reputas
1655 2269 1741 2326 comt

1038 2360 1057 2412 C
1072 2358 1131 2413 Sub
1146 2358 1373 2431 interrogatione
1383 2361 1412 2413 at
1422 2358 1561 2433 despectu
1575 2359 1835 2436 pronuntiandam

1002 2447 1130 2519 est,quid
1147 2451 1190 2503 est
1206 2447 1318 2504 hamat
1337 2446 1420 2520 quasi
1438 2447 1534 2521 pulvis
1550 2464 1556 2502 :
1571 2447 1621 2521 qui
1637 2451 1727 2506 uento
1747 2449 1836 2508 ilanta

894 2583 896 2587 ,
1002 2534 1113 2591 nullam
1126 2536 1214 2593 babct
1230 2535 1408 2593 firmitatem.
1425 2536 1499 2602 Quia
1513 2535 1671 2594 innotuisti
1686 2538 1726 2606 ci,
1745 2539 1773 2594 id
1789 2543 1836 2596 est

1003 2624 1207 2683 inestimabile
1222 2624 1338 2683 deitatis
1348 2642 1559 2700 arcanum,por
1568 2630 1761 2700 assumptam
1771 2645 1834 2685 car·

1003 2730 1069 2770 nem
1085 2715 1173 2772 rectis
1184 2715 1241 2772 side
1257 2714 1422 2772 ostendisti.
1434 2713 1528 2772 Simili
1544 2714 1632 2770 modo
1647 2713 1836 2792 interrogan-

1002 2803 1072 2859 dum
1088 2807 1133 2860 est
1144 2822 1151 2860 τ
1164 2809 1214 2861 aut
1230 2804 1309 2862 filius
1322 2802 1476 2861 hominist
1490 2803 1600 2861 etitem
1616 2807 1835 2878 respondeatur

1001 2893 1140 2966 quoniam
1156 2897 1275 2968 reputas
1289 2910 1373 2962 eum;
1394 2891 1496 2967 utiquc
1520 2892 1548 2950 in
1573 2892 1680 2951 ovibus
1705 2896 1777 2966 tuis,
1802 2898 1833 2958 in

1002 2999 1124 3040 numero
1138 2983 1422 3057 predestinatorum.

1000 3073 1018 3128 5
1072 3074 1155 3130 llomo
1168 3075 1285 3130 vanitati
1298 3072 1399 3130 similis
1408 3073 1498 3144 taetus
1512 3079 1568 3128 est:

1110 3163 1173 3219 Dies
1187 3163 1245 3234 ejus
1260 3163 1331 3219 sicut
1345 3162 1444 3218 ambra
1452 3164 1631 3234 maereant.

1035 3249 1193 3324 Cllupouii
1208 3250 1333 3307 breviter
1351 3249 1429 3323 quod
1445 3248 1580 3323 superius
1595 3248 1682 3319 dixit,
1699 3253 1773 3326 quid
1789 3258 1833 3314 est

998 3338 1111 3396 hemot
1126 3340 1218 3396 Adam
1233 3339 1312 3397 enim
1329 3339 1445 3412 quando
1468 3341 1583 3396 creatus
1610 3343 1667 3408 est,
1694 3341 1831 3416 simplex,

998 3445 1091 3500 purus
1106 3433 1136 3486 et
1150 3445 1236 3485 preren
1250 3433 1279 3485 et
1294 3427 1470 3485 immortalis
1483 3427 1539 3483 suit
1557 3443 1564 3482 :
1591 3428 1644 3485 sed
1670 3434 1829 3505 postquam

998 3518 1138 3591 peccavit,
1157 3518 1251 3575 iactus
1272 3520 1316 3574 est
1330 3517 1451 3573 vanitati
1480 3515 1584 3574 similis
1602 3534 1609 3573 :
1627 3518 1774 3591 quoniam
1802 3525 1830 3579 et

998 3606 1150 3664 mutabilis
1165 3611 1194 3663 et
1209 3606 1341 3664 mortalis
1355 3607 1475 3663 allectus
1485 3610 1650 3673 est,vaaum
1662 3609 1745 3666 enim
1757 3609 1827 3668 illud

998 3695 1134 3765 dicimus,
1151 3696 1228 3768 quod
1244 3696 1279 3752 de
1294 3711 1348 3752 sua
1362 3694 1529 3752 substantia
1542 3692 1662 3762 cadens,
1686 3697 1718 3754 in
1743 3715 1828 3758 auras

997 3787 1100 3842 tenues
1115 3785 1280 3841 evanescit:
1297 3789 1331 3840 ut
1345 3785 1460 3852 umbra,
1473 3790 1506 3840 ut
1519 3784 1637 3855 lamus,·
1648 3787 1731 3844 unde
1748 3787 1828 3846 addi·

997 3873 1061 3929 dit:
1079 3874 1143 3930 lties
1158 3874 1222 3945 ejus
1239 3873 1315 3932 sieut
1329 3874 1434 3930 umbra
1448 3878 1643 3946 praterennt;
1663 3875 1744 3934 sicut
1763 3893 1826 3936 um·

996 3963 1049 4018 bra
1064 3962 1202 4036 praeterit,
1215 3961 1257 4019 sio
1267 3962 1422 4019 hominum
1432 3964 1491 4019 vita
1501 3966 1566 4035 post
1579 3967 1739 4036 peceatum
1748 3967 1826 4035 Adae,

999 4051 1056 4109 nisi
1074 4051 1163 4109 suerit
1177 4052 1362 4109 confessione
1377 4056 1521 4125 reparata.

993 4142 1012 4196 6
1072 4142 1199 4211 Domine,
1216 4141 1322 4197 triatiua
1333 4142 1415 4199 caus
1430 4149 1491 4198 taos
1506 4149 1531 4198 et
1545 4140 1698 4200 detersae:

1104 4231 1191 4302 Tonpe
1204 4238 1307 4286 anantes
1322 4237 1347 4286 et
1358 4231 1548 4302 [aautpobunt.

1030 4319 1051 4374 C
1066 4317 1218 4374 Inclinatio
1231 4317 1371 4374 caelorum
1387 4318 1464 4374 luit:
1486 4318 1603 4392 quaudo
1620 4320 1657 4376 ad
1674 4321 1831 4382 hominem

996 4407 1087 4465 virtus
1102 4411 1130 4464 et
1144 4405 1239 4463 bonor
1253 4421 1449 4480 supernorum
1465 4406 1615 4464 descendit
1638 4409 1758 4470 scilieet
1780 4413 1835 4470 Dei

113 4491 168 4548 iste
184 4490 297 4547 Goliam
313 4490 392 4548 saxei
410 4489 457 4547 teli
480 4491 668 4548 dimicatione
696 4492 871 4564 prostrauit;
900 4491 941 4550 ita
955 4519 980 4586 D
996 4496 1098 4554 Filius.
1116 4496 1229 4553 Montes
1243 4494 1291 4553 hic
1307 4497 1449 4570 superbos
1464 4497 1559 4555 dicit:
1583 4514 1661 4572 quos
1685 4499 1838 4560 Dominae

112 4583 292 4653 perpetuam
310 4580 384 4653 (qua
400 4582 444 4636 est
463 4579 608 4651 Christus)
633 4580 772 4637 fortitude
797 4580 941 4638 diabolica
995 4585 1101 4660 tetigit,
1111 4586 1229 4659 quondo
1244 4586 1286 4642 cis
1302 4586 1556 4660 compunctionem
1567 4585 1684 4646 tribuit.
1695 4591 1837 4668 Famige·

110 4668 285 4726 vinceretur.

306 4758 361 4814 ΤΤ.
378 4757 466 4815 nouit
487 4758 555 4825 3-od
575 4758 681 4815 Goliam
702 4762 709 4827 ζ
734 4800 739 4814 .

113 4850 124 4905 1
182 4847 341 4905 Benedictus
357 4850 512 4905 Deusmeus
527 4849 577 4921 oui
596 4847 671 4905 docet
693 4865 792 4906 marita
816 4867 889 4907 meos
904 4850 939 4908 ad

234 4937 382 5008 prelium:

148 5033 182 5091 ’ζ-
190 5029 223 5082 Ει
245 5029 253 5094 ζ
279 5025 377 5097 stipites
390 5043 461 5084 ancos
476 5027 511 5082 art
527 5027 638 5084 beltena.

149 5113 316 5171 llCBellum
329 5115 431 5188 utique
444 5115 514 5172 dicit
527 5114 657 5189 spiritale
668 5134 725 5173 non
736 5117 863 5187 carnale,
879 5135 937 5191 que

112 5201 291 5273 enimajusti
303 5205 441 5260 aduersus
451 5205 596 5261 demones
603 5209 633 5260 et
643 5205 795 5277 passiones
807 5206 938 5265 carnales

993 4677 1083 4734 bunt:
1094 4690 1163 4732 eum
1179 4674 1290 4732 crebris
1305 4674 1444 4749 suspiriis
1459 4681 1644 4752 sirapeecata
1656 4678 1830 4752 plorabunt,

993 4780 1113 4822 crassus
1126 4763 1205 4822 enim
1221 4764 1321 4821 lamus
1335 4781 1384 4822 ore
1398 4765 1537 4835 vomitur,
1551 4781 1620 4823 eam
1636 4784 1671 4826 se
1689 4769 1721 4827 in
1745 4769 1825 4844 plan-

993 4857 1073 4911 ctum
1089 4853 1176 4911 homo
1195 4852 1394 4911 commoverit.

991 4944 1010 4999 7
1063 4944 1188 5017 Fulgura
1202 4944 1418 5001 consentionem
1434 4951 1463 5000 et
1475 4943 1623 5018 dissipabis
1635 4961 1699 5004 eos:

1099 5034 1197 5090 tinette
1209 5033 1328 5107 sapidos
1343 5037 1404 5090 tuas
1418 5042 1444 5090 et
1457 5032 1634 5092 coritartotis
1645 5051 1707 5094 eoa:

1028 5122 1049 5179 C
1064 5121 1192 5198 Fulgura
1205 5121 1417 5178 coruscationis
1432 5122 1514 5180 dedit
1529 5139 1536 5179 z
1552 5123 1676 5198 quenda
1690 5126 1814 5185 tenebre

993 5211 1035 5270 sis
1049 5210 1260 5285 peccatoribus,
1276 5210 1486 5284 prophetarum
1501 5211 1711 5285 predicatione
1724 5214 1813 5273 lumen

112 5289 297 5347 invisibiliter
312 5291 440 5348 dimicat.
458 5292 596 5350 Cllzmus
611 5293 809 5367 operationem
824 5295 938 5372 signiti-
993 5318 1052 5357 suec
1068 5298 1198 5356 veritatis
1222 5298 1339 5355 inludit.
1370 5298 1527 5374 Dissipnvit
1556 5305 1669 5371 autem,
1686 5302 1815 5378 dispersit

112 5382 181 5434 cant
199 5396 205 5434 :
223 5378 318 5450 digiti,
335 5379 611 5455 salutarialcansilia
628 5400 634 5438 :
652 5401 717 5457 quan
732 5384 767 5440 dc
783 5385 869 5443 corde
884 5405 939 5444 no·
993 5389 1150 5464 signifieat,
1168 5388 1265 5461 utqui
1286 5392 1352 5444 anto
1373 5388 1488 5446 fuerant
1511 5388 1641 5449 cultores
1665 5391 1812 5460 idolorum,

113 5469 174 5523 stro
188 5465 268 5524 velut
281 5467 399 5540 quidam
412 5468 485 5526 radii
501 5470 740 5544 pirosiliuatplum
757 5471 856 5547 aliqua
871 5476 940 5534 sub·
993 5477 1118 5536 subinde
1145 5479 1182 5534 ad
1210 5475 1342 5535 Ecclesia
1372 5482 1455 5552 septa
1476 5479 1680 5554 coiitugerent.
1695 5481 1813 5556 Βιςίιιιε

112 5552 217 5612 tilitate
245 5570 350 5614 causas
383 5558 562 5617 necessarias
595 5559 725 5619 obtinere
746 5565 937 5624 contendunt.
993 5567 1141 5642 apostolos
1156 5567 1238 5636 dicit,
1254 5567 1304 5640 qui
1325 5567 1564 5641 predicationum
1589 5569 1710 5629 veritate
1726 5569 1814 5646 (quui
