3900 6098
673 271 881 335 russulas.
1557 273 1636 337 ttls

190 406 464 467 NONANNOEANE.
765 404 959 474 Athentiaus
973 404 1050 478 ejus,
1065 396 1140 462 etex
1155 404 1258 462 eadem
1277 404 1374 478 specio
1395 405 1573 464 diatessaron
1590 408 1634 465 in-

94 499 209 574 quaerite
223 516 336 572 reanum
353 501 411 556 Dei.
806 493 907 552 serius.
927 500 958 550 ln
973 495 1075 552 eadem
1086 510 1153 551 vero
1164 493 1257 563 finali,
1270 494 1321 552 ubi
1336 494 1633 569 incipiasaecolorom.

85 607 132 646 sm.
148 589 243 646 damn.
804 587 901 653 Amen,
917 582 992 640 finit.

85 697 99 736 s
113 678 252 753 hypaton.
1160 673 1275 731 Noeais.

85 771 121 824 lus
134 769 247 834 Domini
260 770 410 836 auratiauit,
424 771 478 823 eto.
495 767 552 838 (aa)
841 765 999 823 Secundum
1012 772 1104 821 autem
1117 765 1208 821 simite
1222 769 1263 822 est
1273 765 1347 821 duic.

85 858 120 914 tia
135 859 231 931 prima
250 859 316 931 (ll),
334 874 398 930 qua
411 874 428 911 a
442 855 523 911 finali
539 854 664 928 quidam
679 851 750 909 inui-
840 856 1023 914 samiorum.
1048 859 1150 919 Amara·
1164 858 1225 910 ant.
1253 852 1366 911 lliclaet
1389 855 1562 928 aretanpeta
1578 859 1648 924 ete.

85 962 117 1003 ox
131 946 162 1002 in
178 945 314 1019 quintum
340 962 445 1001 sonum
461 943 608 1008 aseendit,
626 946 658 998 ut
673 943 750 998 sieut
804 948 853 1004 Ha
867 950 937 1002 tono
952 961 970 1000 a
985 943 1082 1001 finalis
1098 943 1208 1001 distant
1224 944 1252 999 in
1269 943 1421 1019 gravitate,
1437 949 1580 1018 reguntur
1593 949 1635 1001 ta·

91 1037 129 1092 ab
153 1035 258 1092 ultima
279 1036 454 1092 sucularum.
471 1033 555 1108 down
582 1030 697 1104 syllaba
719 1031 749 1087 in
805 1052 875 1092 men
892 1034 1090 1091 eodemsona.

84 1124 124 1181 ita
139 1126 269 1181 seeundo
283 1141 391 1180 neuma
405 1123 494 1180 distet
508 1121 648 1194 diapente
662 1137 680 1177 a
694 1120 750 1193 pri·
840 1127 910 1181 dot.
925 1124 1078 1197 desumpsit
1090 1125 1175 1181 lesus.

85 1214 174 1270 mine.
840 1215 908 1272 Hae
924 1230 984 1271 una
999 1212 1164 1270 differentia
1179 1211 1334 1270 semitonio
1358 1229 1392 1268 ao
1416 1215 1485 1268 tono
1509 1210 1600 1268 distat
1618 1229 1636 1268 a

85 1302 365 1372 im.dmen,liehanos
379 1302 747 1377 hypaton3antedlamiae,
804 1302 888 1362 finali
904 1302 934 1360 in
950 1303 1096 1371 aoumine,
1108 1319 1172 1376 qua
1195 1303 1229 1358 fit
1253 1302 1347 1375 magis
1370 1299 1522 1358 intervallo
1546 1317 1635 1375 quarn

85 1400 174 1461 rostsr,
190 1397 245 1449 etc.
267 1393 314 1448 lla
338 1392 504 1465 antiphona
529 1397 600 1447 tono
625 1389 749 1447 interius
804 1412 890 1452 sono.

85 1483 193 1556 uuenti
211 1483 373 1538 differentia
386 1482 485 1538 taliter
502 1483 592 1538 Vadit.
610 1482 750 1550 Amaniu-
840 1483 1023 1543 Seruianam.
1050 1488 1158 1548 Antea·
1172 1487 1233 1538 ant.
1259 1483 1279 1538 d
1301 1482 1402 1540 secuto
1425 1496 1482 1537 aaa
1504 1484 1554 1548 est,
1579 1484 1634 1536 eto.

85 1571 109 1626 id
125 1587 193 1626 eum
209 1571 350 1642 superiori
373 1576 439 1643 post
455 1572 629 1645 contiguum
645 1575 748 1629 tonum
804 1573 1001 1631 authenticus
1029 1572 1168 1630 deuterus
1191 1575 1309 1628 constat
1332 1587 1367 1627 ex
1386 1569 1517 1626 secunda
1540 1568 1636 1642 speeie

85 1656 207 1732 ‚iapento
218 1660 531 1733 consurguntideaque
542 1661 572 1716 in
583 1659 679 1716 medio
690 1678 749 1716 am·
805 1664 989 1720 diatessaron
1005 1661 1061 1734 (43)
1076 1679 1083 1718 :
1100 1661 1166 1717 finit
1178 1661 1355 1719 secutarum.
1372 1659 1458 1716 Amen
1477 1656 1566 1715 altius
1583 1674 1636 1736 'se-

100 1765 150 1806 eas
164 1748 419 1816 collocavimus,ut
433 1749 554 1806 cuilibet
569 1766 672 1807 aarum
683 1749 748 1806 illos
766 1785 788 1849 B
806 1752 931 1810 milonio
946 1767 980 1807 ao
994 1754 1073 1808 tono.

85 1855 134 1894 ron
150 1838 314 1911 delinquas.
332 1843 399 1894 Ant.
416 1839 517 1905 Amice,
528 1856 585 1896 aon
598 1839 681 1910 sario,
692 1843 746 1896 ola.
1159 1840 1286 1897 Noeane.

84 1927 125 1984 tia
140 1929 268 1985 secunda
283 1928 319 1983 ab
332 1927 436 1984 ultima
447 1927 560 2002 syllaba
569 1930 746 1986 saeoularam.
844 1933 938 1987 Tertia
952 1930 1060 1987 dieresi
1073 1929 1144 2003 quod
1158 1929 1217 1988 lraec
1228 1931 1304 2001 sacta
1316 1931 1392 1984 sunt.

85 2016 271 2085 listessaron,
290 2018 411 2074 vocibus
425 2035 488 2091 qua
504 2023 574 2074 sunt
595 2018 625 2073 in
652 2019 747 2075 medio
839 2021 1198 2086 Saeoutorum.dmen,·ant.
1218 2018 1360 2089 desipiens
1372 2016 1504 2072 ltominus
1521 2021 1633 2087 septem.

85 2105 132 2173 tis,
148 2104 266 2162 finalem
284 2125 376 2180 usque
391 2107 543 2164 deseendit
558 2108 659 2181 sicque
678 2112 746 2164 tono
804 2108 974 2167 Differentia
989 2110 1085 2183 prime
1098 2106 1254 2166 semitonio
1267 2112 1297 2162 et
1309 2100 1378 2161 tono
1402 2102 1539 2177 superius
1563 2103 1634 2161 inci-

86 2193 168 2269 oipit.
568 2260 570 2265 Ι
804 2199 857 2272 pit,
876 2198 923 2254 ubi
941 2204 969 2255 et
980 2197 1113 2256 ultimam
1129 2196 1274 2270 syllabam
1291 2194 1367 2249 finit.

85 2301 134 2340 im.
152 2285 247 2349 Aaron,
264 2290 323 2340 ant.
340 2286 509 2353 tranatico
527 2288 612 2354 vohis,
629 2292 684 2344 etc.
699 2290 747 2345 lla
839 2288 1022 2345 Saeoatoram.
1037 2290 1139 2353 ,imaus
1155 2289 1217 2342 ant.
1231 2289 1287 2341 Fue
1298 2283 1424 2353 lenione.

86 2371 179 2442 ,lioot
195 2392 212 2428 a
227 2373 307 2428 finali
325 2375 477 2448 incipiant,
495 2380 592 2432 tamen
615 2377 685 2450 quia
697 2396 749 2451 per
840 2377 1010 2434 llifierantia
1024 2377 1155 2434 seeundo
1169 2372 1325 2430 semitonio
1342 2389 1376 2428 aa
1396 2375 1463 2426 tono
1486 2370 1575 2434 altius
1591 2370 1634 2425 in·

85 2503 96 2531 ,
113 2478 177 2534 qua
194 2479 247 2518 nos
262 2464 400 2534 gradatas
413 2481 537 2521 neumas
549 2464 749 2532 dicimuama-
804 2466 875 2538 cipit
887 2471 973 2523 duran
985 2484 1083 2534 suurn,
1100 2481 1160 2521 ase
1176 2461 1249 2530 toni,
1267 2478 1284 2516 a
1299 2459 1380 2517 finali
1403 2476 1471 2516 uero
1492 2458 1633 2515 diatessa-

85 2567 104 2607 ,s
119 2566 209 2622 quam
226 2551 401 2608 ebordarum
417 2553 464 2610 vel
485 2554 612 2626 alicujus
637 2556 748 2612 instru-
803 2574 856 2612 ron
872 2557 938 2612 finit
952 2555 1115 2615 intervallo.

85 2639 119 2695 :io
135 2638 334 2711 modulantur,
351 2643 450 2714 potius
466 2642 557 2714 hujus
576 2644 747 2702 differentia
839 2647 1021 2704 saeculorum.
1037 2647 1133 2702 down.
1146 2640 1291 2698 hiabanos
1306 2642 1492 2707 meson;aut.
1506 2638 1632 2708 Domine,

84 2745 94 2783 1
108 2728 264 2800 principali
280 2728 372 2802 ipsius
388 2731 551 2787 authentici
573 2739 749 2805 promantur
801 2737 927 2809 probasti
938 2753 991 2792 naa.

840 2823 1010 2881 Differentis
1025 2820 1113 2880 tertia
1128 2819 1158 2875 ln
1174 2819 1276 2874 eadem
1299 2818 1418 2890 quidem
1441 2815 1560 2886 ahorda,
1573 2832 1632 2888 qua

85 2925 132 2964 rm.
149 2909 254 2975 imam
270 2912 330 2965 ant.
357 2910 491 2966 Cotunana
514 2927 559 2967 es:
575 2917 636 2969 ant.
661 2915 745 2986 Euae,
802 2917 830 2970 et
845 2913 1025 2986 superiores,
1041 2907 1152 2966 malum
1178 2907 1306 2975 inchoat,
1321 2908 1372 2964 sed
1396 2905 1532 2962 ultimam
1551 2921 1632 2962 amen

801 3001 945 3076 syllabam
960 3019 978 3057 a
995 2997 1078 3057 finali
1094 3001 1174 3053 sexta
1190 2996 1252 3052 looo
1268 2996 1443 3052 determinat

85 3085 181 3160 phonas
193 3090 262 3142 tono
273 3104 305 3142 ur
317 3087 472 3145 semitonio
487 3089 625 3161 superios
636 3109 652 3148 a
663 3092 743 3149 finali
834 3092 1021 3149 secutorum.
1038 3089 1137 3155 dnum
1154 3089 1212 3142 ant.
1228 3085 1368 3158 decipiens
1381 3085 1501 3155 Simeon,
1516 3087 1569 3139 eto.

85 3176 187 3232 uadem
204 3176 370 3233 differentias
389 3195 460 3234 sono
477 3179 633 3251 incipiunt.
652 3153 780 3239 llahetC
834 3181 944 3238 Harum
957 3179 1192 3254 antiphonarum
1204 3174 1350 3254 cantilena
1370 3178 1450 3232 sexto
1474 3171 1537 3230 loeo
1559 3190 1576 3230 a
1597 3173 1630 3230 fi·

91 3265 193 3321 eadem
209 3264 371 3321 differentia
388 3266 417 3322 in
432 3266 480 3324 his
495 3268 564 3323 etin
580 3268 648 3327 aliis
665 3271 745 3327 simi·
799 3269 858 3326 nali
873 3275 977 3327 eontra
992 3275 1091 3327 artam
1107 3265 1262 3342 incipiunt,
1279 3265 1329 3323 ubi
1343 3268 1372 3322 et
1384 3280 1464 3320 amen
1478 3263 1628 3320 finitent.

85 3358 165 3412 atem
181 3354 340 3427 quanndum
358 3373 425 3411 curn
445 3373 478 3413 eo
503 3356 553 3429 qui
577 3362 624 3415 est
649 3360 744 3435 plagis
801 3361 872 3417 Viuo
885 3374 951 3429 2903
968 3363 1035 3416 ant.
1054 3361 1144 3418 Unum
1157 3373 1223 3431 opus
1237 3357 1300 3428 teci.

835 3447 1011 3505 llilt'erentia
1025 3446 1279 3522 quartasseumdem
1294 3459 1381 3517 quem
1397 3447 1425 3500 et
1439 3441 1571 3516 superior
1585 3459 1630 3499 or·

85 3536 240 3589 temeson.
258 3535 472 3602 brittannias,
490 3536 571 3600 Arar,
585 3540 640 3592 otc.
660 3538 744 3595 Difio·
800 3536 899 3593 aliendi
915 3535 1034 3594 obtinet
1046 3537 1154 3606 locum,
1171 3536 1222 3593 sed
1235 3551 1293 3591 uon
1309 3530 1433 3590 similem
1454 3531 1483 3586 in
1500 3529 1629 3603 penulti-

85 3621 121 3677 ,ἰοὶ
131 3621 221 3694 hujus
232 3624 406 3679 seculorum.
424 3628 510 3679 Amen
521 3641 537 3680 a
547 3624 628 3681 finali
641 3627 745 3685 diates-
800 3627 948 3682 molimen
959 3624 1060 3682 reddit
1070 3624 1272 3683 sonum.Unde
1286 3639 1344 3679 oon
1359 3620 1429 3677 adeo
1446 3618 1628 3693 delinq,uit,si

85 3709 171 3766 rvallo
187 3710 290 3777 distat;
307 3712 372 3783 ipsu
386 3715 484 3768 autern
500 3713 536 3769 ab
547 3714 649 3771 eadem
664 3716 744 3773 finali
800 3714 868 3787 quis
883 3713 927 3771 vel
943 3715 1113 3787 superiores
1131 3713 1308 3786 antiphonas
1330 3711 1420 3782 hujus
1443 3708 1507 3765 soni
1529 3712 1629 3765 tenore

85 3798 197 3856 nilonio
213 3798 367 3856 inchoatur
382 3801 601 3873 superius,tooo
613 3803 650 3859 ab
661 3806 745 3862 Amen
800 3805 938 3878 proterat,
954 3801 999 3859 vel
1014 3803 1088 3860 istae
1113 3803 1285 3876 superiores.
1299 3797 1478 3857 differentias
1502 3814 1574 3854 sono
1598 3796 1627 3853 in

799 3892 981 3950 concinendo
994 3892 1177 3964 pronuntiet.

85 3993 132 4033 aar.
157 3981 266 4042 amem
281 3981 341 4033 ont.
374 3980 486 4051 Apertis
512 3978 658 4046 mauris,
688 3986 743 4039 ete.
835 3981 1017 4041 saecularum.
1031 3982 1127 4048 Anwn,
1143 3979 1188 4035 vel
1203 3978 1437 4036 itaSceoutoram.
1452 3978 1625 4045 dmen5nnt.

98 4070 215 4138 quarta,
232 4083 295 4138 qua
309 4084 376 4123 oum
392 4068 494 4124 eodem
510 4067 572 4124 loeo
589 4085 646 4141 quo
657 4074 686 4126 et
697 4089 745 4128 su·
799 4072 910 4144 Auferte
925 4071 990 4139 ista,
1006 4074 1061 4126 eta.

85 4152 192 4222 inetur,
210 4155 315 4211 melius
331 4160 431 4212 tamon
448 4173 521 4213 sano
537 4158 581 4214 vis
596 4175 647 4231 per
661 4160 745 4217 Amen
836 4160 933 4233 Plagis
944 4158 1181 4215 deuterioonstat
1192 4154 1469 4227 exsecanda'speaie
1479 4152 1625 4226 diapente,

85 4242 230 4310 afficitur·
800 4249 878 4304 sieut
892 4245 1079 4304 authenticus
1094 4247 1170 4318 ejus,
1185 4248 1216 4301 et
1227 4261 1261 4302 ex
1276 4244 1405 4301 secunda
1414 4242 1513 4316 speeie
1523 4241 1627 4299 diates

85 4347 131 4387 im.
154 4333 258 4400 Amen,
273 4338 333 4389 ant.
358 4334 478 4390 Alleluia
503 4352 552 4406 epo
580 4354 641 4393 sum
668 4340 744 4408 tritis,
800 4355 887 4396 seron
902 4335 1037 4393 inferius.

85 4419 157 4476 lotia
170 4420 275 4492 quinta
290 4421 424 4478 ultimam
438 4424 484 4480 sui
501 4425 585 4482 Amen
601 4425 744 4501 syllabam
1158 4422 1274 4480 Noeais.

85 4525 97 4566 o
111 4526 129 4565 a
143 4509 223 4565 finali
239 4511 375 4583 superius
385 4512 515 4585 deponit,
530 4516 662 4572 ordiendi
674 4534 741 4573 vero
757 4522 780 4589 Ι)
832 4518 937 4586 Quarta
950 4513 1050 4586 aipilia
1060 4512 1135 4568 uenit
1149 4512 1185 4568 ad
1199 4527 1253 4569 eos.
1264 4510 1444 4569 Saeeutarum.
1454 4513 1624 4581 dormant.

86 4597 182 4654 medio
197 4598 333 4672 diapente
347 4601 404 4674 (42)
420 4601 538 4658 initium
554 4604 654 4661 sumit.
800 4606 977 4671 annuntiate,
993 4606 1048 4659 eta.

85 4702 124 4742 sm
140 4688 224 4743 Arma
237 4709 246 4755 ,·
259 4693 318 4743 ant.
346 4689 563 4747 circumdantes.
577 4692 745 4752 Differentia
834 4691 1004 4750 [liberantis
1016 4689 1113 4763 prima
1125 4689 1300 4748 saeculorum.
1313 4694 1409 4758 Amen,
1420 4689 1576 4747 semitonio
1588 4687 1627 4746 al·

85 4775 327 4847 aquartoafinali
340 4777 403 4834 loeo
419 4779 448 4834 in
464 4780 600 4836 acumine
613 4782 743 4856 deponit,
799 4783 859 4840 tius
874 4778 986 4839 afinali
1000 4777 1187 4847 determinat,
1204 4781 1235 4835 at
1245 4794 1312 4835 vero
1327 4776 1437 4835 melum
1462 4781 1532 4836 tana
1552 4778 1626 4836 inte·

85 4880 126 4922 tro
148 4865 301 4921 exordium
325 4871 394 4922 tono
418 4868 540 4925 interius
564 4872 691 4928 assumit
714 4873 745 4929 in
799 4873 862 4929 rius
878 4870 1007 4927 inchoat.

91 4969 210 5022 meson;
227 4955 347 5025 quidam
362 4973 428 5013 vero
443 4956 532 5015 altius
543 4959 598 5016 hoo
608 4961 645 5017 ad
655 4960 745 5019 licha·
835 4959 1014 5019 saeculorum.
1026 4957 1127 5027 Amara·
1143 4957 1400 5030 aot.jdmtutatant
1411 4973 1527 5015 meram.
1541 4956 1627 5015 bille·

85 5060 90 5097 t
104 5039 254 5098 inclment-
800 5050 894 5107 rentia
908 5047 1038 5105 seeundo
1052 5047 1168 5105 duobus
1183 5047 1262 5104 inira
1274 5046 1392 5104 finalem
1407 5045 1625 5121 tonis2,inaipit;

85 5147 134 5186 am.
153 5130 257 5197 dinem
272 5136 332 5189 ant.
357 5135 420 5203 Ave,
443 5135 542 5203 llario,
567 5140 623 5194 eto.
647 5138 744 5213 Plagis
799 5154 880 5195 aman
894 5135 1008 5210 syllaba
1020 5135 1097 5193 inter
1111 5135 1625 5210 utrasquechordasfmediaquievit.

85 5222 122 5276 tot
135 5236 171 5276 ex
185 5221 288 5277 eadam
307 5221 402 5294 specie
426 5223 561 5297 diapenta
576 5243 635 5297 qua
650 5232 679 5284 et
693 5245 744 5284 au·
835 5228 1013 5286 saeuorum.
1029 5226 1130 5295 Amara
1143 5228 1202 5282 ant.
1214 5227 1388 5284 deraserunt
1400 5225 1435 5281 ad
1448 5229 1554 5296 lesum,
1570 5229 1625 5282 eto.

85 5379 103 5440 a.
120 5360 167 5419 Ha
183 5362 350 5437 antiphonae
366 5383 424 5422 non
440 5366 469 5422 in
485 5367 565 5425 finali
589 5368 744 5442 incipiunt,
847 5369 892 5437 42)
908 5369 987 5424 Adm.
1003 5365 1032 5423 id
1049 5372 1094 5425 est
1109 5367 1269 5442 parhypate
1284 5385 1398 5426 meson.

85 5450 127 5491 :us
140 5438 209 5491 tono
224 5452 257 5491 aa
273 5438 470 5510 semitonio,id
486 5441 574 5509 estin
585 5440 745 5514 parhypate
848 5440 890 5512 43)
907 5440 1030 5495 Videtur
1044 5439 1200 5513 legendum
1215 5440 1411 5498 :authenticus
1426 5440 1555 5498 deuterus
1565 5454 1626 5495 ron-

85 5506 330 5636 'trygeglenggraini
345 5514 399 5566 eto.
798 5510 1055 5641 {yfflssrjsswm
1076 5513 1163 5585 specie
1186 5511 1324 5586 diapente,
1346 5517 1373 5570 et
1400 5513 1518 5570 secanam
1538 5510 1625 5582 speria
