3900 6098
459 328 512 430 nn
534 369 634 432 vira
657 374 688 434 s.
713 328 931 433 currantur
956 370 1107 435 niuea.
1595 394 1655 455 rra

96 498 210 557 llxiude
233 517 345 574 quoque
360 500 482 573 pullulat
508 502 595 557 radix
620 502 755 559 omnium
771 505 798 570 Α
813 501 973 575 iussitque
985 502 1049 561 suis
1061 505 1193 567 velocius
1210 512 1655 595 infelicemillum,quemcerne-

87 589 754 663 ruperbia,eaeterorumquevitiorumtomenta.
811 590 881 645 bant
897 606 913 647 e
933 590 1018 647 trabe
1032 595 1173 666 pendere,
1185 601 1250 672 jam
1266 604 1410 679 rigentem
1425 610 1654 688 deponerezipse

99 676 161 753 ipsi
172 677 310 750 judicate.
327 679 350 735 si
365 695 420 735 non
436 678 533 752 ipsius
549 679 657 735 tumuli
672 679 754 747 estis,
809 695 877 735 vero
891 683 954 735 toto
972 684 1142 752 prostratus
1157 703 1280 764 corpore
1305 696 1430 754 orationi
1453 696 1597 758 incubuit,
1617 704 1655 758 At

86 766 159 841 gnis
173 770 202 822 et
215 767 348 840 stigmata
361 768 390 823 in
402 766 626 841 vobismetipsis
641 767 754 841 geritis.
812 766 852 823 illi
864 767 1016 826 solventes
1027 768 1090 826 lora
1097 777 1202 845 guttur
1217 779 1298 840 illius
1311 786 1652 857 metantimexuminisiu

87 870 118 913 re
142 855 233 929 pudet
257 855 349 912 disere
374 857 441 911 dum
471 856 598 928 poenitet
623 856 754 923 reticere,
810 860 921 913 terram
937 856 1057 914 cecidit.
1077 861 1116 915 At
1146 880 1236 937 quem
1260 873 1402 932 accedens
1423 875 1469 932 vir
1492 875 1569 951 pius,
1594 877 1651 934 ait:

94 944 274 1019 expertastis
305 944 484 1001 dulcedinem
519 944 615 1012 verbi,
646 949 674 1001 et
702 961 755 1018 rgo
811 946 946 1019 «Surge,
963 944 1075 1019 inquit,
1093 947 1652 1038 Dominusimperat.»lpssvefflapa

86 1030 151 1091 abis
167 1032 339 1105 generaliter
361 1033 592 1090 amaritudinem
617 1034 757 1107 redargu·
811 1035 890 1091 riens
903 1034 1475 1111 oeuloserexitse,admiransraldesibi
1484 1069 1651 1128 superesse.

86 1136 162 1179 oneo
191 1121 278 1178 etiam
304 1121 395 1191 illum,
421 1122 530 1195 siquis
559 1128 606 1179 est
634 1122 665 1178 in
694 1128 757 1179 tota
810 1123 864 1189 Qui
881 1140 951 1180 cum
962 1124 1029 1180 viro
1043 1124 1096 1182 Dei
1111 1132 1277 1205 egrediens,
1295 1140 1509 1199 exsultantibus
1524 1143 1652 1213 eunetis,

104 1210 157 1285 qui
171 1209 216 1266 rel
232 1210 358 1284 quinque
382 1212 502 1280 solidos,
521 1229 574 1268 seu
601 1211 755 1284 quippiam
811 1213 847 1268 ad
863 1211 1081 1270 monasterium
1094 1216 1197 1289 plures
1212 1229 1315 1295 postea
1327 1228 1401 1287 vixit
1415 1246 1519 1287 annos.
1541 1227 1653 1288 Multos

86 1298 180 1357 lancti
194 1298 683 1374 martp'risobtulitreaedificandam
694 1317 757 1356 mu·
810 1317 916 1375 nempe
931 1302 969 1357 ab
987 1301 1164 1374 hujusmodi
1181 1311 1304 1382 patibuli
1315 1318 1654 1393 suspendioaeneceper

86 1386 185 1456 esiam,
202 1405 289 1461 qnam
314 1406 370 1462 prm
385 1388 476 1445 oeulis
502 1389 634 1455 habetis,
656 1405 755 1446 eoram
811 1390 1125 1465 diversasprovincias
1141 1399 1203 1453 tam
1226 1399 1394 1463 interventu
1421 1422 1512 1479 quam
1535 1407 1651 1465 redem-

86 1476 165 1537 brat.
182 1478 755 1551 nDumergononinvenirotnrquispiam
811 1478 919 1552 ptionls
933 1480 1033 1553 pretio
1047 1480 1194 1542 liberarit.

86 1564 236 1632 antulium,
261 1583 361 1623 rursus
389 1567 446 1623 ait:
476 1590 490 1618 ιι
509 1567 624 1636 l'idete,
650 1568 755 1626 tratres
845 1572 891 1625 27.
919 1570 998 1627 llitis
1019 1573 1049 1629 ia
1076 1577 1221 1634 erectione
1248 1581 1403 1640 redituum.
1432 1583 1546 1640 ductori
1568 1585 1652 1662 hujus

86 1654 136 1723 mi,
152 1654 231 1711 inter
245 1672 317 1728 quas
332 1657 430 1728 spinas
446 1662 532 1731 atquc
543 1658 681 1713 incendia
691 1674 756 1731 pes·
813 1660 878 1716 l'itoe
893 1667 1020 1732 apparet.
1036 1661 1161 1720 —Nam
1189 1669 1217 1721 et
1230 1667 1378 1730 iratribus
1402 1674 1650 1735 monasteriorum

86 1744 149 1801 bueo
166 1744 234 1800 aula
249 1745 454 1818 omnipotentis
469 1746 517 1802 Dei
535 1764 587 1819 per
603 1746 692 1801 tidem
708 1746 755 1803 sui
810 1747 992 1806 utilitatibus
1004 1751 1169 1824 praepositis
1185 1753 1257 1810 illud
1268 1758 1383 1830 sapius
1397 1757 1651 1836 inculcabat,utin

86 1833 162 1909 igni,
180 1834 215 1889 ad
244 1850 331 1906 quem
358 1834 499 1907 elegantia
528 1835 665 1907 currerit,
691 1835 756 1908 ipso
810 1836 960 1894 exactione
988 1838 1044 1896 sibi
1073 1840 1307 1901 commissorum
1341 1846 1437 1905 torcat
1465 1853 1587 1925 providi,
1615 1873 1652 1915 ns

86 1940 109 1993 e,
133 1922 265 1996 lastigie.
285 1922 355 1979 Volo
375 1940 434 1990 ros,
460 1925 484 1978 si
502 1924 608 1998 placet,
636 1923 756 1981 assidue
811 1927 884 1983 sorte
895 1925 986 1983 nimis
1001 1931 1105 1986 tenues
1119 1947 1172 2004 pre
1185 1946 1296 1987 census
1316 1934 1415 1993 reditu
1440 1936 1650 2015 affligerentur.

86 2012 150 2071 ares
166 2028 257 2085 quam
272 2011 353 2068 velox
366 2012 522 2086 uniruique
538 2013 576 2071 sit
598 2013 755 2071 mundana
811 2016 930 2073 Dicebat
945 2017 1026 2075 euim
1042 2036 1072 2076 se
1092 2019 1188 2093 magis
1204 2017 1276 2076 velle
1308 2020 1413 2099 largiri
1436 2033 1534 2103 egenti
1562 2051 1651 2109 quam

86 2101 226 2159 abitionis
237 2100 389 2173 depositio.
405 2102 611 2175 Propterquod
622 2102 754 2171 obsecro,
811 2105 924 2179 exigere
939 2107 1093 2182 quidpiam
1110 2109 1146 2165 ab
1157 2107 1329 2182 indigente.
1343 2112 1450 2175 ltinera
1460 2124 1577 2198 quoque
1587 2126 1651 2198 ejus

85 2190 116 2248 is
128 2190 261 2247 auctoris
276 2190 645 2263 adjutorioresistitevitiis
658 2195 685 2246 et
696 2208 756 2249 ma·
811 2211 862 2267 per
877 2195 1010 2253 civitates
1025 2202 1054 2254 et
1067 2197 1157 2255 vicos.
1172 2213 1223 2254 seu
1240 2214 1392 2272 quorsum
1401 2204 1535 2282 baberet,
1547 2213 1652 2290 ingens

85 2280 156 2347 olo;
171 2279 297 2335 virtutes
313 2296 427 2353 quoque
441 2281 594 2354 praeclaras
612 2282 756 2339 assumite
811 2299 975 2356 pauperum
990 2286 1649 2377 etqueinfirmorumturbapraoeenpavemt.

86 2366 512 2443 renignissimoDeoConditori
524 2370 755 2442 acltednmptori
809 2373 846 2427 At
861 2372 923 2444 ipsc
942 2373 1073 2434 liberalis
1088 2381 1117 2433 et
1125 2375 1225 2450 largus
1234 2377 1524 2449 beneficiorumerat
1535 2392 1650 2450 univer-

85 2457 198 2515 runetis
222 2456 372 2524 obaudite,
397 2459 445 2529 qui
471 2475 522 2514 vos
538 2475 589 2531 per
613 2457 700 2513 tidem
726 2464 753 2514 rt
810 2477 910 2516 sorum
926 2460 1087 2536 impensor.
1103 2463 1336 2527 Desiderabatur
1350 2475 1430 2533 enim
1444 2476 1484 2535 ab
1499 2479 1582 2538 omni
1598 2480 1648 2539 ho-

85 2546 755 2620 aomeritaomniumlideliumsuornmdignos
810 2549 925 2606 minum
953 2552 1055 2610 ordine
1086 2552 1216 2611 velsexu
1233 2554 1329 2630 ipsius
1353 2568 1523 2638 prasentia,
1552 2569 1645 2626 sicuti

85 2635 233 2695 educendi
249 2650 317 2689 cnm
333 2634 376 2690 eis
392 2636 420 2690 in
446 2637 630 2708 sempiterne
656 2635 754 2707 gloria
810 2637 899 2694 unius
913 2654 929 2695 e
942 2642 1116 2713 patriarchis
1131 2647 1181 2699 aut
1196 2648 1340 2718 apostolis
1351 2649 1482 2711 Domini.
1493 2655 1642 2730 Aliquanti

85 2740 135 2799 per
161 2724 265 2781 Jesum
294 2722 442 2780 Christum
471 2725 611 2781 dilectum
651 2723 754 2809 Filium
809 2726 897 2783 etiam
915 2729 1078 2786 referebant
1094 2729 1179 2787 illum
1204 2733 1262 2790 sibi
1284 2753 1336 2809 per
1356 2739 1456 2798 visum
1472 2743 1502 2800 in
1528 2744 1642 2801 somnis

85 2820 207 2886 tumque
222 2810 271 2867 ille
288 2812 328 2868 ita
341 2819 514 2884 perorasset,
533 2831 565 2869 ac
578 2830 753 2886 responsum
808 2816 991 2889 apparuisse,
1007 2834 1098 2891 seque
1112 2819 1253 2891 depravis
1264 2825 1640 2905 actibusrsdarguisso,vel

85 2902 243 2971 uetuisset,
258 2906 356 2969 Arrace,
372 2902 420 2973 qni
447 2902 606 2975 singultus,
638 2908 754 2975 quante
809 2905 961 2962 monuisse
976 2905 1043 2963 illos
1054 2907 1090 2963 ds
1105 2912 1256 2967 communi
1266 2912 1434 2971 animarum
1444 2918 1549 2976 salute·
1564 2944 1578 2971 «
1588 2921 1639 2978 'le-

85 2991 137 3067 qui
153 2992 284 3065 gemitus
300 3006 352 3064 per
368 2994 457 3045 totam
482 2992 644 3067 agebantur
663 2991 752 3049 ccele-
807 2997 871 3051 stor
884 3009 949 3068 ego,
966 2993 1097 3069 inquam,
1114 2995 1247 3067 ipsiusac
1260 2991 1404 3057 virtulum
1412 3008 1639 3064 matremchari·

85 3082 215 3139 riminon
229 3079 317 3137 valet.
325 3079 526 3153 Omnibusque
543 3080 759 3152 ritepertectts,
806 3083 1212 3157 tatcm‚quoniamquondam
1222 3102 1354 3143 meorum
1364 3088 1632 3163 culpisfaoinorum

85 3171 122 3228 lio
151 3170 263 3245 quique
292 3169 403 3225 rediere
417 3170 452 3224 ad
480 3170 608 3244 propria.
640 3169 679 3224 lla
703 3168 752 3226 illo
807 3172 947 3240 ollensus,
963 3177 997 3228 ut
1010 3173 1087 3229 sensi
1104 3172 1188 3229 illum
1203 3175 1240 3230 ad
1256 3175 1358 3232 horam
1370 3180 1633 3255 amaricatumse-

85 3261 139 3319 rin
156 3260 258 3316 eadem
276 3257 407 3325 basilica,
434 3259 576 3332 praecipue
592 3259 627 3313 ad
650 3243 788 3315 remu-C
807 3260 880 3316 cessi
896 3259 926 3316 in
941 3259 1021 3317 aliud
1036 3262 1201 3319 coenobium
1217 3264 1312 3339 ipsius
1326 3264 1635 3329 ditioniminimesub-

85 3350 120 3409 rai
135 3348 286 3421 martyris,
304 3347 385 3402 laeta
400 3353 469 3403 sunt
481 3347 661 3405 multimoda·
673 3365 752 3402 eura·
807 3349 916 3418 ditum;
929 3372 943 3399 a
960 3350 1090 3422 dirmque
1104 3349 1164 3407 illic
1180 3352 1326 3425 degerem,
1345 3354 1476 3414 astitisse
1491 3359 1564 3416 mihi
1575 3378 1635 3419 una

85 3454 215 3497 erearum
232 3436 450 3508 infirmitatum,
466 3436 752 3510 quaetiamobmul·
807 3438 1041 3495 noctevisuscst
1057 3444 1175 3511 aspectu
1202 3440 1327 3513 placido,
1352 3460 1387 3500 ao
1413 3461 1503 3503 manu
1528 3447 1636 3522 injecta

85 3544 107 3583 n
123 3527 214 3583 scribi
246 3531 405 3598 nequeunt.
431 3525 486 3581 Sed
511 3532 540 3583 et
556 3526 580 3581 si
596 3525 662 3599 quis
684 3543 751 3582 cum
806 3531 895 3600 caput
909 3527 981 3583 mihi
997 3525 1169 3585 demulcens
1184 3529 1294 3586 aiebat:
1311 3555 1325 3582 «
1342 3532 1422 3607 Rogo
1439 3552 1474 3592 ne
1490 3553 1537 3594 me
1550 3539 1633 3596 dese·

91 3616 150 3673 sibi
164 3617 329 3688 deposcens
345 3631 525 3688 quacunque
541 3615 634 3681 utilia,
652 3615 751 3688 procul
807 3632 855 3671 ras
870 3617 927 3686 (37)
943 3616 968 3672 si
984 3632 1042 3672 non
1059 3620 1087 3672 te
1102 3633 1201 3674 ornare
1216 3617 1362 3692 fingebas:
1373 3623 1634 3698 quiupotiusexer·

84 3704 215 3778 piseitur,
224 3704 248 3760 si
259 3703 327 3759 talis
340 3703 416 3758 situt
430 3709 752 3776 prorrrereatursancto-
806 3721 870 3760 cere
884 3709 911 3761 te
926 3706 1010 3778 cupio
1025 3722 1090 3778 qum
1106 3706 1293 3780 promiseras.
1310 3710 1408 3783 lpsius
1422 3729 1552 3789 namque
1574 3716 1633 3772 im·

84 3793 122 3850 tis
138 3798 167 3849 et
182 3791 378 3849 orationihus.
807 3794 886 3867 perio
899 3794 1027 3850 maxima
1037 3794 1100 3865 jam
1116 3811 1150 3851 ex
1165 3800 1247 3868 parte
1255 3802 1425 3856 eventorum
1436 3809 1525 3875 atque
1535 3806 1632 3878 prodi-

84 3884 192 3941 ttelmes
219 3883 366 3938 miraculis
394 3883 487 3939 claret.
518 3885 599 3940 licite
625 3885 752 3955 pertitam
805 3883 931 3957 giorum,
948 3900 1012 3956 qum
1028 3883 1105 3939 eirea
1119 3888 1149 3939 et
1165 3884 1240 3941 intra
1254 3886 1563 3949 incarnatiSslvatoris
1578 3910 1632 3950 an·

84 3971 173 4029 -Neo
190 3972 436 4044 pratereumdunr
453 3972 662 4029 nobisvidetur
673 3975 750 4046 rpuod
806 3971 1630 4048 numcontigeremillesimun1‚deseripseram.0uaeetiam

87 4059 394 4139 sWill'elmiellequio
404 4060 488 4117 multi
502 4060 752 4119 tuerintinmente
806 4063 941 4118 causaad
957 4077 1084 4134 presens
1096 4076 1172 4141 opus
1188 4077 1234 4118 me
1249 4063 1391 4137 compulit
1406 4064 1632 4124 ialleeterearti-

84 4148 174 4208 ilurcs
189 4149 277 4206 etiarn
294 4150 324 4204 in
340 4166 459 4222 corpore
470 4155 547 4207 taeta
563 4151 694 4223 ejusdem
706 4169 751 4207 re·
806 4149 915 4206 culum.
933 4148 1044 4205 idcireo
1058 4164 1161 4205 omnes
1176 4149 1284 4223 pariter
1309 4167 1359 4209 oro
1375 4169 1411 4210 ne
1432 4158 1552 4227 propter
1574 4156 1630 4213 hoe

84 4282 93 4309 ‚
113 4239 246 4299 oratione
263 4238 424 4308 resec-illati,
450 4240 614 4296 visitatione
638 4241 751 4296 consor·
806 4236 1011 4311 praejudicium
1025 4238 1061 4295 do
1076 4253 1123 4293 me
1138 4238 1200 4295 liat.

84 4327 752 4402 sedictionetirmati;etquamvisnuneminus
841 4328 885 4382 28.
916 4327 1045 4382 Omnium
1072 4342 1140 4397 erqo
1165 4343 1229 4383 eum
1253 4330 1415 4386 reverentia.
1430 4361 1466 4372 —
1481 4331 1631 4390 beatitudo

84 4419 159 4495 quod
176 4418 246 4475 olim
272 4418 379 4474 Christi
402 4419 577 4491 sequacibus
604 4418 670 4475 usui
687 4420 752 4485 tuit,
806 4415 896 4489 igitur
910 4414 1008 4471 eximii
1019 4414 1113 4472 Patris
1127 4413 1268 4473 Willelmi
1278 4418 1342 4491 jam
1358 4418 1394 4475 ad
1405 4421 1518 4477 tantm
1532 4436 1631 4478 excre-

84 4511 247 4575 mortuum‚
269 4524 364 4580 pauca
389 4509 537 4564 tumendo
557 4507 702 4581 pluribus,
721 4513 753 4567 ut
806 4503 1109 4574 reratexoslleutiam,
1126 4508 1159 4561 ut
1173 4509 1295 4563 cunctas
1320 4506 1394 4564 Latii
1414 4524 1448 4565 ee
1471 4507 1632 4568 Galliarum

84 4614 224 4670 numqua
237 4596 380 4653 Dominus
390 4613 441 4671 per
452 4597 540 4653 istum
555 4601 752 4670 operatusest,
768 4616 792 4683 D
808 4593 1161 4668 p1·ovineiasipsiusamer
1170 4596 1355 4654 aeveneratio
1368 4601 1545 4671 penetraret.
1558 4599 1632 4660 Nam
1691 4600 1695 4606 '

84 4685 585 4759 Revertentinamqueilliquondam
598 4688 754 4744 acoenobio
809 4700 892 4758 reges
908 4689 939 4740 ut
951 4688 1075 4757 patrem,
1092 4684 1245 4757 pontitlces
1259 4690 1293 4741 ut
1307 4686 1494 4759 magistrum,
1511 4688 1632 4745 abbates

84 4776 164 4835 rentii
172 4776 358 4844 contessoris,
367 4777 500 4847 rumpam
507 4777 755 4850 appropinquaret
809 4777 838 4828 et
852 4754 987 4830 mon⁸achi
1004 4776 1037 4828 ut
1050 4772 1272 4855 archangelum,
1286 4790 1389 4831 omnes
1396 4774 1589 4832 incommune
1601 4780 1634 4832 ut

83 4864 153 4941 rigni
160 4866 348 4932 monasterio,
363 4865 477 4920 obviam
488 4863 754 4938 habuitpromiscui
810 4863 859 4919 Dei
876 4864 1004 4919 amicum
1020 4877 1138 4935 suaeque
1148 4867 1354 4936 praeceptorem
1364 4862 1631 4921 salutishabebant.

84 4970 143 5011 uam
157 4954 344 5028 plangentem
361 4969 393 5008 ac
410 4954 598 5025 repedantem
614 4972 631 5011 a
646 4960 756 5028 specta-
810 4952 880 5017 Quis
895 4953 974 5009 enim
990 4968 1121 5025 unquam
1137 4950 1214 5007 alius
1229 4955 1333 5025 praeter
1347 4968 1415 5009 eum
1429 4950 1633 5010 veneticorum

84 5042 167 5107 mam
182 5042 350 5109 miserrimi,
367 5040 498 5099 videlicet
514 5045 755 5116 exejusdemser·
811 5047 926 5117 gentem
942 5041 972 5097 in
987 5046 1048 5097 tam
1063 5040 1158 5099 amica
1168 5038 1367 5098 familiaritate
1376 5037 1636 5117 habuittbxagge·

84 5131 270 5189 miliasancti
296 5131 427 5205 Benigni,
452 5149 540 5205 quern
565 5133 757 5206 magistratus
812 5130 1075 5189 nativesecundum
1084 5129 1410 5205 Apostolumfflolotuv,
1426 5128 1633 5205 15)loquimur‚

83 5220 234 5277 muriciam
251 5226 400 5293 morteque
416 5221 617 5293 suspensionis
633 5221 757 5294 patibuli
812 5219 963 5291 quoniam,
976 5216 1003 5275 si
1018 5216 1080 5274 fieri
1094 5215 1539 5292 possetoeulossuoseruiqsent,
1549 5218 1637 5276 etde·

83 5302 137 5365 tum
152 5309 370 5367 deliberaverat.
386 5309 468 5374 Quod
485 5310 659 5366 audiensrir
673 5311 758 5367 mise·
812 5306 925 5365 dissent
939 5307 975 5362 ei.
992 5304 1142 5380 Siquidem
1158 5303 1261 5372 Ursus,
1276 5303 1443 5379 patriarcha
1456 5304 1639 5380 illorum,ip·

83 5390 180 5453 illiorio
194 5397 307 5469 distans
322 5397 424 5469 aleco,
439 5397 563 5455 dimisso
588 5415 662 5472 equo
688 5397 758 5455 illuc
813 5394 876 5452 sius
891 5394 983 5452 sancti
996 5394 1090 5451 Patris
1104 5392 1232 5451 decrerit
1244 5392 1639 5470 ellicimonaohus.Sedqula

83 5496 290 5565 succutaneus,
308 5486 363 5543 hoc
378 5487 634 5544 tantumdicebat:
648 5511 662 5539 ι
677 5488 757 5557 lesu,
814 5485 876 5557 ipse
892 5483 1079 5556 dispendium
1095 5482 1175 5540 illius
1190 5481 1296 5558 gentle,
1313 5483 1392 5567 quod
1404 5483 1556 5558 torentpro
1564 5483 1638 5541 tanti

83 5568 261 5713 &pepercisti
290 5576 442 5634 latrantia
467 5593 553 5636 cruce
578 5577 726 5637 miserere.
744 5600 758 5631 »
814 5572 949 5638 absentia
962 5569 1027 5645 viri,
1041 5571 1243 5647 considerans,
1257 5570 1565 5659 illiiusuoproposito
1576 5587 1640 5650 per·

83 5658 86 5669 '
109 5652 220 5741 tit'tte'po
231 5684 266 5729 ex
280 5682 323 5726 me
336 5666 435 5732 diacos.
