3884 6084
115 298 188 360 test
573 295 607 360 S.
629 291 810 357 DDlLDNlS
833 286 1113 355 cluniacenses
1136 286 1300 350 esaxvls
1323 288 1362 352 V.
1750 286 1822 353 1031

117 431 248 502 Denique
263 428 391 485 salutatu
416 428 563 483 obmutuit
577 432 604 483 et
620 427 765 501 appellata
779 424 938 498 rospondit.
953 424 980 491 Α
997 421 1161 494 patiebatur
1178 420 1345 495 unigenitus
1373 418 1464 476 Filius
1493 420 1558 490 ejus
1586 418 1744 486 Dominus,
1759 424 1820 479 ante

113 521 168 574 Sed
180 535 243 591 quie
256 518 350 590 primo
359 518 526 573 turbaverat
538 517 797 591 allectum,postea
806 512 941 588 promisit
995 527 1109 565 cruc-rm
1126 510 1233 575 stabat,
1249 509 1355 593 et'piis
1369 508 1472 577 oculis,
1490 513 1522 564 ut
1542 509 1646 573 doctor
1664 507 1819 569 catholicus

113 608 375 680 ohsequim.Quam
387 623 453 662 vero
467 605 603 680 religiosa
614 606 643 661 in
655 605 835 678 propinquas
848 604 941 659 luerat
995 599 1097 655 scribit
1111 599 1296 666 Anthrosius,
1307 599 1494 672 exspectabat
1509 615 1567 655 nou
1589 598 1726 672 pignoris
1747 615 1817 656 mor-

112 696 262 767 Scriptura
282 693 380 750 divina
399 694 554 766 signifieat.
572 694 646 749 Nam
662 697 690 748 et
710 690 849 747 humilior
864 689 941 746 lacta
993 693 1063 757 tem,
1076 690 1127 744 sad
1144 688 1245 743 mundi
1263 687 1399 756 salutem,
1414 704 1502 760 quum
1518 687 1609 743 etiam
1622 685 1671 742 ille
1682 686 1727 742 vir
1736 687 1817 744 Sedu-

111 782 223 852 est,uhi
240 782 327 838 aDeo
343 799 375 838 se
387 770 521 854 cognovit
533 781 666 848 electam,
679 786 708 836 et
726 779 826 836 statim
840 779 874 834 nd
891 794 939 835 eo·
994 776 1051 832 lius
1067 781 1151 850 poeta
1162 775 1348 850 evangelicus
1361 776 1552 833 asseritcirca
1565 775 1685 832 Domini
1700 775 1818 849 sepulta·

111 877 231 946 gnatam
248 889 331 927 suam
348 872 384 927 ad
399 876 537 927 montana
553 870 703 943 processit.
714 870 775 925 Non
794 868 895 940 utique
907 868 939 922 ut
992 884 1055 922 ram
1072 865 1137 939 plus
1153 867 1264 921 ceteris
1278 865 1451 921 mulieribus
1466 866 1560 951 luisse
1574 864 1737 922 sollicitam
1749 883 1757 920 ι
1770 866 1815 923 lle

111 960 243 1034 exemplo
254 961 384 1017 erederet
394 961 527 1032 quaejam
540 957 836 1016 credideratoraenlo.
852 957 939 1011 Beata
992 956 1058 1013 lena
1072 972 1139 1011 vero
1154 959 1273 1011 econtra
1288 956 1423 1028 prinecps
1445 955 1569 1010 Romani
1593 954 1714 1027 imperii
1730 955 1766 1011 ad
1779 956 1815 1011 in·

111 1050 200 1119 euim,
231 1049 417 1121 inquit,quae
443 1047 601 1117 credidisti,
619 1048 756 1105 attribue
786 1044 937 1101 mensibus
992 1045 1364 1118 quirendaetreperienda
1384 1043 1499 1099 Domini
1525 1044 1659 1117 corporis
1684 1045 1821 1118 supplicia

112 1156 179 1195 cum
195 1137 444 1194 aemansit.'lanti
456 1142 554 1193 autem
566 1135 717 1192 intervallo
728 1134 868 1207 temporis
878 1149 937 1189 nou
991 1138 1020 1191 et
1035 1139 1140 1190 nostrae
1156 1132 1260 1189 salutis
1273 1131 1411 1206 insignia,
1424 1131 1545 1188 solerter
1560 1136 1590 1188 et
1606 1130 1818 1191 studiosissime

112 1229 185 1285 fiilos
195 1228 344 1301 quaeritur,
357 1227 407 1283 sed
422 1227 516 1299 pietas
528 1225 690 1282 exhibetur.
701 1225 735 1280 Et
749 1225 803 1280 hoc
819 1227 937 1295 postea·
992 1222 1155 1290 insistebat,
1163 1228 1192 1278 et
1201 1222 1248 1294 pio
1257 1222 1360 1277 allecto
1372 1224 1400 1277 et
1410 1221 1522 1278 sincero
1535 1222 1641 1277 ellectu
1650 1221 1819 1278 votisomni.

111 1334 198 1390 quam
215 1317 245 1371 in
262 1321 344 1373 utero
360 1317 490 1388 parentis
503 1314 640 1370 exsiliens
656 1331 728 1387 puer
743 1319 866 1368 matrem
883 1312 937 1367 Do·
991 1313 1047 1368 bus
1061 1311 1222 1378 laborabat,
1234 1310 1405 1367 utinveuire
1420 1315 1519 1384 posset
1529 1310 1610 1383 quod
1622 1310 1817 1383 quaerebat30t

112 1404 183 1459 mini
189 1445 278 1460 ........
296 1405 399 1461 Cetera
413 1404 517 1459 desunt
991 1401 1142 1457 inventum
1158 1400 1194 1455 ad
1209 1400 1350 1455 honorem
1362 1404 1391 1454 et
1405 1397 1527 1472 gloriam
1543 1398 1666 1455 Domini
1682 1399 1823 1457 bonorare¹

424 1509 545 1565 ggppqo
565 1509 623 1563 gv,
991 1487 1436 1563 gestiebatlldquodnegotium
1446 1489 1649 1561 peragendum
1660 1489 1817 1562 adjutorem

383 1597 418 1636 aa
437 1597 543 1639 servare
562 1595 663 1634 viauae.
993 1579 1119 1635 habebat
1130 1576 1368 1634 strenuissimum
1380 1577 1472 1632 lilium
1484 1594 1585 1645 suum,
1598 1577 1726 1634 Romani
1738 1577 1816 1652 impe·

148 1671 242 1743 [Apud
260 1670 382 1727 hlarton.
397 1671 447 1725 uti
461 1686 554 1741 supro,
571 1685 605 1724 ex
621 1685 676 1724 ms.
694 1666 898 1735 cluniacensi]
992 1670 1026 1724 rii
1038 1666 1199 1741 principem
1211 1667 1503 1739 Constantinum,qui
1512 1667 1630 1739 primus
1642 1662 1815 1723 interseculi

148 1761 216 1816 Post
239 1759 321 1814 illurn
341 1758 532 1831 singularem,
548 1764 577 1814 et
603 1757 816 1825 admirabilem,
834 1762 862 1812 et
876 1759 936 1812 toto
992 1757 1139 1831 principos
1153 1755 1352 1813 cumconsilio
1368 1759 1396 1811 et
1410 1755 1508 1811 studio
1525 1756 1632 1811 matris
1650 1756 1814 1829 supradicta

112 1846 655 1920 mundopredicabilem,etsalutarem
665 1845 939 1918 Dominicaepassio·
992 1852 1021 1903 et
1036 1846 1242 1919 saepedicendae
1261 1844 1374 1902 Helenae
1393 1843 1558 1901 libertatem
1584 1850 1614 1900 ot
1638 1843 1813 1918 priuilegium

111 1938 157 1994 nis
172 1937 368 2009 triumphum,
384 1941 412 1991 et
426 1937 558 2008 ejusdem
571 1936 686 1993 Domini
704 1934 793 1992 nostri
811 1950 939 1990 resuere·
994 1937 1129 1991 Romanu
1145 1935 1291 1990 concessit
1314 1933 1458 1990 Ecclesia.
1476 1933 1545 1989 lude
1560 1935 1651 2008 erepit
1677 1933 1813 2007 praedicari

110 2026 216 2082 ationis
232 2026 366 2099 glorium,
383 2030 411 2081 et
426 2029 612 2082 sacrosancta
629 2027 702 2081 leste
718 2023 876 2096 paschalia,
893 2021 936 2078 di·
993 2024 1118 2098 publice,
1135 2024 1256 2079 Domino
1279 2028 1437 2090 annuente,
1454 2026 1484 2078 et
1496 2023 1669 2095 supradicto
1695 2024 1812 2097 principe

110 2114 252 2188 guissime
267 2115 338 2170 sutis
362 2119 390 2169 et
412 2113 616 2169 convenienter
640 2112 689 2169 illa
713 2114 777 2168 dies
801 2111 938 2168 recolitur
992 2113 1126 2181 iaciente,
1139 2110 1219 2167 nullo
1235 2111 1462 2181 contradicente,
1474 2110 1568 2167 bonor
1583 2115 1612 2167 et
1630 2112 1726 2168 virtus
1739 2110 1811 2169 Chri·

110 2202 937 2274 celeberrimamapuaDominicaepassionisadhonorem
992 2203 1039 2271 sti,
1057 2203 1129 2258 tides
1148 2205 1177 2257 et
1200 2201 1322 2256 victoria
1350 2200 1466 2256 Domini
1495 2199 1628 2256 crucifixi
1653 2217 1705 2275 per
1728 2199 1809 2274 spatia

110 2296 138 2347 et
148 2291 240 2365 gloria
251 2292 379 2347 nominis
391 2292 440 2347 Dei
453 2296 498 2346 est
507 2292 542 2345 ad
553 2291 679 2346 salutem
690 2290 805 2363 generis
815 2290 937 2345 humani
991 2296 1098 2347 cuncta
1113 2289 1215 2345 mundi
1233 2306 1385 2362 quousque
1401 2289 1539 2346 tendebat
1553 2293 1688 2362 potestas
1699 2288 1806 2346 Romam

110 2381 297 2455 reperiuntur
311 2380 454 2452 insignia;
471 2397 542 2435 crux
556 2379 699 2445 videlicet,
712 2379 741 2434 in
757 2395 816 2450 qua
832 2383 937 2433 nostrae
992 2380 1117 2452 imperii,
1132 2383 1160 2435 et
1176 2396 1234 2434 non
1251 2378 1346 2434 dicum
1363 2395 1457 2451 usque
1480 2379 1516 2434 ad
1539 2379 1685 2435 terminos
1700 2377 1805 2435 Romani

110 2469 215 2525 salutis
238 2473 339 2524 orretor
363 2468 510 2541 pependit,
525 2472 554 2524 et
573 2468 645 2525 clavi
661 2467 769 2540 quibus
791 2468 936 2522 confixum
992 2467 1117 2540 imperii,
1134 2468 1183 2523 sed
1210 2483 1365 2540 quousque
1380 2468 1554 2540 predicatur
1570 2469 1712 2540 majestas
1731 2464 1803 2524 divini

109 2556 483 2613 estilludsacrutissimum
501 2556 938 2629 eorpus,quodexinlemerata
992 2562 1020 2612 et
1039 2557 1182 2612 incarnati
1197 2556 1294 2625 Verbi,
1308 2560 1337 2611 et
1365 2556 1523 2612 auctoritas
1553 2556 1658 2612 mundi
1685 2555 1802 2614 salutaria

109 2645 228 2719 Virgine
239 2645 592 2718 assumeredignatusest
603 2646 652 2701 Dei
662 2645 752 2701 Filius
763 2650 828 2700 ante
839 2645 938 2701 omnia
992 2647 1084 2702 saneti
1100 2644 1259 2719 Evangelii,
1275 2662 1339 2716 qua
1355 2645 1420 2702 viva
1445 2648 1473 2701 et
1498 2645 1592 2702 libera
1615 2661 1684 2701 vore
1708 2644 1801 2701 intonat

111 2738 243 2806 tempora
255 2733 406 2789 secularia
421 2735 457 2789 ab
479 2734 542 2805 ipso
566 2733 623 2789 Deo
647 2733 729 2789 Patre
752 2732 939 2790 inellabiliter
992 2736 1131 2793 honorem
1145 2739 1173 2791 et
1188 2733 1311 2807 gloriam
1323 2734 1417 2791 erucis
1428 2739 1457 2791 et
1468 2740 1552 2790 actus
1567 2739 1596 2791 et
1612 2732 1800 2791 mirabiliaDo

110 2823 237 2896 genitus.
248 2821 647 2895 Meritoigiturcelcberrime
663 2823 763 2879 recolit
783 2822 872 2879 totius
887 2823 938 2878 Dc·
992 2824 1064 2880 mini
1081 2823 1221 2880 crucifixi.
1232 2822 1306 2886 Quid
1330 2840 1383 2880 nos
1399 2823 1508 2892 miseri,
1520 2823 1557 2879 nd
1581 2822 1699 2880 laudern
1722 2821 1798 2878 crucia

111 2911 205 2968 clasiae
216 2911 310 2967 tidelis
321 2910 433 2967 familia
443 2928 494 2983 per
504 2912 620 2967 diversa
631 2928 775 2968 annorum
787 2911 881 2984 spatia
891 2927 937 2968 sa·
993 2914 1088 2968 dicere
1102 2915 1263 2979 tentamus,
1274 2915 1303 2968 et
1320 2912 1390 2985 quid
1406 2912 1516 2968 inducti
1532 2912 1586 2967 lari
1601 2911 1795 2985 p-esuninu,

110 3001 214 3058 luteris
229 3000 352 3074 patibuli
367 3000 563 3056 inventionem
589 3005 618 3056 et
642 3001 857 3067 exaltationem,
869 3001 939 3073 quia
992 3002 1042 3075 qui
1059 3005 1138 3057 tanto
1151 3019 1183 3057 ac
1194 3000 1264 3056 talia
1279 3018 1295 3056 n
1310 3001 1471 3073 majoribus
1485 3006 1515 3057 et
1530 3001 1702 3058 melioribus
1712 2996 1794 3056 neeri

110 3107 162 3164 per
172 3107 289 3148 crucem
300 3089 401 3147 didicit
410 3091 590 3146 destructum
602 3089 704 3146 mortis
716 3089 939 3163 imperium‚por
993 3093 1122 3165 quotidie
1137 3091 1215 3146 dieta
1230 3091 1446 3162 cognoscimus,
1458 3094 1490 3145 ut
1505 3094 1534 3146 et
1549 3096 1654 3147 uotum
1666 3095 1695 3147 et
1707 3086 1793 3163 anges

111 3178 936 3250 crucemsorecolitevasisseperpetuaemortisinteritum,
952 3164 973 3231 C
993 3185 1021 3236 et
1035 3179 1216 3245 hominibus,
1228 3183 1256 3234 et
1271 3179 1405 3235 omnium
1416 3178 1548 3234 lldelium
1560 3179 1726 3236 firmissima
1736 3174 1792 3234 creti

111 3276 140 3325 et
150 3286 202 3342 per
211 3285 326 3324 erucem
337 3284 368 3323 se
377 3267 760 3339 gaudetinvenisseaeterna
770 3267 835 3322 vitae
845 3267 939 3324 subai·
993 3269 1171 3342 praedicabat
1180 3274 1208 3324 et
1222 3267 1287 3324 novi
1298 3267 1393 3323 tidelis
1404 3267 1580 3340 prudentia?
1595 3267 1645 3323 Dci
1661 3265 1744 3323 Filius
1756 3262 1792 3318 rui·

110 3359 203 3413 dium.
216 3358 287 3413 Cum
304 3357 384 3412 enlm
400 3355 557 3411 Dominicre
573 3356 855 3413 etvictoriosissimae
871 3373 937 3412 cru·
993 3357 1178 3415 sericorditer
1192 3357 1342 3413 hominem
1362 3373 1395 3411 ex
1411 3356 1528 3428 Virgine
1542 3356 1683 3428 dignatus
1696 3357 1735 3411 ast
1746 3366 1792 3408 sua·

111 3448 153 3502 eis
164 3445 329 3501 celebratur
339 3444 476 3513 inventio,
490 3444 730 3501 manifestissime
741 3444 856 3501 Domini
872 3461 938 3501 cru-

111 3534 186 3589 cifixi
203 3532 339 3589 recolitur
354 3533 546 3599 resurrectio;
564 3535 592 3587 ct
605 3548 670 3586 crim
687 3533 820 3601 ejusdem
843 3534 938 3590 crucis

112 3621 248 3678 exaltatio
263 3620 377 3688 colitur,
393 3620 423 3674 in
446 3637 480 3675 ea
505 3619 661 3676 crucifixus
687 3621 829 3677 Dominus
853 3622 939 3678 lesus

112 3711 248 3767 Christus
263 3710 299 3764 ud
315 3709 402 3765 coelos
422 3708 588 3765 ascendisse
609 3709 800 3781 dignoscitur.
816 3712 858 3767 Ad
875 3727 940 3766 con-

111 3800 258 3856 firmanda
273 3798 363 3870 hujus
375 3798 413 3853 rei
427 3797 583 3871 magnalia,
596 3799 728 3869 quadam
740 3798 768 3852 iu
781 3799 940 3872 Scripturis

111 3890 193 3962 paria
205 3887 395 3944 inveniuntur
408 3888 562 3959 praeconia,
575 3892 607 3943 ut
617 3904 683 3942 cum
695 3881 941 3962 similiajuugun-

110 3984 158 4035 tur
173 3977 331 4047 similibus,
347 3977 377 4032 in
393 3976 439 4032 bis
455 3994 520 4050 que
540 3976 679 4033 dicuutur
700 3977 737 4033 de
759 3977 816 4033 Deo
843 3978 943 4036 nullus

110 4064 943 4138 inveniaturincredulushlulierserpentinodelusamen.

110 4157 194 4215 docio
223 4161 348 4213 mortem
377 4155 546 4229 propinavit
568 4155 641 4221 viro,
659 4155 718 4211 imo
747 4156 835 4212 etiam
862 4155 942 4212 omni

110 4245 209 4321 generi
226 4246 359 4302 humano
377 4261 383 4300 :
401 4244 558 4300 mulierum
575 4250 744 4301 sanctarum
760 4244 880 4301 humilis
895 4246 944 4302 de·

108 4336 198 4405 vetio,
211 4333 344 4407 angelico
359 4338 509 4391 asserente
529 4349 664 4389 sermone
680 4333 827 4401 veridieio,
844 4334 943 4390 Domi-

116 4440 188 4480 num
204 4424 399 4479 resurrexisse
414 4421 573 4495 apostolico
587 4422 731 4479 nuntiavit
745 4421 876 4495 collegio.
888 4426 944 4478 Αιι-

993 3447 1098 3519 cipere,
1111 3445 1198 3501 honio
1215 3445 1321 3511 laetus,
1331 3444 1500 3502 honrinibus
1514 3443 1608 3500 voluit
1628 3440 1791 3516 appareret

995 3553 1045 3610 per
1059 3536 1156 3608 ipsum
1173 3534 1322 3591 hominem
1340 3550 1427 3606 quem
1449 3533 1589 3605 suscepit,
1605 3549 1699 3606 genus
1711 3531 1791 3587 boma·

995 3644 1065 3682 num
1081 3644 1098 3681 a
1113 3629 1257 3699 perpetuae
1278 3624 1379 3681 mortis
1394 3624 1512 3680 interitu
1528 3624 1622 3680 voluit
1645 3619 1792 3687 liberarant

995 3717 1031 3771 de
1045 3714 1175 3772 tenebris
1189 3714 1224 3770 ad
1241 3714 1346 3782 lucem,
1356 3714 1391 3769 do
1408 3716 1499 3769 morte
1514 3713 1551 3768 ad
1568 3714 1659 3769 vitam
1675 3711 1793 3769 reducem

994 3809 1022 3861 ct
1038 3805 1123 3860 scivit
1138 3803 1215 3859 sicut
1236 3803 1335 3859 omnia
1349 3801 1415 3869 scit,
1431 3800 1500 3874 quia
1521 3818 1580 3857 non
1604 3805 1701 3874 posset
1713 3791 1793 3867 corrigi

996 3893 1126 3968 priorum
1142 3896 1296 3964 parentum
1316 3889 1515 3963 presumptio,
1533 3889 1591 3946 nisi
1607 3889 1794 3946 humanitatem

996 3986 1125 4038 nostram
1142 3980 1303 4053 susciperet
1312 3978 1410 4036 divina
1425 3978 1570 4052 dignuti03
1586 3979 1640 4035 sed
1652 3994 1758 4050 semper
1768 3987 1796 4031 rt·

996 4075 1100 4145 guarel
1113 4070 1142 4126 in
1160 4068 1279 4135 munde,
1295 4073 1329 4125 ut
1352 4068 1491 4136 diximus,
1508 4068 1641 4140 priorum
1669 4068 1797 4141 parentum

997 4161 1124 4233 superba
1138 4159 1298 4225 temeritas,
1309 4174 1362 4214 nec
1372 4157 1460 4232 eulpa
1469 4155 1632 4214 solveretur
1642 4174 1705 4230 qua
1715 4148 1800 4210 munte

997 4255 1125 4307 creverat
1138 4265 1189 4321 per
1205 4246 1339 4303 illicitum
1354 4245 1425 4320 ligni
1436 4249 1567 4320 gustum,
1580 4246 1640 4302 nisi
1650 4237 1799 4302 Christusia

997 4339 1077 4413 ligno
1093 4339 1188 4394 crucis
1203 4337 1334 4410 pendens
1349 4336 1492 4410 sauguine
1504 4352 1559 4392 suo
1569 4334 1680 4392 deleret
1694 4325 1798 4389 meruit

998 4426 1226 4502 prescriptionis
1248 4424 1488 4499 chirographum.
1504 4424 1630 4481 Necesse
1653 4429 1706 4496 est,
1720 4422 1798 4478 tnta

111 4512 200 4569 distis
224 4511 373 4567 bominem
391 4511 607 4567 inobedientem
630 4527 682 4582 per
702 4510 773 4585 ligni
789 4516 909 4585 gustum
926 4515 1274 4600 ancharissimimtqui
1286 4515 1434 4587 segaudet
1445 4515 1632 4589 redemptum
1642 4511 1797 4571 Christiane·

110 4600 248 4675 paradiso
262 4599 434 4672 expulsum,
454 4599 579 4655 audistis
596 4598 740 4655 latronem
756 4601 941 4657 confitentem
997 4607 1085 4681 guina
1101 4605 1238 4679 pretioso,
1252 4604 1368 4660 studeat
1383 4620 1414 4660 so
1428 4603 1545 4659 munire
1556 4603 1713 4660 Dominica
1726 4591 1796 4656 raucit

110 4709 162 4765 por
173 4689 316 4746 humilem
326 4689 541 4745 contessionem
552 4689 581 4743 in
593 4688 762 4760 paradisum
774 4689 937 4747 inductum.
994 4690 1156 4765 signaculo,
1165 4697 1194 4747 et
1208 4696 1239 4747 ut
1254 4691 1285 4748 B.
1297 4690 1492 4765 Hieronymus
1507 4690 1691 4765 imperatori
1705 4694 1794 4745 omnam

110 4781 231 4837 Lasciva
241 4779 350 4835 semina
362 4777 517 4833 divortium
532 4775 607 4833 nralc
618 4778 768 4834 suadendo
780 4777 941 4836 insinuavit
993 4781 1146 4850 uctunr,nd
1158 4797 1273 4836 omnem
1290 4779 1439 4836 incessum
1451 4785 1553 4837 contra
1563 4797 1653 4836 omne
1662 4772 1794 4854 periculum

109 4871 185 4926 viam
202 4871 237 4927 ad
253 4869 372 4937 inlares,
389 4867 503 4939 integra
520 4867 601 4939 virgo
624 4867 680 4922 iter
703 4872 814 4923 rectum
835 4868 940 4925 direxit
994 4887 1099 4928 manus
1115 4869 1216 4944 pingat
1230 4874 1357 4938 crucetn,
1369 4869 1445 4926 sieut
1460 4884 1564 4925 omues
1579 4869 1692 4926 iaciunt
1704 4865 1749 4941 qui
1761 4870 1795 4934 pet

110 4960 144 5014 ad
162 4976 293 5032 superos.
305 4956 410 5014 Mulier
424 4960 565 5029 corrupta
579 4973 638 5011 sua
650 4957 802 5030 propagini
814 4961 937 5013 mortem

109 5047 219 5112 intulit,
231 5048 311 5120 virgo
325 5047 498 5104 intemerata
515 5045 647 5102 humano
659 5046 756 5118 generi
767 5047 856 5102 vitam
876 5063 938 5119 per-

110 5139 228 5207 petuam
239 5135 370 5192 eontulit.
381 5137 474 5193 blaria
483 5134 666 5208 Magdalena,
676 5135 826 5207 quondam
841 5152 938 5209 pecea-

79 5237 88 5256 ·
112 5223 176 5289 trix,
197 5224 232 5280 de
253 5225 385 5296 ejusdem
414 5225 628 5282 resurrectione
652 5223 792 5297 gaudium
823 5225 936 5296 attulit;

111 5312 219 5370 Helena
235 5312 404 5385 imperatrix
420 5315 456 5370 de
472 5312 637 5369 inventione
653 5311 749 5367 crucis
772 5318 800 5369 et
824 5318 938 5370 caetero-

111 5418 177 5458 rum
193 5400 355 5474 insignium
368 5401 525 5458 Dominicae
538 5401 684 5475 passionis
699 5401 839 5475 gaudium
851 5406 880 5458 et
893 5402 937 5458 la·

993 4960 1088 5017 crucis
1104 4958 1275 5029 mysterium
1292 4974 1323 5014 se
1347 4962 1405 5014 Deo
1431 4957 1557 5015 fideliter
1579 4958 1722 5015 dedicant.
1735 4945 1793 5009 Etlt

993 5049 1049 5106 alio
1064 5049 1126 5104 loro
1140 5047 1216 5102 idem
1228 5052 1327 5103 orator
1342 5046 1575 5105 facundissimus
1586 5046 1616 5104 iu
1628 5046 1740 5104 laudem
1752 5052 1796 5097 cru

992 5138 1034 5193 cis
1048 5135 1211 5193 luculenter
1225 5140 1343 5208 perorat
1357 5134 1462 5193 vexilla
1478 5135 1622 5203 militum,
1633 5139 1664 5193 et
1676 5137 1798 5211 purpurat

992 5244 1105 5300 regum,
1119 5231 1148 5281 et
1166 5225 1335 5281 diademata
1348 5224 1494 5282 Caesarum
1520 5225 1660 5300 supplicii
1684 5213 1801 5282 adulant

992 5317 1104 5391 pictura
1120 5315 1303 5370 condecorat.
1315 5313 1419 5370 Omnis
1433 5314 1484 5386 qui
1500 5331 1532 5371 se
1544 5331 1562 5371 a
1576 5319 1709 5388 tempore
1721 5304 1802 5368 Danu

992 5405 1062 5462 nica
1078 5403 1225 5476 passionis
1240 5401 1301 5476 pati
1316 5401 1358 5459 vel
1375 5404 1450 5462 mori
1464 5420 1516 5476 pro
1531 5403 1650 5461 Christo
1665 5396 1804 5477 disposuit,

111 5491 204 5548 titiam
220 5490 346 5546 ostendit
366 5491 559 5562 praesentibus
583 5495 611 5546 et
634 5491 854 5563 superventuris
869 5492 938 5548 fide·
992 5513 1043 5567 per
1058 5493 1152 5549 cruris
1167 5490 1344 5566 supplicium
1358 5493 1393 5549 ad
1410 5492 1560 5550 Christum
1575 5493 1727 5567 pervenire
1741 5492 1808 5565 opta

109 5582 183 5659 lium
196 5578 323 5660 populis.
340 5578 432 5639 Maria
445 5578 571 5655 genitrix
594 5578 721 5650 Domini,
734 5583 863 5657 tempore
877 5600 936 5660 quo
990 5585 1156 5645 vittatam
1170 5597 1222 5661 per
1232 5583 1329 5642 crucia
1344 5583 1520 5662 martyrium
1534 5585 1658 5665 optabat
1671 5577 1811 5664 pervenite
