3884 6084
126 236 186 338 aas
582 278 615 339 e.
636 275 836 340 sanamus
858 272 1168 339 riuusrnonnusts
1190 276 1380 341 scissuri.
1771 279 1834 341 sse

126 414 204 467 reete
218 409 283 466 sitis
298 410 397 478 creati,
414 410 450 467 ad
466 409 582 466 ruinam
606 411 690 482 proni
715 408 852 480 ferimini,
867 413 951 466 netu·
965 407 994 477 Α
1008 406 1093 465 celeri
1111 409 1323 483 supplicatione
1338 410 1465 469 festinet.
1481 411 1555 467 Vani
1570 411 1678 469 etenim
1695 410 1833 470 homines

126 499 256 573 reiisque
270 500 301 556 in
314 499 398 557 vohis
412 517 517 558 sensns
529 516 683 574 perversus
694 500 773 556 estc
788 500 838 556 Est
853 504 952 556 autem
1007 498 1145 555 dicuntur
1155 501 1190 556 ad
1200 501 1448 574 coinparationem
1464 518 1596 574 superne
1610 502 1835 560 veritatislden-

126 588 255 645 maceria
269 588 347 646 sicca
360 604 497 647 saxorum
513 589 769 662 constructio,quae
780 587 843 646 sine
854 588 952 662 aliquo
1007 588 1093 645 dnoes
1108 588 1173 645 illos
1189 588 1346 662 tangit,qui
1361 591 1477 648 stateris
1493 590 1603 664 iniquis
1613 592 1776 652 ementium
1786 592 1835 650 de·

126 677 265 751 ligamine
280 678 413 752 impenso
428 679 458 734 in
474 679 566 735 altum
582 680 670 735 ducta
685 678 879 752 componitur.
1007 677 1120 750 cipiunt
1134 677 1368 750 simplicitatum
1384 682 1426 736 uel
1440 681 1503 737 illos
1513 680 1656 754 notatqui
1668 681 1835 740 sanctitatis

126 768 143 823 l
182 768 371 825 Verumtamen
382 773 504 842 prelrum
515 769 952 842 menmeopitauerunlrepellere:
1007 766 1195 824 simulatione
1209 768 1369 840 decipiunt.
1386 769 1423 826 Ut
1437 769 1595 844 decipiant,
1611 773 1746 844 poterant
1755 771 1835 829 enim

216 857 294 914 curri
307 859 338 914 in
352 860 424 915 siti:
1007 874 1065 913 non
1081 856 1223 929 decipere,
1240 859 1264 913 si
1280 873 1381 915 eorum
1396 860 1529 932 nequitia
1538 859 1632 933 possit
1642 858 1834 933 deprehendi.

182 946 230 1002 Ori
242 963 292 1003 suo
307 947 500 1006 benedicebant
522 957 548 1006 et
574 948 653 1006 eorde
673 965 723 1005 suo
742 947 950 1005 rnulccllcelcul.

215 1037 383 1110 diapsalma.

163 1125 183 1181 C
199 1125 256 1182 iste
270 1142 373 1185 versus
388 1127 508 1200 respicit
516 1129 553 1185 ad
564 1128 580 1184 J
584 1128 679 1184 udaeos
693 1132 721 1184 el
732 1128 767 1185 ad
781 1128 864 1184 fictos
874 1125 953 1183 Chri-

128 1215 250 1274 stianos.
275 1215 447 1290 Cogitahant
471 1217 602 1274 infideles
630 1217 768 1291 repellere
790 1216 951 1285 Christum,

128 1306 178 1379 qui
193 1310 238 1363 est
253 1311 340 1379 capul
354 1310 383 1363 et
397 1307 522 1380 pretium
538 1306 682 1373 Ecclesia,
696 1307 813 1380 quando
828 1322 865 1362 ne
880 1322 953 1381 puro

1007 945 1039 1001 ln
1054 946 1195 1018 idipsum,
1212 946 1324 1004 scilicet
1336 948 1365 1004 ia
1381 947 1619 1022 equitate,quam
1633 949 1706 1007 lnlso
1725 949 1835 1008 hahere

1007 1035 1202 1106 estimantur,
1218 1052 1285 1092 eum
1298 1037 1372 1109 justi
1388 1054 1452 1094 esse
1467 1038 1635 1094 creduntur.

1007 1124 1042 1180 l0
1079 1124 1167 1182 Nolite
1180 1141 1289 1197 sperare
1311 1128 1340 1182 in
1364 1127 1540 1199 iniquitate:
1564 1134 1591 1184 et
1613 1128 1728 1201 rupinus
1748 1128 1836 1185 nolite

1113 1216 1300 1286 concupiscere
1316 1232 1323 1272 :

1078 1305 1190 1362 Divitiae
1204 1305 1229 1360 si
1240 1305 1360 1376 affluunt
1373 1305 1459 1362 nolite
1469 1322 1516 1362 cor
1527 1322 1672 1380 apponere.

129 1395 215 1452 corde
234 1394 388 1463 coloretur,
404 1394 555 1470 sacrilegis
576 1395 765 1470 dogmatibus
784 1395 951 1452 obviabant.
1043 1394 1168 1450 Cllocet
1182 1393 1260 1450 enim
1281 1394 1407 1463 vitiatos,
1434 1412 1470 1452 ne
1495 1412 1613 1469 sperare
1637 1395 1765 1452 debeant
1787 1396 1837 1453 ubi

129 1485 212 1540 Tunc
227 1489 346 1541 sanctus
360 1484 404 1540 vir
419 1502 538 1542 cursum
553 1484 725 1542 vitasuein
735 1483 953 1542 sitisterililetis
1007 1482 1339 1544 tructusbonidesiderii
1351 1502 1409 1541 non
1420 1483 1837 1558 potestinvenirillieitetiam

128 1573 295 1647 peragebat,
312 1574 383 1646 quia
394 1573 523 1631 inuenire
538 1591 596 1631 non
612 1578 736 1647 poterat,
758 1591 845 1646 quem
871 1590 954 1630 sacra
1009 1571 1044 1627 ed
1060 1571 1268 1645 pauperes,qui
1283 1571 1703 1630 necessitatevictuslurlivum
1715 1571 1837 1647 aliquod

128 1662 261 1720 doctrina
276 1667 415 1736 potasset.
433 1663 570 1736 Sequitur
584 1664 649 1720 sitis
671 1680 761 1721 causa
777 1680 783 1719 ε
801 1663 953 1720 benedice-
1007 1661 1228 1733 concupiscunt.
1246 1662 1281 1717 Et
1295 1661 1412 1734 rapinas
1428 1661 1516 1719 nolite
1536 1661 1762 1735 concupiscere;
1778 1679 1836 1719 non

128 1752 199 1809 hant
212 1768 271 1822 ore,
288 1753 339 1826 qui
354 1752 448 1827 legem
463 1752 558 1810 laliaci
581 1753 783 1810 emendatione
809 1757 954 1826 pertrans·
1008 1751 1085 1806 enim
1102 1754 1197 1822 polest
1211 1751 1322 1807 crimen
1348 1749 1455 1824 rapine
1479 1750 1640 1826 indigentia
1653 1748 1768 1821 tollere,
1784 1767 1837 1809 nee

127 1846 209 1910 eunt,
226 1846 254 1899 et
277 1858 335 1899 non
356 1841 412 1900 hoe
438 1843 575 1916 operibus
588 1844 792 1900 demonstrant
805 1843 883 1915 quod
903 1858 954 1911 oro

127 1930 422 2006 pronuntiantllorde
437 1932 516 1988 enirn
532 1931 749 1990 maledicebant
759 1932 810 2005 qui
827 1931 955 2005 Scriptu-

127 2037 175 2079 ras
190 2025 308 2078 sanctas
323 2019 425 2079 vitiose
436 2020 650 2095 intelligebant.

127 2111 145 2166 5
183 2116 377 2168 Verumtamen
392 2113 443 2168 lleo
457 2112 576 2183 subjectu
591 2119 644 2168 esto
656 2112 751 2167 aalma
766 2127 827 2167 mea
843 2129 852 2166 :

183 2201 319 2269 Quoniam
332 2199 366 2256 el
380 2201 437 2272 ipso
449 2201 586 2272 patientia
599 2216 669 2257 mea.

142 2302 144 2306 ⁴
164 2287 284 2346 GNunc
301 2288 407 2362 repetit
432 2288 575 2361 Propheta
598 2289 676 2362 quod
705 2289 843 2360 superius
872 2288 954 2355 dixit,

130 2379 261 2437 animam
275 2393 361 2434 suam
376 2377 434 2434 Deo
450 2393 514 2434 esse
527 2378 735 2450 subjectam,ul
747 2377 812 2450 ipsa
822 2376 955 2451 repetitio

130 2469 221 2527 menti
228 2473 332 2527 nostre
340 2468 542 2526 credulitatem
550 2465 839 2540 infigereti’atientia
847 2466 955 2540 quippe

130 2563 232 2616 nostra
246 2557 381 2615 Christus
396 2560 575 2630 est,propter
589 2573 677 2629 quem
692 2559 720 2612 et
731 2555 851 2611 adversa
866 2553 956 2612 liben-

1009 1839 1060 1913 qui
1078 1839 1212 1896 vindicte
1227 1840 1360 1913 sth‘acet
1374 1840 1748 1915 eulpamexcusareltune
1762 1840 1838 1898 redit

1010 1931 1046 1986 ad
1062 1929 1176 1997 divites,
1192 1929 1292 1987 dicens
1309 1948 1315 1986 :
1332 1928 1441 1987 Divitiae
1457 1931 1481 1987 si
1497 1931 1629 2000 affluent.
1645 1929 1746 1988 Merito
1768 1947 1837 2005 ergo

1009 2017 1290 2092 precepitdivitibus
1298 2036 1567 2093 cornonapponere
1574 2024 1602 2077 et
1610 2037 1674 2094 que
1685 2020 1839 2094 possident

1010 2126 1068 2165 non
1084 2125 1261 2178 amarc,cum
1274 2109 1383 2166 Paulus
1398 2109 1476 2167 dicat
1493 2128 1499 2167 :
1516 2110 1580 2166 Non
1594 2125 1711 2193 sperare
1738 2110 1769 2166 in
1792 2109 1839 2166 in·

1010 2201 1088 2254 certo
1104 2196 1281 2267 divitiarum,
1299 2199 1350 2255 sed
1367 2198 1395 2254 in
1412 2199 1471 2255 Deo
1486 2199 1548 2256 vivo
1563 2201 1588 2269 (l
1601 2201 1671 2257 Tim.
1690 2202 1743 2271 vr).

1009 2287 1039 2343 ll
1081 2288 1169 2344 Semel
1182 2289 1287 2344 locatus
1301 2293 1341 2345 est
1354 2289 1426 2344 Deus
1444 2305 1450 2343 :
1467 2288 1519 2348 duo
1533 2289 1593 2347 ltere
1606 2289 1711 2345 audiui.

1081 2377 1152 2444 Quin
1160 2384 1282 2449 potestas
1295 2378 1345 2434 Dei
1358 2386 1397 2435 est
1409 2385 1436 2434 et
1448 2379 1509 2445 tibi,
1536 2380 1660 2446 Domine,
1682 2380 1837 2438 misericer-

1115 2467 1162 2522 dr'e
1179 2484 1185 2523 τ

1082 2557 1153 2624 Quin
1168 2560 1198 2611 lu
1210 2557 1304 2613 reddes
1319 2557 1468 2631 nonnique
1478 2558 1563 2630 jueta
1577 2574 1657 2631 opera
1672 2575 1733 2617 suu.

21 4311 25 4319 .
122 4260 151 4314 el
164 4257 295 4314 futuram
311 4270 397 4312 suam
409 4251 620 4310 beatitudiuem
636 4251 692 4324 ipsi
706 4251 874 4325 applicaret.

129 2653 174 2704 ter
188 2648 328 2721 patimur,
346 2651 375 2704 el
390 2651 530 2719 susceptae
546 2645 652 2719 regule
668 2644 867 2702 observatione
883 2661 954 2719 gau·
1044 2644 1208 2701 GLocutus
1222 2650 1266 2702 est
1280 2647 1449 2719 frequenter
1464 2646 1597 2720 patribus
1613 2646 1723 2706 nostris
1747 2652 1835 2716 Dens,

128 2737 243 2794 demus.
1009 2733 1060 2790 sed
1076 2734 1166 2791 semel
1182 2734 1296 2792 loculus
1306 2740 1351 2792 est
1366 2735 1438 2792 Vilio
1455 2735 1638 2805 suo,dicens:
1650 2736 1838 2795 Filiusmens

127 2828 145 2883 6
189 2824 954 2899 ÷Quia,ipre÷Deuameur1etSaluulormeus:
1008 2839 1040 2879 es
1055 2826 1098 2893 tu,
1114 2838 1167 2895 ego
1182 2822 1269 2880 hodie
1284 2825 1371 2899 genui
1386 2829 1415 2881 te
1430 2825 1527 2897 (Hele.
1544 2825 1573 2898 r),
1589 2824 1644 2882 hoc
1659 2824 1741 2882 enim
1760 2823 1836 2882 nulli

180 2917 297 2990 Adjulor
309 2931 395 2983 meas,
409 2932 466 2973 nour
480 2917 628 2986 enipeum.
1008 2910 1090 2968 alteri
1106 2912 1220 2969 Patrem
1235 2913 1326 2969 luisse
1342 2913 1474 2969 locatam
1489 2913 1678 2971 manifestum
1701 2917 1756 2971 ost.
1773 2913 1837 2971 Dua

163 3006 184 3062 G
198 3005 338 3080 Superius
353 3005 503 3061 Christum
519 3004 690 3077 patientiam
702 3002 954 3061 nominavitnune
1007 3001 1069 3058 hare
1082 3002 1177 3058 audivi
1191 3001 1221 3057 in
1237 3001 1590 3084 EvangelimPotestalem
1604 3001 1698 3059 habeo
1709 3001 1838 3075 ponendi

128 3096 234 3154 iterum
250 3095 412 3164 dicit,Deus
427 3111 521 3163 meus,
538 3099 567 3151 et
581 3093 719 3151 salutaris
735 3093 902 3167 meus,quia
913 3111 954 3150 re·
1008 3090 1137 3147 animam
1154 3095 1291 3160 meamet
1305 3091 1412 3148 iterum
1427 3090 1563 3148 sumendi
1578 3091 1713 3161 camilob.
1729 3091 1769 3164 x).
1786 3091 1836 3148 Se·

127 3201 196 3242 vera
210 3184 516 3243 animaesaesalutem
528 3183 952 3256 jamtuncperincernendum
967 3161 989 3230 G
1008 3181 1109 3254 quitur
1123 3181 1196 3237 illud
1212 3182 1386 3250 secundnm,
1399 3185 1428 3237 et
1440 3181 1506 3249 libi,
1522 3180 1656 3248 Domine,
1672 3180 1836 3241 misericor

127 3274 256 3330 Verbum
271 3274 422 3347 provenire
436 3272 584 3330 noscebat.
601 3273 664 3328 Non
679 3270 954 3345 emigrabo,soilieet
1008 3269 1586 3344 dia,subaudiendum,placet,utrumque
1600 3270 1718 3327 deitatis
1732 3273 1834 3340 estut,

129 3362 165 3418 de
179 3361 234 3418 hac
247 3361 420 3418 credulitate
435 3377 523 3434 quem
539 3365 623 3417 teneo
637 3360 683 3417 vel
709 3377 799 3417 suasu
813 3360 890 3417 male
905 3378 953 3418 ve·
1006 3358 1117 3416 seilicet
1127 3359 1355 3416 misericorditer
1365 3360 1494 3432 possitot
1502 3362 1637 3432 potenter
1646 3360 1833 3417 misereatur.

128 3456 199 3520 stro,
210 3450 255 3507 vel
269 3450 480 3524 persecutione.
1007 3449 1040 3505 lii
1056 3453 1089 3504 ut
1103 3449 1157 3505 hoc
1172 3449 1208 3506 de
1222 3449 1337 3505 Christo
1349 3449 1461 3505 dietum
1474 3448 1592 3522 planius
1611 3447 1773 3522 intelligas,
1788 3464 1834 3505 se·

126 3542 144 3597 7
179 3542 212 3597 ln
224 3541 277 3597 Deo
291 3540 412 3596 solutore
425 3554 517 3595 meum
530 3546 557 3595 el
568 3539 657 3609 ploric
668 3555 750 3595 mco:
1006 3538 1107 3610 quitur
1122 3542 1240 3611 tempus
1251 3537 1356 3610 judieii
1375 3554 1381 3594 :
1399 3538 1469 3611 quia
1482 3542 1514 3594 tu
1531 3537 1644 3607 reddis;
1665 3535 1751 3594 Pater
1775 3553 1835 3594 non

178 3631 249 3686 Dens
261 3630 367 3685 ausilii
379 3629 435 3684 mel
449 3631 475 3684 el
489 3644 548 3700 apes
557 3632 620 3685 meu
636 3630 664 3683 in
678 3629 732 3684 lleo
754 3634 781 3694 ἦ
795 3634 846 3686 est.
1002 3627 1117 3698 judicat
1131 3644 1324 3700 quemquam,
1342 3626 1393 3683 sed
1409 3643 1496 3683 omne
1504 3625 1651 3698 judicium
1666 3625 1749 3682 dedit
1762 3623 1835 3683 sitio

161 3717 387 3792 CCongeminat
410 3717 440 3773 in
465 3717 523 3772 Deo
548 3716 672 3773 salutem
697 3733 772 3784 esse,
788 3734 846 3772 non
869 3720 901 3772 ul
919 3717 949 3772 in
1003 3717 1062 3787 (latr
1077 3717 1116 3788 v).
1133 3715 1303 3773 ostenditur
1319 3732 1387 3790 crgo
1402 3733 1437 3772 ex
1453 3715 1518 3772 istis
1531 3714 1625 3771 trihus
1647 3713 1765 3772 Christo
1790 3719 1836 3771 nt·

124 3808 257 3882 gentium
273 3806 331 3864 diis
345 3809 516 3880 perpetuum
531 3806 705 3862 mortemllt
718 3805 811 3879 gloria
826 3822 900 3875 moa,
918 3811 951 3863 ut
1004 3805 1133 3875 tributis,
1150 3806 1255 3862 scilieet
1271 3805 1407 3863 locatione
1431 3806 1569 3876 imputari
1590 3808 1619 3861 el
1642 3807 1788 3877 potestate
1809 3806 1840 3861 et

124 3914 181 3955 non
197 3897 294 3954 solum
309 3895 455 3965 salue,sed
468 3895 556 3952 etiam
567 3893 609 3950 illi
621 3895 781 3952 credidisse
797 3895 837 3951 sit
845 3894 947 3968 gloria.
1004 3895 1214 3962 misericordia,
1231 3893 1369 3951 similiter
1380 3894 1493 3967 judicio
1509 3910 1577 3951 oum
1593 3909 1688 3963 annm
1703 3910 1770 3950 esse
1787 3909 1840 3951 ve·

123 3986 201 4045 Deus
216 3985 317 4044 auxilii
333 3985 401 4055 mei,
413 4002 449 4042 ne
460 3984 517 4041 sihi
532 3983 642 4057 aliquid
657 3984 950 4057 deputarethumena
1003 4001 1068 4040 rum
1085 4001 1153 4040 cum
1170 3984 1254 4041 Patre
1270 3983 1373 4040 Deum.

122 4075 288 4136 infirmitas.
301 4073 378 4133 Dixit
393 4078 540 4148 postremo
557 4091 563 4129 :
579 4090 647 4146 spes
661 4090 727 4129 mea
741 4072 771 4128 in
786 4078 842 4130 Deo
858 4079 949 4146 cst,ul
1258 4090 1360 4129 oaarm
1379 4090 1415 4129 rx
1435 4090 1509 4130 roan.
1526 4090 1583 4129 rm.

122 4169 151 4225 et
164 4165 215 4224 illa
229 4163 451 4240 preterila,quae
468 4167 644 4236 perceperat,
659 4162 780 4219 Domino
795 4165 948 4238 deputaret
1037 4163 1134 4218 Subde
1149 4162 1213 4233 tibi,
1230 4163 1362 4232 Domine,
1380 4162 1495 4220 atrimae
1511 4160 1784 4235 nostras,quoniam
1797 4166 1833 4219 tu

1001 4269 1032 4308 es
1046 4252 1187 4324 patientia
1200 4269 1277 4324 vera,
1292 4256 1324 4307 nt
1336 4255 1493 4308 renuentes
1517 4252 1629 4308 incerta
1647 4250 1833 4321 divitiarum,

122 4348 139 4402 8
176 4348 289 4418 Sperale
302 4346 333 4400 in
346 4359 376 4401 eo
390 4345 479 4400 omnis
493 4343 666 4412 congregotio
678 4344 775 4414 populi
791 4360 797 4398 :
813 4342 947 4417 effirvndile
999 4344 1027 4396 lc
1040 4340 1318 4413 solum,oontempta
1328 4341 1408 4397 omui
1419 4340 1570 4397 mundana
1580 4338 1833 4414 vanitatemque-

210 4452 300 4491 csram
314 4433 363 4489 illo
377 4432 559 4489 cordavestra
575 4447 581 4485 :
1000 4446 1076 4485 mur.
1094 4429 1147 4485 Per
1161 4428 1316 4487 Dominum
1333 4433 1466 4486 nostrum
1483 4429 1595 4497 lesum,
1611 4433 1667 4486 ele.

176 4524 246 4593 Quin
259 4524 330 4579 Dens
343 4521 454 4593 adjutor
467 4524 557 4576 noster
578 4525 606 4586 -ζ-
621 4520 650 4575 iu
662 4527 798 4577 eternum
818 4527 827 4591 ζ
848 4539 854 4576 :
960 4541 985 4606 Ι)
1278 4536 1443 4593 PSALMUS
1463 4536 1550 4593 Lm,

174 4612 345 4685 lllapselmu.
1220 4624 1422 4666 aneuururuu
1442 4624 1521 4665 esen.
1541 4624 1608 4666 nxu.

154 4702 310 4777 CSperete
325 4699 355 4757 in
369 4716 413 4769 ea,
426 4698 455 4755 id
480 4702 525 4756 est
548 4698 577 4755 in
600 4698 694 4770 illum,
721 4700 832 4757 seilicet
857 4719 945 4774 quom
1035 4696 1200 4754 Cilcclesie
1221 4696 1393 4754 desiderans
1417 4697 1534 4753 Domini
1557 4696 1655 4754 videre
1677 4696 1831 4767 virtutem,

118 4791 175 4850 sihi
200 4796 228 4849 et
250 4792 338 4848 ileum
360 4788 511 4864 professus
534 4788 629 4845 iuerat
653 4792 681 4845 el
703 4789 828 4847 salutem
848 4790 945 4849 omnis
999 4788 1059 4862 agit
1073 4785 1192 4860 gratias,
1209 4786 1279 4859 quia
1294 4787 1348 4843 sub
1364 4786 1543 4860 protectione
1557 4784 1673 4843 Domini
1686 4785 1834 4860 proeellas

118 4885 278 4939 conventus
289 4879 393 4954 plebis.
402 4877 529 4935 Effundil
540 4882 607 4935 ante
620 4878 775 4936 Dominum
787 4896 941 4952 corsuum,
999 4876 1102 4933 mundi
1117 4875 1222 4932 evasit.

117 4970 168 5043 qai
183 4974 302 5042 peecata
317 4987 372 5025 sus
385 4967 543 5025 uberrimis
557 4965 693 5041 lacrymis
707 4969 874 5026 confitetur.
889 4971 944 5027 Cor
1033 4963 1222 5021 TT.Psolmnr
1234 4963 1322 5020 Dauid
1336 4981 1398 5022 cum
1411 4973 1478 5023 esset
1492 4967 1523 5022 in
1536 4962 1640 5023 deserto
1650 4963 1794 5024 lclumaeae.

117 5056 202 5113 aliter
216 5056 326 5113 ollandi
343 5073 400 5112 non
416 5060 520 5129 potest,
536 5052 592 5112 nisi
607 5057 782 5114 creberrimo
795 5057 889 5116 imbre
903 5057 944 5115 la·
1032 5059 1052 5110 C
1066 5054 1194 5110 idumea
1208 5053 1288 5110 enim
1302 5053 1384 5110 locus
1398 5057 1444 5111 est
1457 5055 1509 5111 uhi
1525 5054 1613 5112 David
1629 5052 1750 5128 lugiens
1764 5069 1830 5128 per·

116 5160 295 5218 crymerum.
996 5145 1176 5202 secutionem
1192 5141 1341 5212 Saulis,ibi
1357 5143 1479 5202 latuisse
1495 5143 1828 5219 cognosciturldnmea

115 5232 134 5288 9
171 5234 357 5292 Verumtamen
372 5235 439 5289 ocni
460 5235 515 5305 filii
538 5235 681 5291 bominum
698 5252 704 5290 :
720 5237 862 5294 menduces
887 5239 942 5310 filii
995 5234 1206 5306 interpretetur
1220 5240 1339 5302 terreum
1354 5238 1384 5290 et
1398 5233 1545 5308 signifieat
1567 5237 1701 5291 terrenos
1729 5235 1827 5303 aelus,

205 5323 349 5380 lamniuum
362 5323 393 5378 in
406 5325 516 5379 stateris
532 5339 539 5378 :
995 5323 1045 5397 qui
1058 5322 1143 5379 bonis
1159 5320 1366 5395 spiritualibus
1380 5322 1501 5381 omnino
1516 5321 1619 5380 nudati
1635 5324 1716 5380 sunt.

169 5414 202 5471 lll
215 5411 354 5485 decipiunt
368 5412 423 5484 ipsi
436 5410 469 5467 cte
482 5413 603 5468 vanitate
615 5415 645 5469 ire
660 5414 788 5487 idipsum.
995 5416 1008 5469 1
1047 5417 1130 5479 nens,
1148 5415 1222 5468 Deus
1235 5427 1313 5468 nuru
1330 5428 1336 5467 :

148 5501 384 5558 GVerumlemen
392 5499 465 5559 dicit
478 5498 545 5557 veni
555 5500 605 5557 filit
620 5503 820 5573 hominum,ut
834 5504 937 5561 vilium
1044 5502 1084 5557 All
1097 5510 1122 5557 te
1135 5500 1168 5557 tle
1181 5501 1240 5557 luce
1254 5502 1353 5572 ciuile.

109 5608 199 5660 suum
215 5605 394 5672 cognoscens
409 5589 590 5664 humanitas,
607 5591 642 5649 ad
660 5598 808 5653 auctorem
833 5594 937 5655 salutis
1027 5591 1150 5665 cneus,
1163 5590 1240 5655 Deus
1256 5591 1385 5652 meusln
1401 5591 1459 5653 ista
1473 5589 1648 5671 repetitione
1662 5587 1823 5651 venerandi
