3884 6084
169 299 228 363 aas
298 378 304 387 ¹

627 297 659 357 S.
682 296 879 360 BRUNONIS
901 296 1212 360 usnelpocuusls
1235 297 1424 360 Episcopi.

1814 298 1876 360 uta

171 432 222 507 qui
238 445 290 507 pro
305 431 391 490 nobis
404 431 521 488 inferna
542 428 655 486 sortiter
670 429 839 503 confregisti
857 446 863 486 :
879 433 913 486 ut
928 433 994 486 tuas
1010 432 1033 500 Α
1050 433 1067 484 7
1122 431 1196 502 Quia
1209 431 1365 504 defodiam
1380 433 1411 487 iu
1422 431 1474 489 irc
1487 439 1540 487 tuo
1556 446 1564 487 ι

173 521 388 580 misericordias
413 521 612 586 decantantes,
627 524 656 576 et
671 536 687 576 a
703 519 874 576 contusione
898 517 996 575 onmi-

174 628 256 682 num,
271 615 300 668 ct
313 628 330 668 a
344 615 437 667 morte
452 612 592 684 perpetua
606 608 777 666 liberemur.
793 608 848 678 Qui
864 625 932 665 cum
947 609 1000 666 Pa·

174 704 218 758 tra
232 704 261 758 et
274 699 357 770 Filio,
373 704 426 758 cto.

423 830 589 890 PSALMUS
604 832 758 890 LXXXIX..

368 966 570 1008 ananusuruu
588 966 668 1007 rsit.
690 966 800 1006 mxxrx.

205 1083 347 1142 'doratio
373 1083 506 1141 fidelium
534 1082 713 1157 populorum
739 1098 791 1156 pro
812 1080 940 1140 Ecclesia
960 1080 999 1137 ad

175 1168 278 1232 Deum.

350 1262 408 1320 ΤΤ.
424 1264 519 1322 Oratio
533 1262 619 1334 lloqsi
633 1261 753 1317 bominis
768 1263 828 1317 Dei.

143 1405 151 1421 ,
176 1355 189 1410 1
246 1352 369 1420 Domine,
384 1354 526 1425 reiuqium
546 1354 591 1429 ils·
615 1358 645 1407 tu
666 1357 673 1415 ζ
694 1352 781 1420 iectus
795 1366 822 1406 es
835 1349 932 1405 uobis:

247 1442 268 1497 Α
282 1443 458 1511 qeiterctiooe
472 1443 499 1495 et
512 1440 697 1509 qenerctioue.

212 1531 232 1586 C
248 1529 362 1603 Moyses
373 1528 421 1584 ille
430 1526 647 1595 venerabilis,in
660 1533 727 1601 typo
738 1530 845 1584 sancta
855 1526 1001 1594 Ecclesia,

178 1634 268 1691 quam
277 1616 791 1692 praefigurationegestabat‚Demino
800 1616 1001 1674 lucubratione

178 1705 287 1780 gratias
302 1707 372 1780 agit,
388 1705 438 1779 qui
460 1706 555 1762 iactus
580 1710 626 1763 est
639 1705 681 1761 illi
697 1705 864 1779 refugium:
882 1720 949 1763 cum
966 1706 1003 1763 ab

1122 525 1157 578 lit
1173 521 1203 577 iu
1215 522 1320 594 furare
1334 530 1384 578 tuo
1394 521 1510 578 turbati
1522 534 1632 577 mmm.

1086 608 1290 667 GDeiecimus
1317 608 1396 666 enim
1424 609 1538 669 dictam
1560 612 1617 679 est,
1631 609 1661 666 id
1677 609 1882 681 cat-hunam

1053 716 1158 757 sumus
1168 698 1339 756 infirmitate
1349 697 1781 773 lutigatffionturbatisamus:
1796 699 1882 775 angi·

1053 787 1611 862 tatamortisiormidincquamemes
1619 787 1798 847 timemus.ll
1805 788 1883 847 lien·

1053 878 1150 952 gcntis
1163 882 1193 935 at
1207 877 1335 950 amplius
1349 879 1435 935 annis
1448 877 1676 936 vivebamustet
1687 894 1753 937 eece
1767 878 1800 934 in
1813 879 1885 936 bre·

1053 982 1119 1024 vem
1128 968 1218 1026 vitam
1231 970 1333 1024 nostra
1343 968 1403 1024 vita
1412 971 1563 1025 contracta
1575 971 1631 1038 est,
1640 967 1711 1042 quia
1719 967 1886 1027 &facim

1054 1057 1084 1113 in
1100 1057 1144 1114 ira
1156 1061 1216 1114 tua.

1054 1148 1071 1203 8
1125 1147 1254 1204 Posuisti
1276 1147 1445 1220 iniquitates
1467 1157 1583 1206 nostroe
1596 1148 1883 1219 tri-compactarum

1160 1238 1297 1295 recubam
1311 1244 1443 1295 nostrum
1457 1238 1488 1295 ia
1498 1238 1712 1311 itwmiraadose
1719 1241 1816 1297 mm
1828 1238 1887 1314 tui,

1090 1326 1113 1382 H
1129 1327 1270 1396 Posuisti,
1281 1332 1336 1384 ata.
1350 1344 1357 1383 :
1370 1327 1425 1385 boc
1435 1332 1531 1396 ast,te
1541 1326 1613 1386 latet
1623 1325 1698 1385 nibil
1709 1326 1886 1403 depereatis

1055 1415 1175 1473 nasius.
1191 1415 1337 1473 Sacolum
1353 1420 1487 1474 nostrum
1501 1416 1533 1474 ia
1548 1416 1885 1485 illuminationecoaia

1056 1505 1156 1563 statim
1181 1510 1214 1562 ut
1237 1504 1449 1579 delinquimus,
1477 1506 1638 1565 uindictam
1663 1511 1884 1582 cupiamus

1056 1594 1080 1651 Η
1096 1595 1243 1668 Quidquid
1256 1596 1348 1653 etiam
1374 1596 1405 1652 in
1427 1600 1541 1654 acereta
1553 1611 1608 1654 nos
1621 1597 1718 1655 mara
1731 1601 1884 1672 putamus,

1057 1682 1272 1741 illuminatione
1296 1689 1349 1742 tua
1373 1688 1402 1742 et
1425 1685 1455 1741 in
1479 1685 1573 1744 oculis
1595 1685 1656 1743 tuis
1678 1680 1772 1760 patet.
1795 1686 1886 1744 llabet

178 1795 324 1853 uniuersis
336 1794 476 1869 periculis
491 1795 624 1852 noscitur
637 1811 702 1852 esse
717 1794 871 1859 liberatus.
894 1796 1003 1852 Verum
1018 1803 1043 1870 Β
1057 1773 1136 1830 mim
1151 1773 1271 1873 Hflhifflfl
1285 1775 1393 1831 'elim
1410 1791 1417 1831 ἕ
1435 1775 1494 1832 tiit
1508 1780 1610 1833 ¹1⁰⁸lt⁸
1622 1775 1653 1832 5¹1
1669 1773 1886 1834 illumffllt‘m

179 1888 211 1942 ut
225 1883 279 1941 boc
294 1901 353 1941 non
368 1888 484 1941 tantum
501 1884 536 1940 de
550 1901 609 1940 unc
626 1883 755 1953 homine,
772 1884 824 1941 scd
839 1884 875 1941 de
887 1885 1003 1941 uuiver-
1059 1862 1157 1919 mlius
1172 1868 1225 1919 lul·

179 1973 232 2030 sali
248 1973 379 2031 Ecclesia
402 1974 566 2031 adverteres
581 1973 667 2029 nobis
684 1974 792 2047 posuit,
808 1988 867 2031 non
879 1973 966 2030 mibi.
982 1975 1005 2030 Α

179 2064 366 2138 generatione
380 2062 451 2119 dicit
465 2062 539 2118 illud
554 2066 680 2134 tempus,
695 2080 731 2118 cx
745 2080 803 2136 quo
819 2069 946 2137 creptum
962 2066 1007 2121 est

181 2167 274 2226 genus
288 2152 464 2209 humanum.
476 2151 633 2225 Progenie:
650 2169 744 2224 usquc
760 2153 789 2207 in
806 2154 895 2209 finem
907 2152 1006 2210 saculi

181 2242 339 2314 significat,
355 2241 426 2298 acsi
440 2240 550 2296 diceret
563 2256 689 2313 semper.

180 2344 199 2404 2
253 2349 422 2422 Priusquam
434 2353 537 2404 montes
551 2347 647 2419 fierem
657 2354 706 2403 out
721 2349 889 2419 formaretur
901 2355 1010 2405 uuest

289 2437 362 2494 orbis
377 2456 387 2492 .·

254 2528 273 2582 Α
290 2526 391 2584 sacculo
402 2534 429 2582 et
442 2541 528 2598 usque
542 2525 572 2580 iu
587 2525 721 2582 soeculum
735 2531 766 2580 tu
779 2541 807 2580 es
821 2526 902 2581 Deus.

218 2619 238 2671 (l
253 2615 376 2685 Montes,
392 2613 439 2670 bic
455 2631 601 2687 ponamus
620 2617 780 2687 potestates
796 2613 936 2670 coelerum
951 2614 1011 2671 cxi-

183 2705 259 2763 mias
271 2721 277 2761 ε
290 2719 324 2760 ac
335 2703 360 2761 si
371 2702 449 2759 dicat
460 2719 466 2758 z
479 2703 523 2758 'lu
533 2719 565 2759 es
575 2708 735 2774 autequam
747 2700 876 2758 coelcstin
887 2707 1015 2762 terrena.

78 2821 81 2825 ·
183 2809 240 2868 que
256 2794 408 2850 formares.
424 2794 447 2848 Α
462 2789 568 2848 sacule
583 2795 612 2848 et
626 2789 762 2864 usquein
778 2789 919 2847 sacculum
931 2797 1013 2848 arter-

184 2884 306 2941 nitatem
332 2883 474 2939 debemus
503 2881 662 2937 advertere.
678 2881 722 2936 Tu
743 2897 773 2936 es
790 2898 797 2936 :
814 2885 1014 2953 competenter

183 2970 365 3038 Dcodicitur,
373 2969 506 3044 quianon
514 2969 603 3026 babet
613 2968 792 3042 preteritum
802 2970 1012 3028 necluturum:

183 3061 225 3119 sic
239 3060 318 3118 euim
334 3057 425 3133 Moysi
441 3058 514 3115 dixit
531 3075 537 3115 :
554 3059 614 3132 ligo
630 3074 696 3114 sum
711 3057 761 3131 qui
777 3076 843 3116 sum
860 3060 1017 3134 (Erotion),

187 3166 205 3225 3
260 3168 298 3224 Ne
312 3171 420 3224 comtos
435 3166 573 3224 bominem
588 3167 617 3221 iu
632 3166 817 3223 bumilitatem
832 3186 841 3222 :

259 3259 292 3311 lu
305 3256 405 3312 dixisti
419 3275 429 3312 .·
444 3257 645 3314 corruertrmiai
658 3256 722 3326 filii,
739 3257 891 3314 lominum.

221 3344 300 3400 CNc
316 3347 429 3401 avertas
444 3344 592 3400 bominem
610 3343 639 3399 in
654 3342 899 3413 humilitatem,id
915 3350 970 3415 est,
980 3364 1015 3404 ne

191 3432 221 3489 in
242 3432 346 3489 mundi
365 3432 452 3489 istius
474 3431 741 3504 concupiscentiam
767 3433 1016 3509 ambitionemque

190 3521 338 3595 projicias.
347 3520 611 3593 Meritoergcpctit,
622 3537 658 3576 ne
668 3521 1016 3583 descranturhcmincsin

186 3608 314 3667 lubricis
328 3609 590 3683 lapsibus,quibus
600 3609 711 3665 dictum
723 3615 768 3667 est
779 3627 786 3667 ε
798 3613 1015 3672 convertimini.

192 3719 209 3774 4
263 3719 402 3790 Quoiam
412 3718 574 3773 millesimi
587 3724 651 3773 outo
664 3717 754 3775 oculos
769 3725 827 3774 tuos
841 3737 850 3773 :

263 3809 403 3881 l’ocquum
414 3807 473 3864 dies
488 3808 616 3863 heromo
629 3821 693 3880 quac
703 3809 850 3879 uocatis.

226 3896 339 3954 ursina
353 3895 432 3954 enim
449 3896 529 3966 anni,
546 3912 605 3952 non
633 3895 728 3952 solum
750 3896 836 3968 pauci
858 3902 930 3954 sunt
950 3903 1017 3956 ante

190 3985 368 4056 scolastici,
385 3987 436 4042 sed
451 3985 571 4043 omnino
585 3989 727 4057 tanquam
743 3985 879 4043 besterna
894 3987 957 4044 dics
968 3987 1018 4044 ba·

185 4075 1017 4150 -bsnturpraeteriti.'rinitumquoquoproinfinuoposuit,

191 4166 220 4223 id
236 4171 291 4233 est,
307 4164 388 4221 mille
403 4181 455 4238 pro
470 4163 618 4220 omnibus.

190 4258 209 4313 5
262 4254 432 4312 samsucio
447 4255 567 4311 incocto
581 4272 592 4308 .·

261 4365 332 4433 Quoe
343 4379 393 4435 pro
407 4361 496 4419 uibito
509 4362 645 4420 habentur
658 4379 751 4419 eorum
766 4363 836 4418 anui
848 4370 939 4418 crunt.

214 4451 248 4506 'C
260 4449 383 4507 Pulchre
397 4455 495 4507 autem
511 4451 671 4509 humanam
683 4451 773 4507 vitam
785 4451 936 4508 nocturnis
942 4468 1020 4508 com·

1058 1952 1076 2007 9
1128 1952 1272 2023 Quoniam
1284 1968 1383 2010 omues
1397 1954 1461 2010 dier
1473 1954 1570 2011 nostri
1579 1954 1751 2028 desecmrrt
1767 1972 1777 2011 .·

1139 2046 1167 2105 ἢ
1181 2046 1215 2098 m
1236 2047 1243 2107 ζ
1265 2042 1295 2098 in
1308 2043 1358 2099 irc
1372 2052 1425 2100 tuo
1439 2044 1607 2116 detramur.

1062 2131 1096 2186 10
1131 2130 1204 2187 Anni
1219 2133 1312 2188 uestri
1324 2134 1399 2190 sicut
1412 2148 1524 2191 aranea
1538 2134 1761 2192 meditabuntur
1775 2152 1786 2190 .·

1132 2221 1200 2278 Dies
1213 2236 1357 2279 cruorum
1368 2230 1540 2280 uestrorum
1559 2224 1591 2281 in
1610 2224 1683 2295 ipris
1702 2224 1886 2298 πρωί*

1162 2326 1249 2367 oum.
1481 2355 1484 2359 -

1098 2399 1307 2457 CBrevitatam
1331 2400 1468 2458 humana
1492 2402 1557 2459 vitra
1581 2402 1654 2460 dicit
1675 2406 1799 2477 propter
1816 2403 1887 2460 iram

1064 2488 1180 2545 Domini
1195 2490 1374 2562 provenisse.
1390 2491 1465 2548 Nam
1493 2492 1572 2564 quod
1601 2492 1683 2562 dicit,
1698 2508 1806 2551 omnes
1827 2493 1889 2551 dies

1064 2577 1157 2634 nostri
1172 2579 1394 2648 deiecerunt‚ad
1404 2596 1499 2637 annos
1509 2580 1888 2655 pertinetinnumesabilea3

1066 2667 1143 2739 quod
1169 2673 1266 2724 autem
1292 2668 1435 2741 sequitur,
1451 2674 1481 2726 et
1499 2670 1528 2725 in
1543 2670 1587 2727 ira
1600 2675 1652 2728 tua
1665 2670 1840 2742 deiecimus,
1854 2670 1889 2731 ad

1065 2755 1271 2814 tribulationes
1298 2774 1504 2831 aerumnasque
1532 2758 1659 2833 respicit,
1676 2764 1752 2834 quas
1769 2760 1808 2818 in
1824 2760 1892 2835 ἢ»

1066 2846 1126 2902 vita
1140 2845 1314 2918 parvissima
1329 2847 1520 2906 sustinemus.

1104 2934 1124 2990 C
1137 2937 1250 2991 branca
1260 2939 1305 2991 cst
1315 2935 1424 2993 animal
1432 2936 1530 2994 debile
1538 2936 1892 3013 commissamque

1066 3023 1292 3083 transeuntibus
1304 3026 1577 3096 muscis‚adascam
1587 3027 1644 3085 sibi
1655 3029 1892 3102 praparmem.

1064 3114 1203 3186 «quedam
1219 3115 1292 3171 retia
1303 3115 1542 3174 dolosacontenit
1552 3116 1613 3176 :sic
1628 3117 1698 3175 anni
1713 3117 1895 3192 corumpi

1028 3174 1050 3242 C
1066 3202 1218 3260 sceleratis
1233 3205 1370 3277 operibus
1381 3205 1470 3263 dediti
1483 3207 1713 3275 suut,'inanibns
1722 3205 1896 3288 eisubdails

1068 3292 1335 3351 machinationibus
1349 3299 1539 3368 occupantur.
1550 3296 1896 3371 braneadiota,quedsit

1069 3381 1160 3449 auda,
1175 3382 1323 3456 nimisque
1346 3384 1473 3442 subtilis.
1496 3385 1718 3443 Meditabuntur
1740 3402 1823 3459 vare,
1837 3401 1897 3444 uas

1069 3473 1268 3544 operabuntur
1288 3473 1371 3542 dixit,
1388 3474 1526 3546 quoniam
1542 3475 1599 3532 sub
1612 3473 1696 3532 adllo
1711 3475 1813 3533 lructu
1828 3491 1896 3553 epe·

997 3615 1002 3625 ,
1067 3577 1146 3629 rum,
1162 3562 1214 3619 sed
1229 3562 1310 3618 insui
1325 3563 1514 3621 meditatione
1527 3565 1672 3622 vixerunt.

1065 3651 1102 3705 ll
1140 3651 1173 3709 si
1185 3660 1283 3709 eutem
1298 3653 1327 3710 in
1339 3654 1535 3724 potentatibus
1548 3653 1696 3727 octeqiata
1709 3654 1785 3712 aaut
1798 3672 1809 3711 .·

1140 3745 1176 3800 st
1190 3743 1316 3813 amplius
1329 3759 1433 3801 eorum
1448 3744 1530 3801 tator
1541 3753 1569 3801 et
1583 3744 1677 3801 dotem

1106 3831 1129 3886 ll
1146 3831 1224 3888 Licet
1234 3832 1289 3888 hoc
1300 3833 1463 3889 seeundum
1473 3831 1837 3902 historiam,·de'brcvitaie
1844 3831 1899 3890 bu·

1072 3936 1165 3976 mana
1179 3920 1254 3989 vita,
1268 3938 1325 3977 uon
1347 3921 1507 3995 incongrue
1533 3921 1628 3996 accipi
1649 3921 1757 3980 debeat
1772 3927 1897 3980 :tamea

1072 4013 1193 4082 uterque
1208 4027 1349 4068 numerus
1361 4027 1379 4068 a
1393 4009 1519 4084 spiritali
1534 4024 1618 4070 scere
1638 4026 1701 4068 non
1722 4016 1820 4070 vacat.
1835 4008 1900 4069 uc

1070 4100 1452 4174 septuagesimus-denique
1466 4114 1608 4158 numanis
1617 4100 1715 4177 legam
1730 4100 1898 4174 illumin,

1071 4189 1154 4262 cxxx)
1182 4205 1189 4244 :
1219 4189 1443 4264 octuagesimus
1468 4188 1660 4264 iimngelium
1689 4184 1899 4264 significatd

1071 4279 1210 4353 Quisquis
1225 4278 1304 4335 enim
1319 4279 1367 4335 hic
1381 4278 1455 4352 legis
1469 4281 1613 4352 praecepta
1626 4283 1655 4336 et
1666 4277 1899 4353 evagabantu-

1070 4368 1233 4428 stitutionis
1248 4367 1359 4425 excedit
1375 4385 1382 4424 :
1400 4367 1492 4425 labori
1508 4369 1537 4425 in
1553 4367 1700 4442 prasenti,
1712 4371 1745 4424 et
1759 4366 1898 4426 doluil'ia

1071 4461 1170 4516 futuro
1186 4457 1362 4529 implicatur.

192 4534 478 4615 parauitaxcubiis:
502 4540 553 4595 uhi
581 4545 675 4596 totum
701 4541 757 4596 sub
785 4541 962 4597 obscuritate
990 4544 1056 4615 etl)
1073 4551 1106 4605 12
1141 4549 1283 4619 Quaestum
1296 4547 1666 4618 superuenitmaruaetudo

192 4629 384 4704 trepidatione
399 4629 520 4703 geritur,
537 4631 654 4702 quando
669 4646 753 4686 mens
768 4629 921 4685 bominum
937 4629 1016 4686 vitiis

191 4718 359 4779 carnalibus
373 4719 555 4776 circumdata
570 4719 713 4792 pulsatur.
730 4719 949 4775 custodissem
964 4735 1015 4776 no-

192 4816 294 4867 cturna
308 4808 499 4866 tribus-horis
511 4806 661 4881 expletur:
683 4812 810 4880 quatuor
824 4807 903 4864 enim
919 4812 1016 4865 custo·

191 4899 245 4955 dia
261 4907 375 4956 noctem
392 4897 549 4972 complent.

192 5006 210 5057 b
264 5011 348 5062 otono
375 5009 446 5063 sicut
475 5008 559 5062 lembo
586 5014 730 5063 trauseat:
759 5020 841 5061 irritae
868 5006 963 5076 floreat
990 5013 1018 5063 et

300 5097 443 5148 transeut.-

260 5179 377 5250 'Vespere
390 5180 507 5250 decidat,
523 5181 634 5238 induret
649 5191 675 5238 ot
688 5189 803 5238 crescat.

229 5263 385 5322 llCltlane
402 5283 408 5322 :
423 5267 546 5325 infantia
561 5276 589 5326 ct
604 5271 728 5343 pucritia
744 5270 804 5325 sive
821 5269 1017 5326 adolescentia

195 5357 392 5427 nuncupatur,
408 5370 560 5427 vesperum
585 5376 652 5416 vero
679 5361 860 5416 senectutem
888 5357 1017 5414 bominis

194 5440 1015 5518 appellatllManenostrumconstat,scdtransit‚·idest,

189 5533 331 5606 juventus
346 5534 492 5602 nostrast
506 5532 580 5607 perit
590 5552 607 5590 a
616 5541 765 5593 senectute
776 5553 783 5592 :
795 5552 848 5592 ricc
859 5535 956 5608 ipsum
967 5551 1015 5592 ve·

190 5636 313 5706 eperum
330 5625 440 5695 manet,
456 5622 507 5682 sed
523 5621 640 5682 decidit.

1142 4640 1181 4693 Et
1194 4637 1404 4708 corripimur.

1105 4726 1313 4799 CSupervenit
1337 4731 1437 4784 autem
1460 4726 1672 4796 *mansuetuda
1687 4724 1717 4782 iil
1741 4728 1790 4782 est
1811 4724 1899 4783 lesu

1071 4814 1205 4872 Christus
1222 4832 1228 4871 :
1246 4830 1357 4888 nosque
1371 4814 1492 4890 corripit
1506 4812 1728 4883 et·emendat,si
1741 4818 1899 4871 metamau-

1064 4907 1134 4959 ‘tum
1146 4905 1211 4976 ejus
1225 4902 1347 4977 implere
1361 4922 1420 4961 non
1434 4904 1610 4979 satagimus.

1071 4994 1105 5049 13
1142 4993 1213 5066 (luis
1227 4994 1307 5050 auoit
1319 5002 1491 5064 potestatem
1501 4994 1557 5052 irre
1569 5002 1628 5052 tua
1642 5011 1652 5051 .·

1142 5086 1177 5139 lit
1190 5097 1252 5153 pra
1265 5082 1371 5141 timore
1384 5091 1434 5141 tuo
1447 5084 1525 5142 iram
1537 5080 1848 5141 tuamfdiaemerare‘?

1068 5173 1106 5228 lt
1140 5177 1302 5230 »Dantem
1316 5180 1398 5230 tuam
1411 5173 1454 5231 sic
1467 5182 1566 5231 uotam
1580 5173 1653 5246 [ac-.-

1142 5265 1178 5318 lit
1190 5263 1321 5320 eruditos
1335 5263 1422 5320 comte
1437 5263 1468 5319 in
1480 5262 1635 5334 sapientia.

1107 5355 1126 5407 C
1141 5351 1214 5408 Nam
1230 5351 1307 5408 sicut
1318 5351 1438 5426 praemia
1452 5349 1683 5426 liei-plenissime
1694 5345 1896 5425 nequeuntis·

1071 5439 1161 5515 telligi
1179 5457 1186 5497 ι
1204 5440 1245 5497 ita
1261 5456 1314 5498 nea
1328 5454 1469 5498 mensura
1480 5439 1616 5499 uindicta
1631 5438 1780 5514 praesu&
1793 5450 1892 5517 appre

1063 5531 1252 5588 ·hendi.Bene
1266 5547 1333 5587 vero
1347 5529 1471 5597 addidit,
1478 5529 1671 5604 pratimore:
1686 5524 1810 5586 alentii
1821 5520 1890 5583 allus

1063 5619 1213 5695 'propheta
1226 5620 1267 5679 ait
1283 5636 1290 5678 :
1306 5618 1495 5680 Consideravi
1510 5622 1665 5696 operatua
1679 5621 1710 5677 at
1722 5614 1837 5693 expavi.
