3900 6098
348 299 399 361 DE
415 300 635 363 mansuer.
657 302 712 364 SS.
736 301 948 374 SllVlNthl,
972 298 1223 373 POTEN'l'thI,
1245 297 1330 361 E'l'C.
1626 295 1687 355 ’ΠΒ

85 435 272 506 ,praeventus
296 447 421 503 superne
444 435 589 491 iucarione
615 435 737 492 reddidit
751 435 808 491 Deo
823 439 849 503 Α
865 434 943 507 quod
959 450 1025 489 eum
1037 450 1070 489 eo
1085 434 1183 488 lirinus
1196 432 1326 488 studiose
1341 429 1377 487 ab
1388 428 1537 486 lloriberto
1547 427 1689 483 canonico

85 536 116 579 m
132 519 231 595 patris
245 518 338 575 nostri
353 521 429 578 Adae.
863 523 987 579 latenter
996 523 1091 579 luerat
1098 521 1323 594 transpositum,
1331 520 1368 577 eb
1378 519 1534 575 Odorenno
1545 512 1690 571 monacho

85 610 227 671 miserore
236 608 543 686 Deus,clemens,pius
555 619 642 688 atque
652 615 807 689 benignus.
864 611 1035 669 meliuscule
1050 629 1118 669 cum
1134 613 1199 684 ejus
1213 626 1333 684 corpore
1347 613 1392 666 est
1403 607 1588 671 collocatum,
1601 609 1631 660 ot
1647 622 1693 663 oe·

98 697 216 758 sanctis
227 698 333 770 junge,
345 700 545 772 cunctipotens
556 704 686 761 Domine.
865 706 919 774 put
933 701 1033 779 scripit
1043 718 1145 758 eorum
1157 718 1229 756 auro
1241 703 1270 756 et
1282 697 1496 773 argento,qnod
1507 696 1570 769 ipse
1581 693 1692 766 labore,

85 807 109 860 ι,
122 804 242 849 memor
258 786 361 843 tomuli
377 804 492 863 semper
506 797 537 848 tu
553 793 594 849 sis
607 793 762 850 Oderunni.
865 795 899 846 ut
915 792 956 847 ita
976 792 1084 861 dicum,
1103 791 1219 864 proprio
1238 788 1402 863 acquisivit,
1417 786 1564 845 ornatum.
1575 783 1693 857 ¹Corpus

85 878 171 941 piene
181 881 300 951 potens,
313 875 501 936 Odorennrnr
519 883 627 954 respice
642 882 780 939 clemens.
828 930 831 935 .
867 881 896 936 S.
914 879 1052 948 Serotini,
1068 879 1205 953 discipuli
1228 881 1257 936 S.
1273 876 1431 946 Savinieni,
1443 876 1473 932 in
1494 872 1630 948 presenti
1646 890 1693 932 cs·

85 969 184 1029 ³1032
200 966 274 1023 obiit
296 964 484 1024 Leothericus
496 971 742 1045 archiepiscopus.
759 970 811 1025 llic
866 969 961 1043 pitulo
977 969 1103 1043 qualiter
1117 968 1160 1025 vel
1178 987 1194 1024 a
1209 969 1317 1041 quibus
1334 968 1365 1024 in
1380 963 1558 1023 monasterie
1574 964 1606 1019 S.
1617 962 1695 1019 Petri

85 1092 98 1119 .‚
106 1059 193 1117 Petro
204 1054 304 1112 villam
316 1070 380 1127 qum
391 1056 485 1124 Arois,
497 1060 683 1130 dicitur,eum
695 1060 811 1116 duabus
866 1057 907 1114 eit
921 1057 1063 1125 delatum,
1075 1075 1128 1114 our
1139 1058 1262 1114 minime
1277 1057 1418 1130 scriptum
1433 1055 1482 1123 sit,
1493 1051 1645 1110 studiosus
1657 1051 1697 1109 lo·

85 1149 120 1219 is,
131 1147 162 1205 S.
174 1143 327 1204 Michaelis
343 1143 454 1202 scilieet
468 1152 496 1203 et
505 1155 613 1206 sanctur
628 1149 734 1215 llario,
746 1165 812 1204 sun·
867 1151 930 1204 ctor
941 1164 1129 1221 nequaquam
1140 1135 1256 1220 re'putet
1265 1145 1396 1219 segnitie
1406 1147 1523 1212 nostrae,
1533 1141 1584 1198 sed
1596 1141 1697 1214 potius

87 1236 200 1295 llbenis
219 1250 287 1291 oum
303 1234 487 1305 appendiciis
501 1239 577 1295 suis.
594 1241 629 1295 Et
651 1242 759 1294 terram
776 1237 811 1291 de
865 1235 1050 1310 ignorantiae.
1062 1237 1203 1292 Proteron
1226 1252 1278 1308 pro
1302 1239 1380 1291 certo
1395 1234 1508 1290 seimus
1520 1232 1601 1305 quod
1615 1229 1699 1286 basi·

86 1342 167 1401 ,oue
184 1323 277 1381 reddit
291 1322 402 1379 solidos
413 1339 433 1379 u
445 1324 480 1380 de
496 1343 600 1382 censu.
613 1327 666 1383 Hic
680 1343 732 1398 per
748 1342 813 1380 mc·
867 1324 925 1381 lica
940 1325 971 1381 in
986 1341 1045 1398 qua
1063 1325 1193 1399 primurn
1210 1324 1305 1397 jacuit
1320 1340 1337 1380 a
1351 1322 1540 1379 Nortmannis
1555 1319 1658 1377 eversa
1672 1321 1702 1374 et

85 1408 195 1474 erberti
211 1430 300 1487 pape,
313 1412 403 1484 quiet
414 1413 562 1483 sylvester
573 1415 672 1470 dietus
686 1419 740 1481 est,
754 1413 815 1486 pul·
868 1414 1004 1470 funditus
1019 1414 1058 1471 sit
1072 1414 1177 1471 deleta.
1190 1414 1302 1487 Corpus
1311 1430 1378 1469 vero
1393 1413 1458 1485 ejus
1474 1412 1504 1466 in
1519 1408 1705 1466 monasterio

85 1501 312 1577 rehicpiscopule
333 1501 428 1557 Romae
452 1501 638 1573 suscipione,
654 1502 813 1574 primatum
868 1506 898 1557 S.
911 1503 986 1559 Petri
1000 1503 1212 1577 transpositum
1229 1503 1259 1559 in
1275 1519 1345 1576 pace
1360 1500 1526 1575 requiescit,
1538 1503 1571 1557 et
1589 1499 1709 1572 lulgcns

85 1592 187 1653 Gallie,
203 1610 253 1666 per
267 1589 400 1648 baculum
416 1591 480 1662 ejus
495 1588 627 1660 recepit.
643 1591 816 1663 liujustem·
870 1591 1023 1649 miraculis
1049 1593 1096 1666 pio
1121 1593 1290 1666 petentibus
1314 1593 1392 1665 apud
1416 1591 1510 1649 Deum
1535 1590 1715 1648 necessaria

85 1697 224 1756 scerpus
239 1683 343 1737 sancte
358 1678 448 1735 beatae
463 1676 585 1734 sororis
602 1678 636 1733 S.
649 1679 817 1748 sanuciani,
873 1681 1008 1754 acquirit.

85 1889 300 1903 *a

570 2043 1110 2184 HlSTORth

214 2324 634 2479 ttlttlltttltt
672 2326 745 2477 ll.
785 2327 1069 2503 lllllllll,
1109 2328 1425 2480 Pttlltttlt

446 2605 883 2721 sucronuuoun
920 2608 1241 2699 urnurruunr

508 2808 549 2867 ΙΝ
570 2809 825 2867 senonenses.
847 2810 1176 2870 superconsuerent

195 3003 413 3096 Arictore
465 2991 743 3095 Odorenrro
795 2993 843 3093 S.
897 2997 1033 3096 Petri
1077 2995 1133 3096 V
1128 3001 1197 3097 ini
1246 2991 1494 3097 monacho

120 3217 228 3300 (hlud
242 3217 375 3294 Mabitl,
394 3219 470 3280 Actu
486 3216 551 3279 SS.
567 3215 632 3276 ord.
651 3214 687 3277 S.
705 3212 828 3288 Bened,
844 3234 881 3277 ee
895 3236 948 3278 ms.
964 3215 1062 3279 codiee
1078 3215 1110 3279 S.
1129 3217 1266 3280 Mariani
1278 3215 1566 3300 Autissiodorensis.)

554 3513 905 3586 ouseuvntturies
939 3514 1133 3589 PRAEVIAE.

85 3715 260 3799 lucinianum
276 3733 343 3773 cum
364 3715 534 3773 Potentiano
559 3716 704 3789 sociisque
730 3716 816 3772 fidem
831 3717 856 3783 Β
870 3721 998 3790 accepto,
1010 3717 1179 3775 detulerunt
1192 3734 1313 3792 corpora
1325 3723 1495 3777 sanctorum
1507 3721 1657 3781 saviniani
1672 3732 1703 3784 et

85 3803 185 3863 lienam
205 3805 371 3862 Senonibus
396 3803 541 3872 intulisse,
558 3804 656 3877 ibique
680 3803 818 3878 martyrio
873 3804 1047 3874 Potentiam,
1063 3823 1129 3863 cum
1155 3807 1266 3864 coeteris
1291 3813 1459 3865 sanctorum
1477 3812 1658 3885 corporibus,
1673 3821 1703 3873 ct

85 3893 300 3968 ussepulturam
310 3894 608 3966 accepisse,nemoest
618 3893 668 3965 qui
679 3893 817 3965 ambigat.
873 3894 1065 3968 reliquiarum
1081 3895 1265 3968 pignoribus,
1279 3912 1346 3951 eum
1361 3914 1469 3970 magno
1485 3899 1594 3957 honore
1608 3903 1639 3959 in
1654 3920 1702 3961 oc·

85 3983 231 4041 ntumulis
242 3983 433 4056 impositoest
442 3983 704 4054 ecolosiaexeuJ'us
713 3981 819 4054 adytis,
873 3982 993 4040 etesium
1008 3985 1141 4056 ejusdcm
1157 3983 1290 4050 abbutiae,
1308 3985 1384 4041 intre
1408 4003 1509 4043 muros
1533 3990 1616 4046 urbis
1632 4008 1701 4049 con-

85 4074 132 4131 ute
145 4062 305 4130 Odorenno
325 4072 354 4128 S.
371 4073 446 4129 Petri
463 4071 525 4127 Viri
549 4071 703 4139 monacho,
716 4093 730 4121 n
742 4087 818 4125 unno
873 4075 1016 4128 structam
1034 4072 1062 4128 in
1079 4072 1188 4129 honore
1203 4072 1296 4128 saneti
1313 4074 1399 4129 Petri.
1417 4074 1560 4133 Relictum
1575 4095 1642 4135 vero
1655 4086 1702 4138 cst

85 4159 278 4221 instassent
288 4166 456 4217 sanctorum
467 4165 630 4233 martyrum
642 4159 820 4232 eorporaSa·
873 4176 980 4232 eorpus
996 4160 1088 4217 sancti
1104 4160 1228 4217 Serotini
1245 4161 1274 4217 in
1291 4167 1392 4235 crypta
1407 4166 1483 4220 retro
1500 4164 1591 4223 altore
1604 4168 1701 4224 sunmi

85 4249 112 4321 ti,
122 4250 300 4316 potentiani,
311 4250 410 4319 Altini,
423 4256 511 4323 atque
524 4249 644 4306 lledaldi
655 4250 684 4304 in
699 4247 820 4305 basilico
874 4247 959 4304 Petri.
970 4248 1125 4306 vastantes
1134 4248 1226 4322 igitur
1240 4250 1345 4324 pagani
1357 4256 1492 4309 cunctum
1508 4254 1700 4327 prosdocium,

85 4337 88 4394 l
111 4340 188 4398 Petri
213 4358 231 4396 a
255 4338 406 4395 Wenilone
435 4339 653 4411 archiepiscopo
676 4355 726 4393 rur
755 4337 818 4393 Kal.
873 4337 1024 4393 redierunt
1037 4338 1074 4392 nd
1090 4338 1217 4411 propria,
1229 4338 1493 4397 incensoooenohio
1504 4344 1597 4400 sancti
1613 4345 1700 4414 Petri,

85 4429 137 4497 mh.
149 4453 166 4482 n
176 4430 334 4487 Odoranno
349 4429 463 4484 Clarius
484 4428 513 4483 in
532 4428 675 4483 Chronico
691 4426 819 4482 subseri·
875 4430 1044 4482 remanente
1060 4426 1099 4482 ibi
1115 4425 1301 4485 solummodo
1316 4430 1443 4505 oratorio
1458 4431 1550 4488 sancti
1565 4433 1702 4504 Serotini,

85 4516 205 4577 tirerbis
215 4536 241 4575 :e
253 4516 462 4574 Revelaverunt
473 4534 503 4573 so
515 4516 606 4571 saneti
619 4515 726 4572 Christi
744 4533 820 4571 nrar·
875 4517 953 4588 quod
970 4515 1091 4572 minime
1107 4520 1267 4588 potuerunt
1281 4519 1446 4576 incendere.
1458 4522 1588 4586 Qualiter
1604 4528 1702 4580 eutem

85 4606 269 4674 Savinianus,
291 4606 493 4674 Potentiunus,
513 4605 639 4672 Altinus,
662 4604 819 4672 liodoldus,
874 4603 1043 4660 Willelmus
1056 4604 1295 4679 archiepiscopus
1310 4623 1434 4681 corpore
1456 4609 1563 4667 horum
1586 4617 1702 4671 saneto·

85 4697 182 4756 chaus
195 4696 345 4754 Weniloni
371 4695 589 4768 archiepiscopo
614 4700 643 4750 et
666 4695 821 4750 Anastasio
875 4710 941 4749 rum
956 4671 1081 4750 voluerit
1104 4694 1238 4762 retinere,
1254 4693 1296 4751 vel
1312 4697 1439 4768 qualiter
1452 4697 1519 4756 illos
1533 4700 1702 4771 reddiderit,

85 4782 105 4855 i;
116 4787 169 4861 qui
186 4787 318 4844 levantes
333 4802 383 4842 eos
398 4801 465 4841 curn
480 4800 586 4857 magno
597 4783 708 4839 honere
721 4784 757 4838 de
772 4800 821 4838 oe·
876 4781 905 4837 in
921 4780 1020 4838 libello
1034 4782 1070 4838 do
1084 4782 1243 4839 virtutibus
1258 4784 1352 4841 saneti
1367 4784 1515 4844 Saviniani
1529 4787 1646 4862 plenius
1661 4788 1704 4845 in·

95 4875 143 4933 nbi
158 4874 267 4949 sepulti
284 4879 376 4938 erant,
388 4871 603 4929 transtulerunt¹
617 4890 666 4928 eos
682 4872 711 4928 in
725 4871 823 4928 basili·
875 4871 982 4927 venies.
996 4893 1010 4921 n
1022 4870 1152 4927 Libellus
1166 4872 1220 4929 istc
1236 4872 1387 4946 ipsissima
1409 4879 1455 4932 est
1476 4875 1599 4934 historia
1613 4894 1703 4951 quum

85 4964 149 5021 testi
162 4964 238 5022 Petri
250 4969 351 5021 octauo
362 4962 508 5019 Kalendas
519 4960 727 5034 Septembris»
738 4985 751 5013 e
764 4978 822 5034 quo
876 4959 923 5016 bio
939 4959 1124 5031 subjicimus.

85 5065 128 5113 tn
139 5053 245 5111 audite
259 5056 332 5110 sunt
346 5069 430 5109 voces
445 5050 581 5125 angelicae
596 5051 625 5106 in
642 5051 722 5108 eoelo.
735 5073 749 5101 o
913 5051 940 5105 3.
957 5049 1017 5106 Sub
1032 5066 1144 5106 annum
1162 5052 1232 5107 1015
1255 5052 1444 5110 Leotherr'ous
1466 5055 1643 5113 Senonensie
1657 5073 1703 5113 ar·

85 5138 180 5205 Mem
203 5160 280 5200 anno
307 5159 365 5216 quo
388 5165 402 5193 a
431 5141 606 5206 Ludoricus,
623 5139 702 5196 tilius
728 5139 823 5196 Caroli
879 5139 1362 5212 chlepisoopusunueum«abbate
1374 5142 1705 5220 Reinordoinvestigare

85 5222 160 5298 liele,
173 5232 248 5304 apud
263 5232 440 5289 Mudunum
461 5234 567 5287 unctus
578 5234 626 5286 ‘est
641 5230 670 5285 in
687 5245 796 5303 rogem,
810 5252 824 5280 »
879 5228 966 5300 eoepit
980 5227 1101 5284 ubinam
1122 5233 1221 5284 essent
1237 5231 1386 5287 recondita
1400 5247 1522 5306 corpora
1535 5240 1704 5292 sanctorum

85 5308 234 5387 lllllerius,
249 5343 262 5371 a
276 5319 453 5394 Hunguri...
470 5318 673 5391 pervenientes
696 5319 826 5376 Senones
879 5315 1028 5373 Savinieni
1043 5319 1073 5372 et
1096 5317 1268 5374 Potentiuni.
1284 5321 1307 5374 Α
1328 5323 1459 5394 tempere
1482 5321 1561 5378 enlm
1575 5322 1705 5381 Willelm

85 5402 361 5472 minuendarum
378 5408 542 5464 eoenobium
565 5407 658 5462 saneti
674 5408 762 5474 Petri,
776 5425 824 5462 va·
880 5405 1091 5480 archiepiscopi
1102 5406 1139 5462 oh
1152 5406 1285 5464 timorem
1297 5424 1479 5483 paganorum
1492 5418 1575 5469 erant
1585 5413 1707 5471 abscon·

85 5486 130 5543 h
140 5504 245 5550 omnem
256 5495 445 5569 provinciam.
456 5498 583 5553 Cernens
600 5495 699 5569 itaque
712 5496 824 5553 Sanson
880 5495 941 5552 dito
954 5495 984 5552 in
1000 5495 1103 5552 antris.
1120 5495 1254 5568 Repertis
1269 5500 1369 5555 eutem
1384 5499 1427 5555 eis
1441 5516 1494 5574 per
1507 5501 1641 5558 notitiam
1655 5519 1706 5559 cu·

85 5582 119 5629 ω
134 5578 162 5633 et
179 5586 304 5643 monachi
331 5585 444 5644 mulum
473 5585 527 5643 hoe
553 5584 674 5661 grande,
704 5584 825 5645 consilio
876 5585 998 5661 jusdem
1017 5584 1157 5656 veterani,
1174 5584 1292 5644 Martini
1321 5589 1440 5650 nomine
1469 5591 1546 5649 servi
1573 5590 1707 5667 ejusdem

176 5700 293 5778 Panos.
314 5713 431 5779 bell.
1507 5716 1548 5784 25
