3900 6098
101 282 166 347 ⁰25
802 276 906 341 vluit.
930 304 969 322 -
989 273 1072 335 ΜΒ.
1097 275 1137 336 u.
1772 263 1834 345 nis

104 417 246 491 tempora
268 431 391 473 suorum
415 415 595 470 secretorum
620 409 755 471 conscius
768 407 940 484 itinerisque
954 407 979 478 Α
997 404 1126 466 alesiam
1141 412 1332 482 concurrunt,
1342 407 1466 487 psalmis
1479 415 1507 472 et
1521 409 1703 473 orationibus
1717 413 1832 474 inrum·-

102 506 153 564 vel
168 503 278 563 laboris
300 502 409 561 socius.
426 503 495 559 Erat
508 518 575 560 vero
591 501 669 560 inter
692 499 749 558 alia
770 498 878 559 mentio
902 500 938 557 de
991 497 1087 570 bunt,
1103 501 1133 555 et
1152 515 1189 556 ue
1204 498 1290 558 nobis
1306 501 1375 560 inda
1388 501 1594 562 innocentibus
1608 504 1750 562 damnum
1766 523 1830 564 eve·

102 611 179 653 vase
201 593 326 667 quodam
342 591 501 659 contracto,
526 594 556 648 et
579 591 762 648 orationibus
786 590 891 658 Patris,
907 591 940 645 ut
993 585 1284 662 niat,unusquisque
1298 608 1350 663 pro
1366 592 1450 650 nobis
1466 591 1609 651 sollicitus
1625 594 1833 652 exoratl'inita

104 684 214 752 fertur,
231 679 411 738 consolidato
427 697 434 737 ε
451 679 529 736 unde
544 695 598 754 ego
624 679 721 736 adhue
744 679 885 747 incertus,
902 678 939 734 ab
993 692 1067 732 vero
1083 677 1273 746 orationes-ir
1287 685 1408 737 sanctus
1422 698 1474 738 vas
1489 680 1546 738 sihi
1562 683 1741 739 confractum
1757 702 1831 757 pre-

104 771 160 830 illo
190 771 231 828 rei
254 770 407 826 veritatem
428 769 615 842 inquirebam
631 767 785 825 sollicitus.
808 770 844 825 At
866 766 939 824 ille:
996 765 1111 822 sentari
1123 766 1316 837 jubet,oculis
1331 769 1459 843 inspicit,
1473 770 1611 828 manibus
1626 776 1761 829 attrectat
1777 791 1784 829 :
1802 775 1844 828 et'

106 860 239 927 Recolis,
254 858 358 931 inquit,
371 858 471 927 frater,
488 857 569 913 illam
584 857 801 914 contentionem
816 856 941 914 Alberiei
996 871 1067 912 ecce
1086 854 1160 910 nihil
1185 861 1315 931 rupture
1340 858 1383 915 vel
1406 859 1611 916 contractionis
1636 861 1828 934 recognoscit.

106 948 241 1023 episcopi
257 947 379 1004 Cumani
397 947 466 1020 (26),
483 964 574 1020 quam
595 945 700 1002 habuit
715 963 782 1002 cum
807 946 941 1012 Odilone,
998 944 1176 1017 Indignatus
1191 962 1258 1020 vero
1274 946 1352 1003 eirca
1364 948 1542 1004 monachos:
1560 949 1644 1017 Quid,
1661 948 1768 1022 inquit,
1785 966 1833 1006 vo·

106 1037 239 1096 senioris
251 1035 380 1093 Odilonis
396 1036 549 1109 nepote,de
560 1034 678 1091 abbatia
692 1033 893 1091 bremetensi?
907 1035 944 1090 Et
999 1033 1058 1100 bis,
1085 1032 1201 1102 iratres,
1225 1033 1399 1091 videbatur?
1414 1036 1510 1103 credo,
1530 1040 1607 1094 certe
1631 1037 1711 1094 visus
1735 1042 1832 1095 vester

106 1144 168 1202 ego
184 1145 191 1183 :
209 1124 310 1182 Recolo
326 1127 405 1180 certo
431 1128 459 1180 et
482 1125 557 1180 hene
581 1123 762 1180 reminiscor.
779 1124 853 1179 Dum
878 1122 941 1189 illa,
999 1120 1100 1177 nescio
1116 1138 1176 1193 qua
1190 1121 1315 1196 caligine
1331 1123 1525 1180 detinebatur.
1535 1124 1702 1199 Fingebatis
1718 1125 1832 1182 fallaci-

105 1213 367 1289 inquit,contentio
383 1213 604 1285 esset,quadam
616 1213 663 1269 die
679 1230 731 1287 ego
742 1215 770 1269 et
786 1213 942 1285 praedietus
996 1216 1043 1267 ter
1058 1210 1201 1267 iacturam
1216 1210 1340 1276 vasculi,
1356 1229 1422 1269 oum
1438 1230 1503 1270 eece
1518 1214 1585 1269 inde
1606 1213 1689 1270 nulla
1713 1213 1831 1288 conspi-

106 1303 309 1380 episcopusin
326 1303 373 1357 via
388 1300 480 1358 simul
496 1306 702 1375 pergentes&
722 1302 758 1357 de
778 1300 879 1358 multis
906 1301 942 1356 nd
998 1299 1116 1356 cientur
1130 1299 1215 1373 signa
1230 1301 1361 1376 periculi.
1379 1302 1493 1359 Fratres
1512 1319 1578 1359 vero
1602 1303 1663 1359 hae
1687 1303 1830 1370 videntes,

108 1394 239 1452 invicem
254 1390 464 1463 colloquentes,
481 1389 558 1446 inter
579 1394 683 1446 caere.
704 1390 776 1464 coepi
803 1407 871 1446 eum
896 1408 944 1447 nr·
999 1389 1113 1445 attoniti
1130 1395 1250 1463 stupore
1267 1390 1412 1459 miraculi,
1425 1390 1497 1447 nihil
1508 1391 1574 1448 inde
1583 1390 1830 1465 audebantloqui.

107 1501 213 1558 gnere,
229 1499 279 1538 cur
290 1480 494 1552 supradictam
510 1479 659 1535 abbatiam
674 1480 784 1552 injuste
796 1479 850 1536 sibi
872 1498 945 1553 pren·
999 1479 1068 1535 Post
1078 1478 1138 1534 haec
1149 1483 1280 1553 tempore
1291 1480 1522 1553 constituto,ego
1535 1497 1603 1537 cum
1616 1481 1694 1536 socio
1703 1497 1833 1553 provase

108 1570 288 1644 sumpsisset
303 1566 464 1639 acquirere,
481 1583 548 1621 cum
565 1566 652 1621 sciret
669 1565 748 1622 illam
765 1566 894 1639 primurn
906 1567 944 1622 ab
1001 1568 1161 1639 repetendo
1176 1569 1326 1636 venimus,
1340 1573 1370 1625 et
1384 1567 1510 1639 abaJulo
1521 1567 1601 1625 illius
1613 1568 1831 1642 requisivimus.

109 1662 289 1733 imperatore
304 1656 438 1712 Conrado
455 1655 592 1711 traditum
609 1671 672 1710 csse
699 1655 826 1726 praedicti
849 1655 945 1712 Patris
1002 1655 1056 1721 Qui
1070 1656 1215 1712 advocans
1229 1673 1275 1713 me
1291 1656 1320 1712 in
1337 1661 1449 1729 partem
1466 1674 1516 1713 vas
1533 1656 1670 1724 reddidit,
1682 1661 1712 1714 et
1728 1660 1761 1713 ut
1775 1657 1832 1712 im·

110 1747 248 1808 odilonis
262 1744 454 1802 ordinationi:
469 1749 499 1800 et
514 1744 590 1799 inter
603 1742 661 1799 alia
676 1742 701 1799 ei
717 1744 787 1816 coepi
798 1761 946 1817 opponere
1000 1746 1127 1817 peratori
1144 1764 1196 1817 pro
1212 1761 1319 1818 magno
1332 1763 1454 1803 munere
1464 1746 1615 1802 redderem
1632 1746 1832 1810 suasit.Qnem

111 1836 301 1894 sanctitatem
316 1833 380 1900 viri,
398 1836 427 1888 et
441 1833 511 1904 quia
532 1831 660 1887 multum
687 1833 881 1888 audiebantur
906 1834 943 1889 ab
998 1837 1206 1908 percunctatus
1221 1851 1275 1890 our
1289 1833 1359 1890 talia
1373 1833 1491 1902 diceret,
1508 1834 1706 1907 perordinem
1723 1838 1833 1892 cuncta

112 1926 166 1984 illo
182 1921 341 1981 laudabilia
356 1922 430 1992 ficri,
446 1920 521 1976 inter
536 1938 600 1994 quae
613 1920 702 1977 etiam
725 1921 804 1977 sarna
827 1925 888 1977 erat
907 1922 944 1977 de
999 1939 1063 1995 quae
1080 1923 1248 1979 acciderent
1269 1921 1406 1978 narravit.
1422 1923 1482 1996 hlgo
1506 1939 1572 1978 vero
1594 1923 1832 1996 gratulabundus

112 2012 363 2085 redintegratione
393 2009 547 2081 cujusdam
576 2009 655 2065 vasis
683 2008 766 2065 vitrei
791 2008 942 2064 confracti.
998 2027 1066 2067 curn
1088 2013 1167 2068 socio
1190 2010 1274 2080 redii,
1291 2011 1459 2084 imperatori
1485 2028 1550 2083 quse
1573 2028 1746 2085 agnoveram
1771 2012 1831 2069 sub

112 2105 185 2168 lloe,
213 2102 347 2173 inquam,
377 2116 435 2164 me,
467 2097 617 2169 respondit
645 2097 806 2165 albericus,
838 2097 944 2154 melius
999 2099 1115 2157 silentio
1131 2100 1228 2166 retuli,
1245 2105 1274 2156 et
1289 2118 1377 2174 super
1392 2101 1447 2157 hoe
1465 2100 1608 2156 miraculo
1624 2116 1731 2173 magno
1747 2099 1831 2156 illum

111 2210 206 2267 qnam
231 2194 260 2246 te
281 2189 357 2246 sciro
374 2188 484 2256 iateor;
502 2191 530 2243 et
545 2187 614 2261 quia
630 2191 656 2242 te
672 2203 706 2242 ex
721 2186 776 2242 hoc
799 2187 943 2242 incertum
998 2188 1106 2263 replevi
1122 2189 1327 2245 admirationis
1342 2189 1616 2263 gaudioetinsolitne
1627 2187 1831 2246 delectationis

111 2281 210 2348 video,
220 2296 256 2335 ne
270 2278 410 2349 deinceps
424 2277 466 2332 sis
482 2274 599 2343 dubius,
610 2275 679 2331 audi
696 2274 848 2331 veritatem
864 2292 945 2347 aper·
995 2277 1100 2350 jubilo.
1111 2278 1206 2351 Supra
1221 2279 1342 2335 modum
1358 2278 1518 2335 enimcum
1534 2275 1674 2350 diligebat
1687 2275 1829 2350 illiusque

112 2371 185 2427 tius.
204 2369 237 2424 ut
251 2382 305 2440 ego
322 2383 329 2421 ι
347 2367 491 2431 Libenter,
508 2364 810 2436 inquam,audiam,et
825 2362 946 2437 diligen·
999 2367 1131 2423 consiliis
1146 2366 1298 2424 humiliter
1313 2367 1490 2424 adherebat.
1506 2367 1547 2423 De
1566 2383 1625 2438 quo
1651 2365 1742 2422 etiam
1761 2365 1834 2424 talia

113 2459 175 2516 tius
191 2456 292 2513 animo
308 2454 474 2510 recondam.
493 2455 529 2508 At
552 2453 625 2509 ille:
647 2453 778 2519 Quodam
803 2457 944 2526 tempore,
1000 2473 1173 2528 agnoscens,
1188 2457 1283 2529 magis
1299 2474 1332 2513 ae
1352 2457 1446 2531 magis
1471 2455 1551 2513 omni
1576 2455 1764 2510 veneratione
1788 2455 1832 2512 di·

113 2548 164 2605 ille
181 2551 253 2603 tuns
269 2543 379 2611 senior,
396 2559 483 2615 quern
498 2542 580 2608 dicis,
598 2546 627 2598 et
651 2542 742 2599 abbas
761 2541 819 2614 (et)
835 2541 869 2596 ad
893 2559 946 2597 cu·
1000 2561 1092 2618 gnum
1108 2543 1313 2601 habcbatHaec
1327 2545 1367 2600 ita
1383 2545 1455 2601 mihi
1471 2543 1625 2600 Alberieus
1638 2541 1767 2599 ecclesia
1780 2546 1833 2602 Cu·-

112 2637 191 2694 riarn
208 2632 325 2691 Henrici
340 2632 525 2704 imperatoris
546 2632 603 2687 mei
620 2629 745 2687 senioris
767 2635 902 2700 venerat3
918 2635 947 2688 et
1001 2650 1095 2689 manre
1109 2632 1266 2708 episcopus
1281 2634 1310 2688 in
1325 2634 1446 2690 veritate
1463 2631 1683 2703 narravitque
1708 2630 1796 2688 etiam
1814 2651 1832 2690 a

114 2726 191 2782 dum
207 2723 249 2779 ibi
265 2725 407 2787 maneret,
424 2719 528 2776 accidit
540 2721 670 2793 quadam
686 2719 732 2775 die
749 2725 781 2776 ut
799 2719 829 2776 in
845 2737 947 2777 mensa
1002 2721 1136 2795 pluribus
1151 2721 1216 2778 aliis
1232 2723 1367 2795 personis
1384 2739 1450 2779 vera
1465 2736 1530 2777 esse
1547 2736 1599 2792 pro
1615 2724 1693 2776 certo
1713 2722 1829 2793 agnovi.

74 2844 77 2849 ·
114 2811 308 2886 imperatoris
318 2808 947 2882 vaspretiosisetrnumvitreumhlexandrini
1002 2811 1069 2866 Car.
1086 2809 1160 2865 Xlll.
1176 2842 1211 2850 —
1225 2812 1263 2866 lte
1277 2811 1397 2883 quiedam
1411 2812 1516 2867 tricione
1539 2809 1682 2882 cujusdem
1695 2810 1829 2868 eremitat.

117 2901 237 2977 generis
252 2899 311 2971 (28)
327 2914 394 2954 cum
420 2898 578 2969 pigmentis
592 2897 671 2952 tritis
687 2901 753 2953 ante
768 2915 835 2954 eum
859 2914 948 2970 pone·
1039 2896 1147 2954 ltetulit
1162 2897 1234 2953 mihi
1250 2898 1337 2954 etiarn
1354 2900 1483 2954 domnus
1496 2896 1660 2953 bichardus
1675 2896 1832 2972 episcopus

119 2995 210 3050 retur.
228 2987 281 3045 ltlo
300 3003 369 3045 vero
394 2987 537 3042 advocans
561 3003 609 3042 me
633 2990 662 3041 ot
684 2986 859 3042 Landullum
875 2990 947 3055 [res.,
1003 2984 1829 3060 quamdamvisionom,qnametegoquondamaudieram,

118 3078 322 3149 haudultuml,
337 3079 437 3149 postea
451 3075 664 3132 Taurincnscm
679 3074 860 3148 episcopum,
876 3093 949 3147 prae·
1003 3075 1054 3132 sed
1070 3079 1138 3131 tunc
1154 3075 1253 3131 animo
1276 3075 1398 3132 minime
1414 3073 1585 3131 retinebam.
1603 3076 1732 3140 Quodam
1758 3078 1831 3132 tem·
1939 3094 1941 3098 ’

122 3169 194 3242 cepit
209 3171 244 3224 ut
259 3167 358 3238 ipsum
373 3181 423 3220 vas
438 3180 505 3219 cum
519 3164 636 3236 pulvere
658 3163 886 3236 pigmentorum,
908 3165 944 3220 ad
960 3149 982 3217 C
1001 3182 1080 3238 pore,
1096 3163 1203 3236 inquit,
1220 3164 1263 3220 vir
1277 3163 1400 3237 quidam
1422 3162 1576 3236 religiosus
1591 3163 1627 3218 de
1642 3179 1716 3236 pago
1741 3163 1828 3221 lioto-

123 3273 254 3314 mensam
271 3253 397 3312 senioris
412 3251 543 3309 Odilonis
558 3252 749 3319 deterremus,
766 3257 795 3308 et
812 3253 836 3309 ei
853 3253 948 3326 gratio
1001 3253 1084 3309 nensi
1113 3253 1220 3325 (liciter)
1245 3251 1388 3309 oriundus
1418 3254 1454 3308 ab
1482 3251 1674 3325 ierosolymis
1701 3257 1825 3310 reverte·

125 3362 264 3419 corporee
280 3341 386 3401 salutis
403 3343 550 3398 daremus.
566 3341 624 3398 Nos
640 3357 717 3407 vero,
733 3342 809 3397 sieut
824 3342 947 3414 impera·
1000 3342 1263 3398 hatur.Transiens
1278 3344 1376 3397 autern
1392 3341 1563 3413 mare,quod
1579 3359 1596 3396 a
1611 3341 1710 3397 Sicilia
1725 3358 1829 3399 versus

126 3437 165 3491 tor
175 3437 319 3508 jhsserat,
330 3447 381 3487 vas
397 3430 565 3496 detulimus,
584 3447 681 3486 corum
697 3430 800 3486 abbate
820 3436 948 3505 exparte
1001 3431 1240 3488 Thessalonicam
1257 3431 1451 3503 protenditur,
1469 3429 1589 3502 pertulit
1603 3447 1671 3487 cum
1692 3429 1828 3503 pluribus

129 3524 240 3583 deseris
256 3521 421 3595 posuimus,
430 3524 459 3575 et
474 3519 550 3574 sicut
563 3519 695 3585 decebat,
707 3519 857 3575 humiliter
866 3519 949 3576 ineli·
1001 3520 1066 3577 aliis
1081 3519 1290 3595 gravissimum
1303 3523 1423 3575 ventum
1435 3518 1466 3574 in
1480 3518 1578 3575 medio
1588 3519 1770 3592 positus.Qui
1782 3537 1832 3576 na·

131 3612 265 3669 nevimus.
281 3611 319 3667 nt
333 3608 382 3664 ille
400 3607 550 3664 humiliter
565 3608 717 3680 recipiens,
732 3626 800 3665 vase
825 3613 946 3677 retento,
1000 3609 1058 3665 vim
1075 3608 1239 3682 impellens,
1256 3606 1370 3680 appulit
1384 3608 1420 3663 ad
1436 3607 1596 3680 quamdam
1619 3607 1747 3665 insulam
1769 3608 1830 3666 sive

133 3701 257 3775 precepit
272 3716 327 3756 nos
342 3697 446 3763 redire,
463 3700 491 3753 et
513 3700 644 3768 tompore
668 3696 825 3753 constituto
841 3696 946 3753 iterum
1001 3715 1114 3771 rupem,
1133 3697 1184 3754 ubi
1200 3697 1322 3771 quidam
1339 3713 1439 3753 servus
1453 3695 1503 3751 Dei
1519 3694 1653 3753 reclusus
1668 3696 1806 3754 manebat
1822 3715 1828 3754 :

134 3804 179 3860 pro
191 3787 307 3846 vasculo
323 3784 479 3858 repetendo
493 3784 598 3840 redire.
613 3784 702 3840 Nobis
717 3801 783 3841 voro
803 3785 948 3841 redeunti·
1001 3787 1051 3844 ubi
1071 3786 1243 3859 aliquandiu
1268 3783 1509 3857 tranquillitatem
1539 3783 1629 3841 maris
1653 3789 1828 3858 exspectans

135 3874 278 3946 hus,sieut
292 3876 429 3932 humanas
444 3871 623 3929 curiositatis
636 3877 684 3929 est
700 3891 787 3930 novas
803 3878 831 3930 ct
846 3874 945 3931 incon·
1000 3875 1158 3949 predictus
1173 3876 1218 3932 vir
1241 3876 1449 3937 commoratus
1467 3871 1554 3945 eoepit
1576 3889 1644 3929 cum
1665 3872 1715 3929 illo
1742 3891 1825 3931 servo

137 3968 220 4023 suehs
234 3983 280 4023 res
296 3965 421 4021 libenter
434 3962 508 4019 velle
528 3961 683 4034 inspicere,
700 3967 847 4034 coeperunt
871 3964 946 4019 inter
1000 3963 1050 4020 Dei
1075 3964 1110 4020 de
1135 3963 1238 4020 multis
1268 3960 1490 4017 collocutionem
1521 3959 1637 4017 habere.
1664 3961 1829 4035 Inquisitus

138 4065 166 4106 se
176 4053 301 4112 monachi
317 4069 369 4108 vas
384 4050 521 4108 manibus
536 4054 700 4119 attrectare,
716 4051 790 4108 alter
810 4051 893 4107 alteri
909 4052 945 4108 do
999 4069 1066 4109 vero
1082 4052 1175 4108 aviro
1190 4052 1240 4109 Dei
1255 4051 1332 4106 unde
1347 4065 1441 4122 genus
1456 4048 1584 4117 duceret,
1601 4048 1782 4122 Aquitanum
1798 4068 1830 4108 se

65 4178 69 4201 ,
137 4150 213 4199 manu
237 4143 272 4200 ad
290 4158 411 4199 manum
433 4140 547 4196 tradere
564 4157 570 4195 :
588 4156 656 4195 cum
671 4155 738 4196 eece
751 4141 787 4196 de
808 4140 945 4197 manibus
1000 4158 1065 4198 esse
1080 4139 1328 4213 respondit'lunc
1341 4138 1417 4194 idem
1433 4137 1521 4193 homo
1537 4136 1586 4192 Dei
1603 4136 1771 4196 sciscitatus
1785 4143 1830 4196 est
1853 4148 1857 4153 ’

65 4226 69 4283 .’
138 4239 181 4283 vas
192 4229 305 4299 labitur,
322 4234 362 4299 et,
379 4234 411 4285 ut
426 4234 488 4284 erat
509 4227 622 4302 fragile,
638 4226 762 4284 labendo
786 4229 944 4302 contiingi-
999 4231 1024 4287 si
1040 4229 1189 4302 quoddam
1205 4227 1416 4284 monasterium
1437 4227 1514 4299 quod
1539 4225 1740 4283 nominaretur
1765 4227 1831 4285 Clu·

65 4306 69 4375 Ᾰ,
137 4314 184 4370 tm.
196 4321 271 4387 Quod
288 4335 450 4394 agnoscens
466 4317 510 4373 vir
525 4317 583 4374 Deo
598 4316 744 4386 amabilis,
761 4335 820 4373 non
845 4317 945 4375 leviter
1000 4319 1164 4386 niaeum,et
1179 4316 1332 4374 Odilouem
1346 4317 1478 4388 ejusdem
1494 4314 1549 4371 loci
1564 4315 1700 4372 abbatem
1716 4321 1827 4374 nosset.

65 4420 68 4471 a
137 4407 310 4468 nutricatus
335 4407 375 4465 nit
391 4425 398 4463 :
414 4408 539 4477 Fratres,
556 4422 613 4461 nen
639 4405 712 4462 bene
735 4406 855 4475 lecistis,
876 4407 945 4480 quia
998 4409 1037 4463 At
1049 4406 1097 4463 ille
1110 4406 1261 4480 rospondit
1276 4422 1283 4461 :
1300 4405 1382 4470 Novi,
1398 4409 1427 4460 et
1440 4404 1512 4459 bene
1527 4404 1604 4470 novi,
1620 4409 1650 4459 et
1661 4403 1717 4460 hoc
1733 4422 1824 4477 quare

65 4490 71 4545 .'
136 4497 179 4554 ll0
192 4496 237 4555 tali
250 4502 349 4555 vestra
366 4494 554 4570 negligentia,
568 4494 726 4567 juvenibus
750 4495 872 4564 clericis,
889 4498 944 4553 sub
960 4518 983 4585 D
1000 4495 1197 4571 percuncteris
1213 4494 1287 4550 seire
1306 4493 1403 4566 cupio.
1419 4491 1520 4549 Dicam
1535 4492 1600 4561 tibi,
1618 4492 1723 4566 inquit,
1741 4498 1770 4551 et
1794 4499 1827 4551 ut

65 4576 70 4595 ¹
136 4585 245 4644 lterum
260 4586 395 4644 custodia
407 4603 459 4641 vus
477 4602 494 4641 a
509 4585 594 4640 nobis
609 4584 791 4641 contractum
815 4585 944 4657 positum
1000 4586 1099 4642 animo
1114 4583 1255 4640 recondas
1270 4600 1333 4655 quac
1347 4579 1476 4639 audieris
1490 4581 1751 4641 admoneo.Vicina
1764 4582 1828 4640 loca

65 4668 73 4689 ⁷
136 4672 197 4735 ⁰¹⁸2.
210 4678 332 4749 gratiam
349 4673 533 4747 imperatoris
549 4676 673 4730 tortasse
696 4673 877 4741 abstulistis,
895 4673 944 4730 sed
1000 4678 1071 4731 sunt
1090 4673 1185 4739 nobis,
1202 4690 1236 4729 ex
1260 4669 1427 4743 semetipsis
1452 4670 1609 4726 manifesto
1632 4671 1683 4727 Dei
1696 4671 1827 4743 iudicio,

72 4750 75 4755 ’
137 4759 166 4805 lt
178 4755 230 4820 illis
243 4766 386 4822 domnum
402 4761 515 4819 eveniat
530 4763 579 4834 qui
591 4762 740 4818 immunes
751 4761 945 4835 suntaeulpa,
1001 4761 1174 4837 gravissima
1183 4757 1596 4831 eructantiaignisiracundia,
1609 4757 1638 4813 in
1650 4759 1827 4830 quibusani-

138 4848 293 4911 ltcedamus
309 4852 345 4910 ad
361 4850 527 4917 ecclesiam,
544 4853 572 4907 et
584 4850 702 4907 Domini
717 4868 806 4924 super
821 4850 876 4907 hoe
891 4851 946 4907 im·
1002 4869 1055 4908 mm
1070 4853 1253 4924 pcccatorum
1268 4849 1304 4905 ad
1325 4853 1440 4920 tempus
1453 4851 1595 4904 statutum
1609 4846 1723 4904 diversa
1739 4847 1827 4904 luunt

80 4982 85 4989 .
139 4922 266 4999 alannus
282 4940 665 5011 misericordiamhdeujus
679 4939 837 5013 imperium
854 4940 889 4996 ad
906 4957 938 4996 ec
1003 4940 1157 5014 supplicia.
1168 4936 1759 5008 Suntverondeorumsemperrenovanda
1772 4941 1829 4994 tur·

77 5048 80 5053 ¹
167 5056 213 5136 tto)
227 5067 258 5123 ld
272 5063 660 5136 esttlomensis,quisrcpius
670 5064 944 5121 Cumanusdicitur.
1004 5065 1125 5132 nachos,
1139 5068 1211 5121 teste
1226 5059 1347 5144 Ughello
1362 5064 1441 5116 tomo
1456 5058 1480 5112 V
1496 5059 1584 5115 ltaliae
1611 5076 1710 5128 sacra,
1726 5058 1777 5116 ubi
1793 5078 1827 5118 er

141 5117 197 5190 Nam
209 5136 285 5196 inter
297 5138 445 5194 Cumanos
461 5136 491 5190 in
506 5136 665 5216 Campania
679 5136 777 5192 italica
792 5137 945 5209 episcopos
1000 5137 1143 5194 Chronico
1159 5132 1339 5192 Novalrcensi
1365 5131 1561 5214 contentionis
1585 5131 1632 5187 hic
1661 5138 1827 5188 memorata

142 5199 393 5290 itliushlberious·
408 5210 597 5288 occurr1t3At
618 5207 769 5264 Albericus
793 5208 945 5264 deniensis
1000 5208 1154 5290 historiam
1183 5210 1279 5288 retjert.
1304 5205 1345 5260 lle
1372 5202 1491 5286 phbatra
1515 5202 1706 5286 Bremetensi,
1736 5220 1826 5275 quam

140 5281 274 5409 that
282 5279 484 5407 illidit
500 5278 947 5422 astrueremus
1000 5273 1825 5428 selthi{tumultuatusittet-theat

139 5422 200 5478 cntra
219 5423 376 5489 civitatem,
395 5421 547 5478 monachis
572 5421 769 5479 benedictinis
794 5421 943 5490 attributa,
1036 5424 1093 5495 (27)
1108 5423 1162 5478 lls.
1180 5421 1208 5477 S.
1225 5420 1371 5476 Germana
1389 5416 1437 5473 itte
1452 5421 1524 5485 tuan,
1541 5434 1621 5492 qoem
1646 5418 1715 5476 dicis
1735 5418 1827 5476 serator

135 5503 185 5618 ³⁰oe
200 5495 389 5568 postmodum
406 5494 441 5550 ad
457 5492 664 5550 Cistercienses
688 5493 817 5561 transiit,
832 5511 865 5550 ac
881 5497 944 5549 tan·
999 5498 1025 5552 et
1040 5495 1167 5550 dominos
1178 5493 1272 5548 obtine.

149 5580 186 5623 em
210 5567 240 5624 in
255 5566 432 5624 commenda
446 5564 555 5624 tradita
568 5563 666 5623 nullos
681 5582 761 5624 nunc
780 5565 868 5624 habet
882 5581 944 5623 mn·
1035 5567 1091 5639 (28)
1107 5566 1198 5624 Idem.
1213 5560 1413 5621 theandricae
1427 5576 1499 5633 com,
1516 5563 1571 5638 etc.
