3884 6084
52 272 117 340 su
366 252 376 263 '
681 259 1167 335 axrcsrrrcrslcucnuu.
1708 253 1774 324 tro

35 409 76 470 Ξ
109 407 276 468 Benedictus
289 405 420 465 Dominus
904 398 976 468 Ain
992 401 1115 460 circuitu
1134 400 1207 477 :gille
1225 401 1318 476 enimi
1328 399 1432 461 circuit
1452 401 1559 461 auxilio
1585 406 1698 460 eternas
1723 401 1772 459 de·

111 502 166 571 Qui
179 514 234 555 nen
249 496 324 554 dedit
338 512 387 553 uos
403 497 433 551 in
451 504 613 568 captionem
628 496 754 549 emarcus
768 505 872 547 eorum.
950 490 1092 550 tensionis
1106 510 1167 560 ecs,
1183 509 1256 564 quas
1278 492 1333 549 sibi
1351 492 1451 550 fideles
1472 511 1537 550 csse
1559 493 1717 569 cognoscit.
1733 495 1776 552 Ex

94 591 119 647 ll
134 590 241 646 Dentes
255 587 303 644 hic
328 584 581 643 numerositatem
607 583 704 655 signat
719 575 866 648 vitiorum,
882 596 900 636 a
949 581 1004 638 hoc
1019 599 1096 638 nunc
1114 600 1120 637 :
1136 581 1215 639 istud
1231 583 1370 640 saeculum
1393 582 1548 658 significat.
1564 584 1661 659 Usque
1676 584 1705 641 iu
1719 601 1771 641 sae·

41 679 168 754 quibus
183 694 220 735 ue
233 676 394 751 capiamur,
406 672 501 749 malin
514 671 566 729 Dei
580 671 730 728 eruimur.
948 671 1048 728 culum
1066 691 1073 729 ι
1089 671 1161 728 illud
1183 672 1268 739 eliciti¹
1282 673 1433 741 sarculum,
1449 674 1497 729 ubi
1523 673 1727 749 jamE'sanctis
1741 675 1773 732 iu

34 771 77 828 6
112 770 212 824 laima
225 773 319 823 nostro
332 766 405 821 snut
415 780 511 836 pauser
524 771 618 834 erepta
633 765 673 817 est
687 779 697 816 :
947 762 1102 833 majestate
1117 761 1164 818 sui
1178 760 1300 820 luminis
1314 763 1531 836 apparebit.Sed
1543 781 1596 819 cur
1612 764 1774 838 praebeatur

112 860 149 915 De
165 854 442 929 momenmentum.
946 850 1004 908 ista
1016 850 1148 907 defensio
1161 857 1374 925 consequenter
1387 852 1550 926 exponitur.

37 951 78 1004 7
111 948 236 1020 laqueius
250 945 384 1002 counitus
397 946 459 999 ert:
939 941 981 999 ,3
1017 941 1088 1010 Quia
1101 958 1157 998 nne
1171 943 1451 1014 retiaquetDominns
1473 944 1579 1015 circam
1601 952 1773 1016 menatenam
1881 978 1886 983 -

112 1038 144 1092 Et
156 1051 206 1093 ace
220 1034 333 1090 liberati
343 1047 447 1088 mmm.
1051 1039 1247 1101 supercertari
1256 1032 1396 1104 justorum
1411 1049 1418 1087 ε

95 1124 308 1181 ll'l'endunlur
322 1120 407 1177 nobis
428 1118 537 1192 laquei,
548 1117 578 1174 in
593 1115 840 1189 concupiscentiis
855 1132 891 1172 ac
1018 1119 1049 1176 llt
1071 1137 1125 1176 aon
1137 1121 1287 1178 extendant
1308 1121 1379 1194 justi
1406 1121 1442 1177 ad
1471 1121 1645 1195 iniquitatem
1673 1140 1771 1180 manu

49 1213 181 1271 (liversis
196 1211 311 1270 astutiae
332 1207 481 1266 diabolicae
505 1207 591 1264 dolis.
604 1207 660 1264 Sed
684 1204 809 1263 contrito
825 1205 888 1261 dia·
1050 1226 1124 1266 suas.
1620 1225 1629 1236 ·

47 1302 123 1362 nolo
137 1302 194 1359 sub
209 1299 334 1375 pedibus
349 1297 459 1355 nostris
469 1297 532 1370 (qui
545 1296 629 1353 nobis
642 1294 766 1369 laqueus
781 1295 835 1364 est)
848 1293 888 1350 si·
980 1297 1001 1353 C
1015 1297 1121 1371 Virga:
1139 1299 1207 1356 boui
1222 1299 1350 1374 malique
1366 1304 1494 1374 potestas
1513 1300 1705 1375 significatur,
1722 1302 1771 1359 hic

51 1396 108 1449 cut
121 1407 223 1465 passer
237 1388 355 1461 sapiens
369 1392 398 1443 et
412 1390 539 1450 astutus,
553 1383 703 1442 evolamus
717 1384 754 1439 ab
769 1382 832 1440 illo.
945 1391 1042 1442 autem
1060 1387 1088 1443 in
1110 1387 1218 1445 malam
1243 1393 1356 1463 partem
1378 1389 1470 1463 accipi
1500 1389 1687 1447 manifestum
1714 1395 1769 1448 est.

50 1484 80 1537 8
109 1481 284 1552 Adjutcrium
296 1480 424 1534 nostrum
437 1477 468 1530 in
482 1475 594 1531 anniae
609 1475 722 1530 Domini
737 1491 743 1528 :
944 1475 1013 1531 Sors
1025 1476 1194 1547 justorum:
1213 1480 1259 1537 eat
1270 1477 1372 1552 religio
1387 1478 1562 1548 Christiana,
1577 1496 1665 1554 supra
1681 1497 1771 1553 quam

112 1571 168 1641 Qui
180 1569 246 1642 ren
259 1567 357 1623 catum
369 1568 396 1621 et
408 1573 520 1622 terram
945 1581 1002 1620 non
1016 1565 1088 1622 sinit
1102 1564 1238 1624 Christus
1262 1567 1373 1640 virgam
1391 1572 1573 1640 peccatorum
1587 1568 1627 1639 (id
1648 1572 1692 1625 est
1714 1569 1770 1624 ini-

99 1658 120 1715 ll
134 1656 321 1730 Adjutorium
336 1658 472 1711 nostrum
486 1653 517 1708 in
539 1650 656 1709 nomine
676 1650 791 1707 Domini
808 1665 815 1704 τ
835 1649 888 1705 hoc
946 1670 1033 1726 quam
1046 1656 1771 1731 patestatemtyrannorum)diutiusinsurgere,ne

66 1753 108 1804 est
120 1763 225 1804 nomen
241 1745 320 1819 quod
335 1747 380 1801 est
394 1759 484 1816 super
497 1758 585 1798 omne
600 1758 717 1807 nomen,
735 1739 824 1811 hujus
839 1756 888 1794 no·
945 1741 1101 1798 Ecclesiam
1114 1743 1164 1799 Dei
1179 1744 1292 1817 possint
1303 1744 1478 1819 longissima
1489 1746 1691 1819 persecutione
1701 1763 1769 1804 cca·

71 1837 150 1893 minis
164 1833 322 1907 adjutorio,
335 1831 438 1889 mortis
451 1832 609 1888 vincuntur
623 1828 732 1902 laquei,
747 1828 773 1885 si
790 1828 820 1883 in
836 1824 886 1883 illo
943 1833 1045 1887 terere.
1058 1831 1095 1887 Ut
1120 1850 1177 1889 non
1202 1833 1360 1890 extendant
1385 1833 1422 1891 ad
1450 1833 1636 1908 iniquitatem
1663 1853 1769 1892 marrus

76 1941 233 1983 minumus
247 1922 338 1979 allisi.
942 1936 1023 1986 suas,
1036 1921 1059 1975 H
1076 1920 1103 1976 id
1120 1925 1174 1988 est,
1188 1925 1220 1977 ut
1234 1938 1292 1977 nan
1312 1923 1457 1996 cogitent:
1475 1923 1545 1996 quid
1563 1922 1635 1979 mihi
1650 1924 1770 1996 prodest

108 2014 206 2071 DDene
219 2028 289 2086 ergo
300 2012 330 2068 in
341 2009 443 2085 quinto
458 2009 551 2083 gradu
566 2007 714 2074 dicuntur,
725 2007 775 2079 qui
787 2022 887 2078 corpo·
942 2009 1018 2081 quod
1031 2010 1133 2081 justus
1148 2027 1225 2077 sum,
1242 2010 1266 2066 si
1282 2027 1399 2084 semper
1417 2015 1634 2084 persequuntur
1649 2029 1695 2069 me
1710 2013 1768 2070 ini·

87 2103 170 2160 reosin
184 2101 318 2175 passione
340 2116 444 2157 seusus
466 2097 589 2156 Domine
610 2096 733 2168 juvante
748 2111 887 2167 superare
942 2096 1016 2169 quit
1031 2097 1086 2154 hoc
1100 2102 1145 2155 cst
1157 2115 1163 2153 :
1177 2101 1209 2154 ut
1224 2099 1390 2155 sustineant
1409 2100 1512 2170 malos,
1524 2106 1553 2157 et
1578 2118 1637 2158 non
1660 2100 1769 2159 iaciant

88 2192 224 2249 mearunt.
942 2185 1040 2241 mala:
1058 2203 1116 2242 acu
1132 2186 1209 2243 enim
1224 2188 1272 2243 diu
1297 2187 1437 2261 relinquit
1452 2188 1530 2246 Deus
1544 2189 1632 2246 talem
1655 2189 1768 2265 virgam

287 2295 390 2337 caurio
408 2296 444 2334 ex
463 2294 542 2334 esan.
562 2292 657 2333 carran
941 2291 1033 2346 super
1043 2277 1152 2347 justos,
1169 2276 1237 2333 licet
1251 2276 1301 2332 diu
1318 2277 1452 2334 siccatur
1466 2277 1632 2336 imbecillis.

118 2367 570 2441 Conclude,Dcmine‚hiaatisora
580 2362 788 2436 malcrum‚qui
803 2362 886 2419 saevis
956 2367 972 2422 l
1005 2368 1133 2438 benefac,
1149 2368 1267 2423 Domine

97 2458 306 2516 obtrectationum
316 2457 453 2513 dentibus
464 2472 565 2513 vorare
576 2454 727 2510 nituntur:
742 2457 775 2508 ut
790 2451 887 2525 quide
1015 2458 1097 2513 nanis
1111 2464 1137 2513 er
1152 2458 1231 2512 rectis
1246 2456 1334 2512 corate.

99 2547 277 2604 nastranirtutc
292 2545 464 2615 diffidimus,
475 2544 602 2601 nominis
613 2542 657 2599 tui
669 2541 813 2614 adjutorio
826 2558 888 2597 mu·
976 2545 1094 2619 coplae
1109 2544 1201 2618 igitur
1216 2545 1358 2618 propheta
1373 2544 1419 2601 hia
1439 2546 1501 2601 fieri
1517 2547 1638 2613 bonum,
1650 2547 1699 2622 qui
1716 2566 1769 2605 ne.

10 2689 11 2692 ,
101 2636 256 2694 aianur.Per
272 2635 428 2692 Dominum
444 2633 704 2699 contremiscam,
720 2636 774 2688 etc.
941 2633 1040 2690 sciunt
1060 2650 1077 2689 a
1101 2633 1224 2690 Domino
1249 2650 1337 2706 qrrava
1359 2632 1507 2690 voluntate
1531 2635 1670 2708 separari.
1687 2636 1768 2693 Recti

10 2710 15 2723 ”
327 2723 489 2780 PSALMUS
508 2721 626 2780 CXXIV.
941 2723 1027 2778 carde
1037 2722 1173 2794 sunt‚qui
1183 2727 1272 2778 Derim
1284 2726 1457 2795 sequuntur,
1469 2727 1498 2779 et
1512 2741 1569 2780 ucn
1584 2724 1685 2797 praeire
1696 2742 1767 2781 con-

10 2867 22 2885 ,
272 2829 474 2870 ancuussruu
494 2826 679 2867 rsaucnxrv.
940 2809 1766 2883 tendunt.Hlltquisuamvolunlatemdirinasvoluntati
1838 2854 1845 2875 ,

12 2894 23 2971 ¹,
124 2899 246 2960 CClamat
260 2901 402 2976 propheta
426 2900 512 2957 uobis
535 2900 566 2957 in
589 2897 713 2956 Domino
737 2897 887 2953 confiden-
940 2899 1135 2964 conformant,
1150 2916 1207 2954 uon
1222 2899 1349 2954 divinam
1363 2899 1542 2957 voluntatem
1555 2902 1592 2957 ad
1606 2919 1690 2958 suam
1702 2917 1765 2958 cur-

102 2987 158 3057 lun,
172 3010 203 3050 ae
223 2992 391 3048 laboremus
414 2990 563 3047 incassum
581 3005 588 3045 :
606 2994 727 3060 petens:
745 2989 778 3043 ut
800 2986 887 3044 rectis
939 3003 1007 3044 vere
1019 2986 1132 3044 volunt.

10 3070 28 3149 ζ,
102 3083 254 3154 cusanus,
269 3079 367 3153 pravis
381 3079 509 3135 vindicta
523 3077 682 3152 proveniat.
957 3078 976 3132 5
1012 3078 1184 3133 Declinantes
1198 3083 1289 3133 autern
1308 3079 1337 3132 in
1351 3078 1530 3147 altipationcs
1544 3078 1657 3136 adducet
1670 3077 1767 3154 Domid

11 3152 28 3161 '¹
285 3171 343 3227 ΤΤ.
360 3169 503 3225 daviticum
516 3167 663 3238 prcdnum.
902 3149 924 3217 C
1048 3182 1101 3221 nris
1114 3183 1176 3222 cam
1187 3165 1362 3238 operantibus
1377 3168 1551 3240 iniquitatem
1564 3181 1577 3225 e

125 3259 273 3326 lbuemuis
287 3258 367 3316 scala
378 3259 436 3314 ista
449 3256 596 3324 salutaris,
608 3256 784 3330 competenti
799 3272 891 3311 reme·
1017 3259 1075 3310 Pac
1089 3271 1171 3327 super
1183 3255 1278 3311 lsrael.

102 3343 133 3401 dio
142 3346 260 3406 rideatur
269 3364 334 3403 esse
344 3349 513 3403 constructa
524 3361 530 3401 :
543 3343 626 3401 nulla
639 3348 737 3401 umen
752 3344 891 3400 firmitate
979 3343 1000 3399 C
1015 3343 1137 3400 Pulchre
1158 3343 1279 3399 definita
1302 3347 1372 3400 sunt
1388 3361 1477 3418 opera
1500 3344 1665 3419 iniquitatis
1680 3363 1687 3402 ε
1704 3362 1770 3404 esse

102 3437 266 3505 caraunus,
282 3435 338 3492 nisi
359 3435 418 3492 illic
432 3433 547 3491 Domini
561 3433 703 3508 regimine
717 3438 889 3490 teneamur:
945 3431 1094 3505 obligatio.
1110 3450 1174 3504 quar
1190 3451 1243 3488 nos
1266 3432 1389 3489 vinculis
1413 3434 1565 3507 pravitatis
1588 3435 1720 3503 innectit,
1736 3439 1771 3492 ut

101 3537 144 3593 que
154 3531 245 3585 tamen
256 3525 390 3582 ascensio
403 3525 435 3579 fit
446 3529 552 3590 mente,
565 3541 623 3580 nou
634 3540 763 3596 corpere.
776 3523 850 3578 Nam
861 3521 891 3577 in
945 3538 1010 3577 esse
1023 3521 1106 3576 liberi
1131 3538 1321 3594 nequeamus,
1338 3539 1404 3578 cum
1421 3522 1530 3580 talibus
1551 3523 1701 3598 tantisque
1724 3523 1770 3581 la·

102 3616 235 3691 raomams
258 3615 322 3672 loco
349 3615 495 3679 sedentes,
509 3618 538 3669 et
557 3612 667 3669 cellulas
691 3613 748 3668 situ
774 3610 891 3680 reclusi,
947 3610 1030 3683 queis
1045 3609 1284 3684 constringimur.
1297 3611 1491 3682 Declinautes‚
1506 3611 1535 3668 id
1551 3616 1607 3681 est,
1618 3614 1705 3685 jussa
1718 3613 1770 3670 Dei

101 3701 217 3762 alicuius
230 3705 305 3762 istos
318 3703 428 3777 gradum
442 3701 630 3760 ascendimus
640 3718 729 3775 quam
745 3701 769 3757 si
783 3718 834 3773 per
844 3701 894 3756 bo-
947 3716 1004 3755 non
1016 3705 1235 3772 persequentes.
1248 3700 1311 3756 Pari
1334 3700 1412 3757 enim
1434 3702 1580 3759 sententia
1594 3707 1727 3774 percunt,
1743 3707 1773 3760 et

102 3791 183 3850 airam
198 3811 249 3851 ora
263 3791 431 3852 volitemus.
948 3788 998 3861 qai
1026 3787 1173 3844 declinare
1196 3790 1283 3860 jussa
1301 3789 1427 3857 Domini,
1443 3795 1472 3846 et
1485 3791 1599 3865 operari
1627 3790 1772 3848 malitiam

113 3877 121 3932 l
148 3883 198 3954 Qui
210 3881 351 3954 confidunt
365 3881 396 3935 in
411 3880 524 3936 Darnino
541 3879 613 3934 sicut
635 3894 711 3934 rnen-r
734 3878 800 3934 Sica
816 3895 822 3933 :
839 3893 894 3933 aon
947 3875 1020 3932 velle
1035 3877 1223 3933 contendunt
1243 3877 1298 3933 Pax
1320 3894 1408 3951 super
1432 3879 1520 3935 lsrael
1537 3897 1545 3935 ε
1562 3880 1623 3936 bne
1647 3897 1703 3954 pax
1717 3879 1774 3937 iste

176 3971 605 4027 commonebiturtuaetemum:
950 3965 1083 4022 Salvator
1110 3969 1163 4033 est,
1194 3967 1243 4038 qui
1270 3983 1386 4039 semper
1413 3968 1544 4024 (lelandit
1571 3986 1603 4024 se
1629 3969 1772 4025 videntes.

148 4062 197 4130 Dat
212 4060 360 4116 habitatin
374 4058 553 4114 Hierusalem.
950 4053 1040 4119 llQui
1057 4052 1144 4109 etiam
1161 4053 1296 4109 auterens
1315 4054 1472 4111 maceriam
1488 4055 1645 4111 inimicitiae
1658 4057 1773 4112 ludeo·

120 4149 261 4205 llSexlum
281 4148 405 4221 gradum
421 4144 563 4209 meandit,
574 4146 651 4216 quod
671 4144 848 4201 omnimodis
866 4144 896 4199 in
951 4157 1017 4198 rum
1029 4145 1058 4198 et
1068 4141 1283 4213 gentirrm,lecit
1295 4147 1419 4215 utraque
1430 4143 1460 4198 in
1472 4144 1668 4214 credentibus,
1681 4160 1773 4201 uuum

93 4224 198 4295 baiae
209 4238 370 4302 conlidens,
385 4251 437 4292 uec
451 4234 641 4309 prosperitate
652 4232 915 4290 malcrumhcmi-·
951 4231 1028 4311 quod
1045 4233 1107 4285 crat
1122 4235 1189 4286 ante
1204 4229 1330 4287 divisum
1347 4231 1454 4304 (liplres.
1471 4233 1514 4306 a).

87 4328 148 4410 Dum
162 4327 270 4382 titubat
285 4326 314 4381 iu
329 4325 387 4381 ilde
400 4324 437 4381 de
454 4327 529 4380 Deo:
543 4323 593 4380 sed
605 4322 671 4378 fixis
680 4322 832 4395 gressibus
844 4322 899 4378 iter
1179 4363 1280 4403 ORATIO
1295 4364 1329 4403 m
1345 4365 1424 4405 Μ,
1439 4366 1548 4405 cmm

84 4415 113 4465 ¹11
127 4413 212 4470 altum
225 4412 514 4479 continuat.HSion,
527 4411 554 4467 id
567 4416 612 4468 est
624 4409 899 4484 speculatio:signi-
1207 4462 1212 4473 ,
1357 4464 1386 4476 ,,
1437 4465 1442 4476 ,
1591 4465 1596 4476 ,

80 4491 146 4559 qm
159 4507 289 4561 motam
304 4500 430 4559 3180er
433 4518 462 4557 m
477 4500 730 4573 congregationem
757 4500 786 4556 in
801 4499 898 4555 affim-
990 4460 1115 4535 Depelle,
1131 4462 1263 4562 Domine,
1276 4469 1422 4536 nequibas
1435 4470 1662 4540 insurgentium,
1672 4483 1689 4522 a
1701 4468 1779 4522 sorte

76 4578 146 4646 dine
157 4597 271 4649 contem
294 4587 412 4647 lunonis
451 4588 556 4645 mitam
584 4586 669 4644 Mons
683 4542 775 4658 0υὲῑᾶ
796 4586 899 4642 Dame-
914 4519 940 4584 ⁰
951 4551 1119 4623 justorum:
1138 4556 1170 4606 ut
1185 4568 1236 4623 qur
1253 4571 1281 4607 ιιι
1297 4558 1324 4609 le
1340 4559 1400 4610 toto
1415 4555 1501 4611 corde
1514 4555 1675 4621 confidunt,
1689 4554 1779 4612 nullis

74 4607 299 4747 pemmominups
314 4605 449 4736 Christug
460 4678 540 4749 (Dan.
555 4630 587 4747 ¹⁹1)
602 4692 609 4733 ε
620 4676 672 4748 qui
684 4675 713 4731 in
727 4692 794 4732 eum
810 4678 901 4731 totam
955 4638 1148 4694 tentationum
1173 4639 1318 4697 imbribus
1343 4643 1522 4714 quatiantur.
1545 4645 1598 4700 Per
1620 4642 1779 4701 Dominum

76 4768 160 4835 ,Μ
175 4767 267 4842 ponit.
289 4783 347 4823 non
365 4765 595 4822 commovebitur
609 4766 638 4820 in
657 4768 798 4821 aewmum
813 4779 819 4817 :
832 4763 903 4836 quia
956 4731 1089 4782 nostrum
1103 4727 1206 4784 lesum
1221 4729 1368 4786 Christum
1384 4730 1489 4799 filium,
1504 4736 1559 4788 etc.

77 4855 237 4913 eccamis
260 4855 387 4913 efficitur
409 4853 523 4927 corpori
552 4852 650 4927 gloriar
671 4851 827 4909 Christill
850 4850 902 4907 llic
1223 4887 1387 4946 PSALMUS
1411 4889 1503 4946 CXXV

81 4945 195 5017 usqae
210 4943 403 5014 Hierusalem,
410 4941 558 4999 caelestem
569 4957 635 4998 esse
646 4942 772 5015 patriam
783 4940 904 4997 adverti·
1506 4932 1512 4944 '

84 5033 233 5108 mulque
242 5032 371 5091 estuisio
381 5031 473 5105 pacis)
483 5031 520 5087 de
533 5046 593 5103 qua
608 5029 708 5087 nullus
723 5033 819 5102 potest
828 5045 905 5086 ccm-

86 5119 188 5179 'unveri
202 5123 254 5196 qui
270 5120 378 5179 meruit
394 5120 424 5175 iu
439 5135 474 5177 ea
488 5119 637 5176 constitui.
995 5117 1211 5174 GSaactissimi
1229 5120 1281 5173 viri
1307 5119 1422 5176 Domini
1447 5121 1633 5179 miseratione
1656 5121 1783 5193 liberati,

109 5198 125 5250 2
151 5211 250 5269 danus
264 5213 295 5267 in
306 5210 426 5267 circuita
439 5209 499 5280 ejus
512 5225 524 5264 :
538 5214 564 5265 et
580 5210 714 5265 Doniaau
738 5209 769 5263 in
787 5209 907 5264 circuita
960 5206 1072 5281 gratias
1087 5212 1197 5280 egunt:
1213 5209 1290 5280 quod
1306 5210 1341 5265 rte
1357 5209 1539 5266 obnoxietate
1550 5211 1713 5269 saevissima
1722 5228 1787 5286 pec·

182 5301 282 5375 popule¹
294 5301 349 5359 eui.
961 5301 1104 5366 catorum,
1119 5296 1148 5351 in
1173 5300 1283 5353 tantam
1309 5300 1433 5372 gratiam
1458 5306 1529 5356 sunt
1548 5302 1667 5376 recepti,
1685 5308 1717 5359 ut
1739 5303 1787 5358 ia-

151 5393 193 5446 lts
206 5391 257 5447 boc
270 5406 345 5447 nuere
359 5395 384 5445 et
398 5403 483 5461 usqne
498 5388 530 5442 in
542 5387 685 5446 malain.
961 5391 1006 5442 ter
1031 5390 1132 5458 gentas
1159 5387 1352 5458 probarentur
1378 5405 1443 5446 esse
1470 5388 1633 5447 laudabiles
1654 5408 1661 5446 z
1686 5391 1788 5464 depre-

118 5468 200 5559 ‚⁰3³⁰
215 5477 296 5536 enim
316 5477 526 5551 montes,viros
539 5478 656 5532 sanctos
669 5475 825 5546 designant
837 5490 844 5528 z
857 5472 909 5546 qui
963 5478 1063 5531 rantes
1079 5478 1112 5530 ut
1125 5476 1276 5546 captivitas
1299 5493 1400 5534 eorum
1420 5482 1636 5535 converteretur
1660 5477 1690 5534 iu
1713 5495 1787 5551 gau·

91 5535 265 5626 11¹trusalem
279 5565 361 5626 illam
371 5565 519 5625 caelestem
534 5564 710 5623 inhabitant.
722 5563 910 5621 Etltominus
964 5563 1056 5621 dium.
1326 5581 1328 5585 ¹

1177 5011 1376 5052 ARGUMENTUM
1392 5013 1468 5053 l’SAL.
1484 5013 1566 5053 CXXV.
