3884 6084
115 238 174 304 etr
575 238 607 301 S.
631 236 812 301 ODILONlS
835 235 1120 299 CLUh'lAGENSlS
1143 234 1309 297 lunaris
1330 234 1368 296 V.
1769 231 1823 298 ult

117 367 257 447 spiritalis
285 368 444 447 suggestio.
472 366 605 428 Hiecum
629 373 706 428 esset
730 385 764 425 ex
793 367 940 441 prioribus
956 374 983 442 Α
999 368 1174 425 Procedente
1197 366 1328 442 pueritia
1351 371 1492 441 tempore,
1515 363 1652 424 addictus
1666 367 1714 422 est
1735 365 1821 424 ecclc·

117 460 325 519 cluniensibus
340 460 501 529 monachis,
518 461 683 533 etejusdem
693 459 862 515 monasterii
875 476 946 532 prae·
999 457 1126 514 siastieis
1140 458 1255 527 studiis,
1273 463 1304 514 ut
1319 457 1501 514 imbueretur
1512 455 1619 513 litteris
1635 454 1822 529 spiritalibus.

117 552 242 625 positus,
258 549 756 607 hisinvitatusutolficiumahbatiae
770 548 941 620 susciperet.
999 547 1131 620 Superno
1146 546 1236 619 igitur
1252 551 1324 603 nutu
1340 547 1473 602 etdivina
1483 544 1667 619 providentia
1679 549 1823 604 actumeat

120 641 170 697 sed
187 639 291 708 noluit,
308 640 380 712 quia
393 655 509 711 semper
521 637 588 712 plus
603 636 719 693 obedire
734 653 823 708 quam
845 636 943 709 praeci-
1000 640 1032 690 ut
1047 640 1105 690 tom
1116 636 1423 708 bonmspeipuertunc
1438 637 1468 690 in
1478 633 1711 690 diviuisactibus
1721 634 1822 695 arctius

118 733 228 803 pereat
243 728 337 801 magis
353 729 476 785 subesse
492 745 580 799 quam
596 742 720 799 praesse
735 725 835 781 voluit.
860 725 946 781 Putat
1000 724 1130 780 intentus
1145 729 1232 790 esset,
1249 730 1282 780 ut
1296 729 1389 780 totum
1406 723 1608 780 adolescentia
1623 727 1746 796 tempus
1766 724 1821 782 siue

121 834 168 875 me
183 816 291 891 aliquis
308 816 427 874 forsitan
443 817 608 889 desipuisse
617 815 723 871 idcirco
739 814 819 887 quia,
834 813 945 870 eumde
1001 812 1127 885 periculo
1144 814 1288 870 castitatis
1304 814 1488 888 transigeret,
1504 818 1534 869 et
1548 812 1591 868 ita
1607 812 1719 868 lactum
1734 817 1819 884 estut,

118 907 202 963 heato
218 907 323 963 Maiulo
338 907 524 979 disponerem
541 905 677 973 seribere,
689 905 725 961 de
742 903 945 978 superioribus
1001 920 1052 975 per
1067 907 1160 959 totum
1174 903 1237 957 vitae
1253 921 1312 958 suae
1327 903 1455 976 spatium
1472 904 1562 959 decus
1587 902 1617 957 in
1631 918 1754 974 corpore
1774 920 1820 960 suo

120 1012 166 1053 me
181 999 264 1052 tauta
278 993 402 1068 contigit
416 993 553 1050 edixisse.
578 995 640 1051 Non
657 995 736 1050 enim
761 995 827 1066 quis
848 992 947 1049 credat
1001 990 1137 1046 retineret
1151 991 1324 1064 virgineum.
1340 991 1538 1064 lui'enilijam
1549 991 1727 1046 imminente
1735 995 1819 1063 atate,

119 1084 242 1142 fortuitu
257 1084 410 1151 accidisse,
426 1071 477 1139 sed
492 1083 527 1139 de
543 1083 689 1138 industria
703 1083 820 1155 provide
836 1083 944 1138 laelium
1001 1079 1105 1136 altiora
1117 1085 1146 1136 et
1160 1081 1272 1153 potiora
1287 1081 1316 1135 in
1328 1080 1443 1148 divinis,
1454 1079 1604 1137 acrioraiu
1614 1078 1757 1136 humanis
1766 1086 1821 1138 stu·

120 1190 194 1230 ease.
212 1173 359 1246 Quidquid
385 1172 463 1228 enim
481 1172 510 1226 in
534 1173 735 1245 superioribus
750 1173 785 1227 de
805 1172 896 1244 justis
918 1176 947 1226 et
1002 1169 1058 1225 diis
1074 1173 1102 1225 et
1117 1169 1251 1243 graviora
1267 1187 1323 1225 non
1339 1168 1455 1225 distulit
1478 1172 1635 1235 altentare,
1652 1172 1683 1224 et
1699 1169 1761 1226 ideo
1778 1186 1821 1243 per

120 1261 231 1319 sanetis
246 1261 416 1319 homiuibus
431 1261 570 1328 diximus,
588 1261 782 1317 totumiuisto
797 1260 833 1317 de
844 1257 947 1332 quolo·
1003 1261 1156 1330 utramque
1172 1259 1347 1315 exercitatus
1373 1258 1536 1315 doctrinam
1550 1274 1609 1314 non
1636 1257 1738 1313 timuit
1750 1275 1821 1316 acea·

120 1351 171 1424 qui
181 1351 329 1418 volumus,
345 1348 388 1406 vel
404 1349 537 1422 pleniter,
552 1349 595 1405 vel
603 1366 638 1405 ex
652 1354 848 1423 mugnuparte
859 1349 947 1405 redo·
1002 1347 1069 1403 dere
1084 1347 1312 1420 Lugdunensem
1321 1347 1445 1404 adaram
1462 1348 1528 1420 (39).
1541 1346 1656 1403 Deinde
1672 1346 1820 1419 apudlsaua

120 1438 181 1496 lere
197 1438 396 1513 cognovimus.
1003 1436 1104 1492 urbem
1122 1436 1463 1509 philosophiaeuutriccm
1476 1440 1636 1492 etmatrem
1650 1436 1719 1510 (lu),
1731 1440 1819 1510 atqua

158 1527 224 1583 Fuit
239 1527 283 1583 vir
298 1528 362 1595 iste,
378 1528 567 1583 beatissimus
591 1532 672 1601 puter
688 1532 787 1584 noster
812 1527 946 1593 Maiolus,
1002 1525 1093 1580 tutius
1106 1524 1216 1594 Gallius,
1231 1542 1265 1581 ex
1280 1525 1402 1597 antiquo
1417 1542 1498 1581 more
1508 1522 1817 1596 eteoclesiaslicojure,

123 1613 260 1688 praeclaro
275 1619 429 1671 stemmate
445 1619 526 1671 ortus
548 1633 581 1671 ae
606 1615 754 1672 nubilibus
777 1616 947 1688 parentibus
1002 1630 1059 1668 non
1075 1612 1815 1686 immeritoretineretarcem(ll),Autonium,virutu

123 1702 255 1778 pervigili
271 1721 342 1760 eura
356 1704 392 1760 ab
408 1705 471 1777 ipsa
486 1704 609 1761 infantia
632 1705 768 1762 nobiliter
789 1704 945 1761 enutritus.
1001 1701 1148 1758 eruditum
1165 1701 1815 1775 etprudcutem,inliberalibusstudiiahahara

777 1803 932 1860 ANDRLAE
950 1800 1091 1856 CHESNll
1110 1800 1227 1856 NOTAE.

122 1893 241 1946 sanetus
257 1889 340 1946 Odiln
355 1890 499 1956 menimit,
514 1892 705 1948 aestimandus
721 1891 768 1958 sit,
792 1909 859 1948 eum
875 1893 944 1947 suh·
959 1891 984 1957 Β
1000 1888 1029 1943 S.
1047 1888 1178 1944 Odilonis
1203 1890 1270 1945 dem
1294 1893 1333 1956 to,
1349 1895 1378 1947 et
1403 1890 1493 1947 attero
1518 1891 1617 1947 adhuc
1642 1890 1771 1961 ejusdem
1790 1889 1812 1946 in

117 1961 226 2044 jungat
240 1977 307 2016 eum
325 1983 339 2010 u
353 1978 387 2017 ex
402 1961 766 2034 prioribusCluniensibus
782 1963 943 2031 monachis,
999 1958 1066 2014 Vita
1081 1965 1189 2015 sancta
1204 1907 1373 2017 Adulireldls
1389 1962 1595 2035 imperatricis,
1620 1962 1700 2034 quod
1721 1960 1816 2019 sich&

66 2041 67 2044 ’
122 2032 297 2102 eteJusdem
314 2033 946 2106 monasteriipraepositum,bisiuvilatumut
1002 2033 1059 2086 bot:
1078 2055 1090 2079 o
1109 2031 1811 2106 Exsultahatbugdunus,philosophiaquundau

122 2103 252 2159 ol'lluium
268 2103 390 2159 abbatiae
402 2105 630 2176 susciperet,sed
642 2107 780 2171 noluisse,
796 2105 946 2176 quiasem·
1003 2107 1097 2157 malet
1110 2109 1139 2157 el
1154 2104 1262 2168 nulrit.
1280 2105 1350 2159 urbs
1374 2104 1492 2178 inclyta·
1515 2128 1528 2155 e
1544 2106 1721 2176 Quanquam
1743 2102 1810 2176 ¹⁰¹¹&

122 2189 174 2246 per
185 2173 251 2247 plus
266 2175 383 2231 obedire
395 2193 485 2247 quam
499 2177 652 2249 precipere
667 2181 695 2232 et
711 2177 805 2249 magis
824 2178 946 2235 subesse
1002 2177 1077 2245 pust,
1090 2173 1168 2244 juris
1185 2182 1213 2228 et
1228 2174 1322 2230 civilis
1338 2180 1366 2232 et
1380 2177 1512 2232 canonici
1538 2175 1716 2232 lectionibus
1738 2176 1808 2231 luisse

123 2262 213 2317 quam
229 2262 352 2318 praesse
363 2246 945 2321 veluerit.»Abtldouisuamquetempore
1000 2243 1143 2300 celebrem
1159 2245 1345 2302 diffitendum
1362 2265 1418 2303 non
1440 2252 1494 2313 est,
1509 2248 1580 2303 visis
1606 2247 1653 2303 his
1678 2245 1807 2302 sententia

182 2331 218 2371 ue
232 2317 269 2372 sd
285 2316 755 2375 MaiolumabbatiaCluniaoensis
766 2321 944 2387 hisvaeavit‚
1001 2332 1127 2386 quorum
1144 2317 1322 2373 arbitrorum
1339 2335 1368 2373 tn
1394 2320 1573 2374 1uouusterio
1587 2323 1618 2374 S.
1642 2316 1806 2373 Germanllt

1001 2387 1095 2442 Pratis
1120 2404 1197 2442 anno
1215 2391 1283 2443 1200
1293 2389 1365 2445 dola
1374 2390 1485 2446 verbis:
1498 2391 1591 2446 «Item
1603 2407 1670 2445 cum
1685 2387 1803 2445 invenire·

124 2333 159 2372 us

122 2332 274 2470 etgdouis
300 2386 411 2444 scilieet
435 2388 527 2460 ipsius
554 2395 582 2445 et
605 2390 741 2473 Aymardi
767 2392 945 2475 successoris

123 2461 946 2602 tttl⁰lhtbit⁰.tthllttttltlltd'l‘l:

28 2649 30 2653 .
123 2601 292 2656 debr-annus
307 2601 362 2656 suit
374 2605 403 2658 et
418 2602 580 2658 monachus
601 2610 629 2658 et
644 2604 723 2675 prior
746 2603 946 2662 cluniacensis

32 2701 41 2719 κ
123 2672 179 2727 sub
195 2675 296 2729 saneto
311 2672 431 2747 llugone
446 2674 561 2740 abbate,
577 2674 613 2730 de
628 2692 685 2747 quo
702 2674 846 2731 nosalias.
864 2677 947 2733 Nune

123 2742 197 2799 satis
212 2743 267 2799 erit
283 2744 389 2800 addere
404 2745 483 2817 quod
499 2762 573 2800 anon
598 2763 663 2802 mus
678 2746 825 2801 Silviniori
845 2764 946 2804 mona-

122 2814 197 2869 chus
211 2814 253 2870 ait
268 2815 297 2870 in
313 2815 378 2895 llita
393 2816 486 2871 saneti
503 2763 609 2882 Maluit,
627 2834 689 2889 cap.
705 2819 804 2888 5,quia
817 2818 947 2876 luculen-

123 2889 167 2939 ter
182 2883 261 2940 hune
276 2885 408 2943 Odrlouis
424 2887 520 2943 locum
536 2887 682 2944 illustrare
693 2889 815 2944 videtur.
833 2914 846 2940 u
865 2895 945 2947 Mun-

122 2954 202 3024 dani,
219 2956 442 3029 inquit,urbitr·ii
455 2959 945 3033 dirniltensamplumetspatiusum

123 3027 212 3093 viam,
224 3045 256 3083 se
271 3029 325 3084 sub
341 3029 395 3085 levi
407 3031 480 3103 jugo
495 3030 600 3086 Christi
616 3031 800 3096 constrinxit,
815 3036 844 3088 et
855 3035 946 3089 moni·

124 3099 203 3155 tione
218 3104 247 3156 et
261 3100 460 3158 exhortatione
471 3103 570 3158 domui
582 3119 615 3158 ac
631 3102 843 3171 religiosissimi
855 3106 946 3176 patris

125 3170 325 3237 hildebranni,
337 3171 536 3229 cluniacensis
552 3175 721 3229 monasterii
747 3176 861 3246 prioris,
884 3194 946 3234 mo·

125 3241 251 3297 naehilis
267 3242 459 3298 districtionis
473 3244 568 3299 nobile
584 3244 784 3315 magisterium
803 3249 948 3319 expetivit.

124 3312 177 3376 Qui
195 3313 293 3385 ipsum
328 3317 422 3369 utrem
438 3313 576 3370 lllaiolum
591 3332 690 3371 seeum
708 3332 759 3388 per
771 3316 946 3380 multosdies

124 3383 154 3438 in
167 3382 274 3440 Christi
322 3383 412 3439 omini
438 3385 588 3440 servitium
613 3387 762 3457 enutriens
785 3390 945 3460 perfeetum

124 3453 264 3510 athletam
279 3453 329 3510 Dei
344 3454 473 3526 protulit.
488 3477 501 3505 »ι

160 3524 217 3594 (39)
234 3525 363 3581 amedera
377 3526 584 3597 laudunensem
598 3527 633 3581 ud
643 3545 731 3583 arom.
744 3531 874 3597 Augusto
891 3534 946 3588 im-

122 3596 249 3668 peratori
261 3596 424 3652 dedicatam
442 3597 586 3669 Lugduni,
602 3598 678 3653 lulio
693 3601 829 3665 Antonio.
855 3604 945 3663 Fabiu

123 3665 258 3722 Africano
273 3683 360 3722 coss..
377 3672 408 3722 ut
421 3669 700 3723 netutSuetouiusin
711 3670 831 3728 Claudio
842 3681 943 3745 capt:

123 3737 164 3792 De
178 3754 237 3808 qua
251 3742 280 3794 et
295 3736 407 3804 Florus,
425 3737 473 3794 lib.
491 3756 537 3794 111:
555 3763 567 3788 o
584 3742 649 3802 Ara,
668 3742 773 3813 inquit,
788 3744 891 3802 Caesari
908 3749 944 3804 ud

122 3808 317 3865 confluentem
333 3809 432 3865 Araris
447 3815 475 3864 nt
491 3811 622 3866 Rhodani
644 3812 784 3880 dedicata,
811 3819 944 3874 sacerdo-

122 3883 209 3950 teque
224 3885 319 3937 create
334 3879 363 3936 C.
381 3880 457 3937 lulio
476 3881 674 3939 Verecundato
700 3884 799 3953 liubin,
823 3888 941 3944 urruns

122 3950 410 4018 susurrantium:
437 3954 557 4009 «Adest
578 3972 629 4009 ara
647 3955 797 4027 dignitatis
821 3961 943 4030 eximiae,

121 4022 252 4095 gentium
270 4041 304 4078 ux
319 4023 945 4098 numero,inscriptumhahenstilulum,ea·

120 4109 246 4166 rumque
260 4094 944 4176 singulariumslatuaunu;aliasubindeingcus

120 4163 215 4221 locata
228 4170 273 4222 est
287 4183 348 4223 ara.
366 4189 380 4216 »
391 4168 432 4222 Ad
442 4167 620 4222 haucautem
629 4185 708 4223 aram
716 4169 846 4244 Caligula
858 4171 943 4231 ludus

120 4236 266 4294 miscellos
280 4237 381 4304 edidit,
399 4238 491 4311 inquit
505 4238 582 4295 idem
593 4239 750 4296 Suetonius
762 4241 792 4296 in
803 4243 941 4317 Caligula,

119 4323 183 4379 cap.
199 4311 243 4365 20.
261 4331 276 4360 o
292 4310 486 4365 decertamus
512 4318 629 4382 quoque
649 4320 752 4366 israuca
777 4314 942 4388 Latinaeque

119 4379 272 4435 facundiae.
288 4380 350 4444 Quo
363 4381 522 4436 certamine
536 4381 632 4436 leruut
648 4382 806 4440 victoribus
824 4389 943 4458 praemia

118 4449 209 4504 victos
224 4451 394 4515 contulisse,
409 4453 578 4507 eorrrmdem
600 4457 628 4507 et
644 4452 744 4509 laudes
769 4472 942 4529 componere

118 4524 244 4577 coactos.
259 4523 313 4577 Les
326 4527 421 4577 autem
435 4523 484 4594 qui
500 4524 944 4596 maximedisplicuissentscri-

117 4595 168 4662 pta
182 4608 238 4648 sua
251 4592 374 4667 spongia
389 4591 524 4667 linguave
539 4595 754 4665 delerejussos‚
771 4597 826 4653 nisi
839 4600 941 4659 scrulis

117 4662 266 4736 objurgari
283 4667 333 4720 aut
348 4664 469 4721 flumine
483 4665 613 4738 proximo
630 4668 913 4740 mergimaluissent.
928 4695 942 4724 a

117 4732 199 4790 Unde
213 4735 302 4792 etium
318 4734 467 4793 luvenalis
482 4743 579 4810 satyra
591 4739 620 4793 l:

148 4851 247 4901 Palleat
262 4856 290 4903 ul
305 4852 385 4902 nudis
400 4854 498 4917 pressit
511 4853 557 4917 qui
573 4853 687 4902 calcibus
701 4868 826 4916 anguem,

147 4914 199 4963 llrrt
213 4914 419 4980 Lugdunensem
432 4917 523 4967 rhetor
538 4916 658 4966 dicturus
671 4916 704 4966 ud
718 4931 799 4966 ururu.

151 5019 207 5090 (40)
222 5021 240 5075 l
281 5021 384 5079 ditono
394 5025 488 5080 urbem
502 5022 682 5095 philosophice
696 5027 830 5079 erectricem
840 5029 866 5080 et
878 5043 938 5082 mu-

113 5092 192 5145 lrem.
208 5096 243 5149 Su
267 5093 378 5150 olavum
391 5093 630 5166 Lugdunensium
644 5093 848 5166 antiquitatem
867 5097 938 5153 satis

111 5165 309 5229 commendat,
325 5166 483 5237 etquodait
499 5166 619 5227 Plinius.
632 5166 716 5237 epist.
726 5165 776 5220 lib.
793 5182 831 5221 aa·
842 5192 854 5216 o
865 5168 939 5252 Lug·

111 5232 182 5313 duni
200 5234 374 5306 bibliopolas
388 5253 453 5292 esse
469 5254 524 5292 uon
542 5236 697 5309 putabam·
711 5259 725 5286 u
740 5239 855 5309 etquod
867 5256 938 5295 sorr·

111 5303 153 5357 brt
168 5306 314 5385 ausonius
330 5305 359 5361 in
376 5307 536 5377 gratiarum
546 5309 660 5365 actione
672 5325 723 5380 pro
735 5309 887 5365 consulatu
901 5312 935 5366 nd

108 5379 298 5431 ttratranum:
316 5400 329 5426 u
342 5378 492 5441 Quomodo
503 5380 637 5435 Titianus
650 5379 797 5449 magister,
812 5382 936 5438 muniui-

111 5445 204 5526 palum
222 5445 351 5502 scholam
369 5449 444 5518 apud
469 5451 673 5506 Vesnrrtionem
700 5448 936 5524 Lugdunumque

109 5518 257 5580 variando,
267 5520 554 5591 nerrmtatequidem,
572 5525 621 5578 soil
631 5522 739 5577 vilitate
747 5525 909 5578 rrernscnuit.
920 5548 934 5575 o

109 5587 164 5643 Sed
184 5588 211 5642 in
228 5606 262 5645 eu
277 5589 468 5663 philosophia
489 5593 620 5649 studium
646 5593 782 5666 viguisse,
800 5594 934 5664 nullum,

110 5658 187 5732 quod
203 5661 306 5730 seiam,
331 5659 417 5719 ullibi
442 5663 598 5737 vestigium
622 5664 776 5736 reperitur,
801 5666 856 5724 hoc
876 5684 934 5725 unu

999 2475 1067 2514 mus
1081 2458 1257 2515 discordiam
1273 2477 1337 2516 esse
1351 2460 1689 2543 interarchiepiscopum
1704 2464 1733 2515 et
1744 2459 1801 2531 capi·
1840 2459 1842 2477 '

1001 2530 1095 2585 tulum
1112 2532 1307 2601 supradictos.
1319 2533 1513 2614 superdanda
1528 2533 1648 2588 licentra
1659 2532 1801 2588 doctorbu

1000 2601 1095 2674 legere
1110 2601 1275 2657 volentibus
1297 2602 1459 2659 incivitate
1483 2605 1522 2660 Lu
1547 2605 1630 2671 duni,
1647 2603 1676 2657 in
1695 2603 1757 2673 iure
1766 2617 1798 2657 u·

1002 2671 1106 2798 39⁰³&
1123 2672 1170 2797 velt
1189 2673 1277 2742 civili,
1304 2675 1472 2746 prodictam
1498 2621 1692 2732 diffinivimus
1714 2673 1797 2730 discor

1023 2761 1092 2798 rans.
1111 2761 1195 2798 uer.

1037 2817 1092 2886 (ll)
1109 2816 1273 2883 Quoetotius
1298 2817 1441 2874 Galilaeae
1470 2819 1585 2891 uultque
1614 2813 1795 2874 mereunt

1000 2888 1111 2942 sioalira
1121 2887 1186 2956 jure
1201 2891 1329 2943 retineret
1340 2905 1440 2943 arcun.
1454 2889 1534 2944 Patet
1546 2887 1666 2944 hincvel
1683 2905 1736 2944 nou
1746 2885 1800 2941 adet

1002 2974 1108 3012 novum
1124 2976 1195 3024 esse,
1212 2959 1416 3031 sicutquidam
1424 2967 1569 3026 asserunt,
1580 2958 1735 3016 Ecclesiam
1743 2957 1794 3028 Lug·

1001 3029 1162 3084 dunensem
1179 3029 1363 3086 intoromnes
1373 3030 1687 3087 Galliarumllcclesias
1700 3030 1794 3104 primun

1001 3117 1065 3155 esse
1079 3105 1108 3155 et
1124 3099 1267 3172 primatus
1282 3102 1391 3157 honore
1406 3103 1533 3175 gaudere
1555 3103 1638 3167 Quod
1651 3107 1681 3158 et
1695 3098 1795 3156 insinuat

1001 3172 1109 3242 optimc
1123 3171 1297 3228 (luillelmus
1313 3174 1391 3229 Brito
1404 3191 1471 3229 cum
1487 3174 1528 3228 ait
1543 3173 1571 3228 in
1593 3172 1758 3246 Philippide:

965 3260 986 3325 C
1050 3289 1081 3337 Et
1096 3287 1289 3351 Lugdunensis.
1306 3302 1360 3352 quio
1374 3287 1454 3338 (tallia
1470 3291 1526 3339 toto
1541 3288 1655 3349 solebat,

1046 3352 1079 3401 Ut
1094 3350 1164 3400 lamo
1178 3356 1227 3407 est,
1243 3351 1356 3413 primate
1370 3352 1434 3414 regi.

1036 3458 1205 3528 grcdcrious
1218 3456 1296 3520 item,
1309 3457 1506 3512 Romanorum
1518 3451 1795 3580 imperataeiudigtu-

1001 3536 1077 3583 mute
1092 3529 1159 3583 dato
1175 3529 1230 3583 sub
1241 3546 1351 3583 anuum
1362 3528 1747 3584 [lominicarincaruationisl
1762 3525 1794 3580 st.

1001 3623 1014 3649 u
1033 3600 1212 3666 Venientem,
1229 3599 1334 3671 inquit,
1351 3601 1386 3655 ad
1398 3601 1651 3656 curiamnostram
1662 3598 1796 3668 ssdialvg

1000 3670 1151 3732 dunensis,
1169 3688 1231 3741 quae
1248 3670 1376 3742 antiquie
1392 3671 1585 3741 temporibus,
1602 3671 1644 3727 vel
1670 3667 1796 3753 gentilium

1000 3741 1103 3814 primis
1118 3741 1308 3807 Fluminibus,
1325 3741 1367 3797 vel
1382 3741 1484 3824 primis
1499 3741 1795 3813 legisdoctorrhus,aa·

999 3813 1069 3868 teris
1084 3813 1250 3867 civilatibus
1273 3813 1489 3884 praeminebat,
1507 3831 1586 3869 urrrro
1612 3820 1709 3869 aulem
1724 3809 1797 3867 diviua

999 3883 1137 3953 religione
1152 3893 1181 3939 et
1196 3883 1339 3955 imperiali
1350 3884 1665 3957 magnificentialatius
1680 3880 1795 3957 prasii&

999 3961 1028 4010 et
1043 3955 1117 4010 iuter
1132 3971 1234 4011 omnes
1254 3955 1397 4011 Ecclesiae
1422 3955 1584 4012 Galliarum
1608 3957 1704 4030 prima
1726 3951 1798 4012 salal

999 4026 1291 4098 primatusdignitale
1299 4027 1458 4098 perfulget,
1471 4025 1619 4083 Eraclium
1632 4025 1797 4099 amnicum

1000 4097 1796 4170 pnmetprimatemdebitolrounrificentiasuacepimus·

999 4169 1079 4225 Unde
1094 4174 1120 4222 et
1137 4169 1239 4223 Petrus
1255 4169 1316 4239 ipse
1331 4168 1522 4231 Venerabilis.
1538 4169 1630 4239 hujus
1645 4166 1743 4224 Eraclii
1755 4165 1796 4219 hs·
1815 4196 1822 4215 ·

996 4246 1050 4307 ter,
1068 4241 1103 4295 ud
1122 4239 1237 4295 Petrum
1254 4239 1490 4312 archipraesulem
1507 4241 1732 4314 Lugdunensem
1744 4251 1795 4293 sen·

998 4312 1080 4376 bens,
1097 4310 1221 4383 epistola
1234 4316 1269 4366 2..
1280 4311 1329 4366 lib.
1347 4329 1376 4376 u,
1393 4311 1464 4366 dicit
1479 4328 1545 4366 eum
1563 4335 1577 4362 α
1593 4312 1624 4367 in
1639 4305 1795 4367 suentisiu-

997 4383 1090 4438 alesia
1106 4382 1224 4454 specula
1239 4400 1256 4437 a
1272 4390 1327 4437 heo
1339 4382 1487 4451 collatum,
1498 4383 1574 4438 inter
1589 4381 1794 4455 dueesspin'tas

996 4453 1033 4509 lis
1050 4453 1140 4526 prelii
1156 4456 1359 4514 constitutum.
1385 4471 1438 4510 nec
1466 4457 1583 4511 tantum
1607 4452 1740 4528 episcopi,
1756 4445 1793 4505 sul

997 4525 1140 4598 primatis,
1157 4524 1200 4580 vel
1217 4524 1388 4597 patriarche
1405 4525 1522 4581 nomine
1546 4525 1733 4652 insignitum:
1751 4520 1794 4575 inu

997 4602 1025 4652 et
1039 4597 1235 4652 ecclesiastica
1250 4595 1391 4667 dignitate
1406 4597 1606 4652 omnihusGal
1622 4589 1793 4653 icanisdntlt·

997 4668 1050 4724 siis
1064 4668 1252 4739 superiorem.
1271 4689 1285 4716 u
1312 4669 1369 4722 lloe
1391 4673 1488 4722 autem
1515 4667 1660 4740 primatus
1682 4669 1793 4742 doeustf

998 4740 1137 4795 beneficio
1167 4738 1364 4794 Ronrunorum
1395 4737 1566 4811 pontificum
1592 4738 1793 4812 archiepiscope

998 4810 1243 4883 Lugdunensibus
1268 4808 1417 4865 indultum
1438 4809 1623 4866 confirmavit
1645 4798 1792 4869 Crhauuall

995 4882 1056 4936 suis
1072 4882 1105 4937 ad
1124 4881 1273 4954 Hugonem
1290 4880 1542 4953 archiepiscopum
1556 4874 1795 4954 litteris,quihusat

993 4951 1209 5009 contentionem
1226 4952 1380 5008 inteream
1394 4952 1605 5009 etliieherium
1621 4953 1791 5010 Senoncnuo

994 5023 1247 5096 arehiepiscopum
1259 5022 1549 5096 superilladignitate
1557 5023 1790 5097 diutiosagiutuu

994 5095 1167 5150 terminavit.
1186 5094 1358 5150 Litterarum
1376 5094 1492 5150 initium
1506 5100 1561 5151 est.
1581 5095 1790 5161 «enarratu

992 5183 1099 5238 scopus
1114 5183 1213 5222 servus
1229 5183 1378 5222 sorvorum
1391 5165 1617 5230 llei,venerabili
1629 5166 1707 5224 tratri
1717 5163 1789 5220 lluuv·

993 5255 1020 5292 nv
1037 5237 1223 5320 Lugdunensi
1241 5236 1458 5308 archiepiscopo
1474 5237 1593 5310 primati
1608 5239 1727 5311 ejusque
1738 5242 1789 5288 sut·
1840 5298 1842 5311 Ι

991 5309 1157 5364 cessorrhus
1173 5309 1310 5364 canonice
1326 5309 1531 5380 promovendis
1547 5309 1577 5365 in
1599 5312 1789 5382 perpetuum-⁸
1840 5328 1842 5359 :

992 5381 1024 5434 lit
1040 5381 1117 5436 circa
1133 5382 1220 5435 finem
1237 5381 1291 5436 nit:
1311 5405 1321 5429 ι
1342 5380 1440 5449 ltaque
1456 5381 1547 5436 suffra
1588 5380 1662 5445 usia,
1678 5397 1724 5454 qur
1736 5386 1790 5458 pr&

991 5456 1088 5507 sentes
1099 5453 1230 5519 viderant,
1245 5452 1420 5507 sententiam
1430 5458 1531 5508 nostra
1565 5447 1791 5523 ebitahumihlatt

990 5523 1220 5594 srrscipientibns
1237 5542 1269 5578 ac
1288 5523 1482 5579 obedientiam
1509 5525 1750 5597 promittentibus.
1762 5528 1792 5571 ⁵¹⁰

989 5595 1108 5650 tandem
1126 5595 1330 5666 Lugdunensis
1342 5594 1473 5652 lleclesiae
1485 5595 1792 5669 quereladiotorusu·

990 5670 1097 5724 nuente
1113 5666 1235 5722 Domino
1246 5666 1403 5723 terminata
1412 5672 1466 5724 est.
1478 5667 1532 5726 Per
1541 5672 1716 5743 praesentem
1725 5663 1795 5740 igilur
