3884 6084
107 244 189 312 ctat

591 246 643 313 ou
664 248 785 314 vania
806 242 949 315 PSALM.
967 244 1023 313 -u'l
1045 244 1164 316 canu.
1186 246 1338 317 noum.

1738 256 1817 323 ilat
1856 301 1861 309 -

112 383 403 456 *gatimmntima
421 382 607 441 stetiticsus
622 383 652 438 in
680 382 787 453 medio,
811 387 841 440 ct
858 382 940 440 unu
953 385 981 450 Α
1031 380 1141 439 donem
1157 398 1263 455 meam,
1278 389 1306 441 et
1331 390 1467 443 converte
1494 385 1607 445 luctum
1637 393 1769 448 nostrum
1788 393 1818 449 in

108 487 213 632 §.citii
222 472 385 636 gamugni.
402 564 429 632 5.
440 566 479 619 lo
494 564 653 636 conspectu
667 558 742 635 agni
755 561 857 618 amicti
869 562 940 618 sant

146 648 230 706 stolis
245 649 331 717 albis,
346 655 376 707 et
390 651 494 724 palma
509 651 539 707 in
555 651 692 707 manibus
712 667 824 708 eorum.
841 649 937 707 blodo.

108 754 142 830 ἢ.
158 755 198 815 De
225 774 275 814 ore
303 757 466 831 prudentis.
496 759 523 827 5.
549 757 699 833 Sapientia
727 758 885 831 requiescit
909 757 939 815 in

146 845 234 904 corde
248 848 324 920 ejus,
340 850 369 903 et
380 847 536 919 prudentia
550 845 580 903 in
595 847 818 919 sermone-ejus.
835 847 938 903 l'avus.

109 955 143 1025 ἢ.
160 953 288 1012 Locutus
304 956 357 1010 est.
375 952 402 1023 5.
419 955 452 1010 ut
465 953 586 1012 sustulit
597 954 682 1010 mein
698 953 804 1028 spiritu
820 953 850 1010 in
861 970 942 1012 mon·

147 1045 208 1100 tam
225 1058 365 1116 magnum
376 1047 404 1100 et
418 1042 522 1101 altum.
543 1040 578 1099 nt
591 1038 662 1099 vidi.

110 1152 144 1222 ἢ.
160 1149 285 1207 licceat
299 1148 493 1207 Hierusalem.
511 1150 538 1218 5.
554 1149 645 1205 Porta
659 1148 723 1220 ejus
734 1165 792 1205 non
808 1149 943 1207 clauden-

149 1243 197 1295 tur
210 1254 263 1312 per
276 1239 372 1324 diem3
389 1238 540 1296 nonenim
557 1255 615 1294 non
632 1237 687 1295 erit
701 1236 732 1294 in
748 1254 791 1295 ea.
807 1241 838 1307 0.

111 1348 144 1418 ἢ.
159 1346 222 1402 Non
237 1346 438 1403 conturbetur.
451 1347 477 1415 5.
494 1346 553 1419 ligo
563 1345 671 1419 rogabo
681 1345 839 1415 Patrem,et
850 1346 941 1403 aliurn

150 1433 332 1493 annotatum
343 1434 425 1491 dabit
439 1433 531 1490 vobis.
549 1433 592 1492 ut.

111 1545 146 1615 Q.
162 1542 337 1617 Priusquam
352 1546 390 1599 te.
408 1543 434 1609 5.
450 1541 536 1599 Posui
551 1541 640 1598 rerba
650 1558 716 1599 mea
730 1541 760 1598 in
775 1557 825 1599 ora
839 1545 899 1599 tuo.
909 1542 943 1598 nt

113 1636 329 1791 affinem
352 1720 478 1778 Domini.
504 1723 531 1789 5.
556 1721 608 1777 llic
631 1725 677 1776 est
700 1721 779 1777 anim
801 1721 944 1794 propheta

149 1813 180 1867 ot
193 1809 352 1883 plusquam
363 1809 516 1883 propheta,
532 1808 610 1866 sicut
620 1808 752 1867 Salvator
767 1810 817 1868 ait.
832 1811 906 1867 Non.

114 1912 148 1989 ἡ.
162 1914 239 1973 Puer
252 1930 348 1986 maus,
366 1918 392 1986 5.
410 1914 725 1972 Liberabotedemnnu
737 1916 945 1991 pessimorum,

150 2008 181 2063 ei
193 2016 297 2063 eruam
311 2008 339 2063 te
354 2005 389 2063 de
406 2020 495 2062 manu
509 2005 639 2062 fortium.

115 2113 147 2182 ἢ.
163 2110 186 2170 0
201 2110 373 2188 Hyppolyte,
389 2111 414 2169 ei
430 2113 534 2169 credie.
550 2113 577 2182 5.
591 2112 621 2168 Si
636 2110 733 2178 dictis,
749 2110 854 2185 inquil,
872 2110 948 2168 iacta

152 2203 449 2276 compensas,iaciam
466 2202 545 2275 quod
561 2199 750 2271 hortaris,cui
761 2201 863 2257 beatus
876 2202 946 2257 Lau·

152 2291 266 2349 tentius
283 2291 365 2348 dixit.
383 2292 427 2347 Et.

117 2380 149 2451 Q.
167 2378 219 2437 liic
233 2384 279 2437 est
292 2381 347 2438 vir.
362 2382 389 2450 5.
405 2379 592 2436 strinxerunt
606 2377 736 2452 eorporis
751 2379 884 2434 membra
900 2395 947 2448 po·

152 2468 210 2527 sita
223 2469 254 2525 in
265 2468 414 2538 oraticula,
440 2467 668 2541 subjicientibus
692 2484 802 2542 prunas
825 2466 948 2524 insultat

153 2557 242 2615 levita
256 2558 374 2614 Christi.
391 2559 423 2623 0.

117 2644 149 2718 ἢ.
167 2650 200 2704 ln
212 2648 370 2720 conspectu
386 2645 527 2720 gentium.
546 2647 573 2716 5.
589 2645 710 2702 Cantate
721 2644 946 2702 Dominocanti-

154 2750 225 2794 'oum
240 2753 360 2806 novum,
377 2736 450 2792 bene
466 2734 581 2808 psallite
597 2735 624 2792 ei
635 2735 663 2790 in
677 2733 862 2806 jubilatione.
878 2734 911 2790 Α.

120 2844 150 2912 ri.
167 2842 191 2899 0
205 2841 323 2899 beatum
337 2842 444 2898 virum.
458 2843 484 2914 5.
501 2842 600 2898 Oculis
614 2858 647 2898 ac
658 2840 832 2897 manibusin
842 2839 947 2896 ooelum

154 2946 272 3005 semper
285 2931 427 2998 intentus,
443 2931 584 2987 invictum
600 2931 636 2987 ab
653 2930 783 2987 oratione
806 2929 944 3004 spiritum

122 3090 127 3099 Ι
154 3037 213 3078 non
228 3021 386 3077 relaxabat.
403 3021 435 3086 0.

1031 470 1184 544 gaudium.

992 558 1022 630 d.
1039 558 1172 633 spemin
1187 560 1289 620 alium.
1306 565 1333 633 5.
1352 562 1480 633 domine,
1497 562 1574 623 Deus
1589 567 1654 624 coeli
1678 573 1707 626 et
1725 575 1819 640 terra,

1026 648 1137 722 respice
1152 651 1188 707 ad
1202 652 1400 711 bumilitatem
1415 658 1555 711 nostram.
1573 658 1604 722 0.

996 736 1026 809 d.
1043 739 1107 793 'lua
1121 743 1166 795 est
1179 742 1320 814 potentia.
1333 744 1360 825 5.
1381 743 1499 800 Creator
1513 745 1644 803 omnium
1660 746 1748 818 Deus,
1762 752 1820 806 ter·

1032 825 1127 883 ribilis
1140 832 1169 884 et
1183 829 1278 902 sortis,
1287 830 1388 902 justus
1400 835 1430 887 et
1444 832 1619 890 misericors.

995 933 1025 1001 ἡ.
1042 934 1097 1000 Tu,
1113 933 1235 992 Domine
1257 938 1470 995 universorum.
1493 940 1520 1010 5.
1538 941 1592 1009 Tu,
1620 942 1749 1014 Domina,
1763 946 1821 1002 -oui

1032 1020 1192 1079 humilium
1213 1028 1243 1081 at
1266 1030 1486 1084 mansuetorum
1513 1028 1623 1102 placuit
1643 1030 1820 1105 deprecatio.
1925 1016 1932 1029 “

998 1195 1234 1297 ii.·1iisrumpam
1249 1202 1376 1261 vinnula.
1390 1205 1417 1273 5.
1434 1205 1571 1264 Revertar
1583 1208 1621 1265 ad
1640 1208 1822 1270 Hierusalem

1031 1302 1062 1340 rn
1073 1288 1285 1358 misericordia,
1294 1292 1400 1349 domus
1409 1310 1474 1350 mea
1486 1295 1678 1355 aedificabitur
1687 1299 1718 1356 in
1727 1316 1772 1358 ea.
1787 1301 1820 1359 ll.

997 1392 1027 1461 q.
1041 1390 1124 1451 bluro
1138 1399 1188 1451 tuo
1203 1396 1299 1472 inexp.
1315 1400 1342 1467 5.
1359 1400 1434 1456 llrue
1448 1417 1502 1458 nos
1517 1402 1546 1458 in
1563 1404 1748 1464 mirabilibus
1762 1408 1823 1464 tuis

1033 1487 1060 1537 el
1073 1481 1111 1539 da
1125 1483 1249 1557 gloriam
1266 1487 1378 1544 nomini
1393 1493 1453 1544 tuo.
1470 1489 1584 1548 Libera.

996 1585 1027 1657 ἢ.
1044 1578 1195 1647 Civitatem
1210 1592 1308 1650 istam.
1325 1595 1352 1663 5.
1363 1590 1823 1669 Avertaturiurortuusdlomlno,

1033 1693 1049 1731 a
1064 1674 1171 1752 populo
1187 1686 1237 1738 tuo
1252 1685 1281 1738 et
1295 1698 1312 1738 a
1327 1683 1443 1740 civitate
1458 1688 1560 1742 sancta
1575 1692 1635 1744 tua.
1651 1686 1773 1746 Exaudi.

959 1757 1028 1854 1315.
1047 1783 1100 1847 Qui
1117 1784 1256 1843 coelorum
1272 1789 1413 1845 contines.
1441 1792 1468 1861 5.
1492 1788 1555 1848 Non
1582 1793 1660 1850 enim
1679 1794 1824 1868 justilloa·

1037 1871 1165 1930 tionibus
1181 1876 1289 1932 nostris
1306 1878 1521 1950 prosternimus
1530 1898 1631 1955 preces
1645 1884 1825 1943 antaiaciem

1035 1964 1129 2033 luam,
1145 1965 1195 2021 sed
1211 1962 1241 2020 in
1256 1966 1495 2027 miserationibus
1510 1971 1569 2027 tuis
1586 1971 1824 2033 multisllxaudi.
1907 1990 1909 1995 '

998 2126 1001 2131 ,
1037 2069 1080 2125 13.
1093 2073 1172 2127 Inter
1183 2071 1245 2128 hac
1255 2072 1407 2131 sciendum
1424 2075 1504 2148 quia,
1520 2076 1575 2133 etsi
1587 2078 1708 2151 quidam
1722 2098 1827 2138 versus

1001 2173 1069 2212 curn
1084 2159 1147 2216 suis
1162 2162 1356 2235 responsoriis
1371 2165 1558 2235 conveniunt,
1573 2183 1608 2223 ex
1623 2166 1715 2225 nimia
1727 2174 1826 2229 tamen

1001 2245 1184 2316 assiduitate,
1207 2267 1266 2323 qua
1293 2252 1400 2325 sapius
1425 2259 1586 2326 ponuntur,
1609 2257 1827 2330 quodammodo

1000 2333 1153 2404 vilescunt,
1169 2342 1199 2393 et
1214 2339 1365 2395 fastidium
1381 2340 1528 2414 ingerunt,
1554 2343 1632 2399 siout
1646 2350 1716 2403 sunt
1732 2364 1739 2403 ε
1756 2352 1828 2405 oco

1002 2440 1020 2478 u
1034 2425 1137 2481 libano
1146 2428 1235 2482 ueniet
1243 2446 1256 2493 ,·
1269 2429 1362 2485 aeolis
1374 2436 1436 2486 ortu
1446 2451 1456 2497 ,·
1467 2433 1516 2503 qui
1527 2433 1706 2506 repulerat,
1724 2435 1826 2493 multi·

1000 2526 1059 2583 qne
1070 2511 1273 2584 hujuscemodi
1278 2514 1370 2574 .Unde
1379 2525 1407 2574 et
1418 2534 1535 2575 noanon
1547 2520 1644 2578 solum
1653 2537 1704 2579 eos
1713 2538 1826 2592 versus,

1002 2614 1077 2671 quos
1091 2600 1122 2656 in
1137 2604 1387 2661 emendatioribus
1402 2605 1624 2678 antiphonariis
1639 2609 1769 2667 invenire
1779 2626 1828 2685 pc-

1000 2688 1341 2757 tuimus,emandalionis
1356 2708 1445 2749 causa
1457 2694 1723 2765 posuimus,vcrum
1738 2689 1827 2755 eiiam

1002 2775 1076 2832 alios
1100 2793 1152 2849 pro
1176 2779 1377 2852 superioribus
1400 2782 1513 2838 novitm
1535 2783 1668 2843 conditos
1687 2786 1827 2844 adnotsr‘o

1002 2864 1180 2923 curavimus.
1198 2867 1249 2924 lile
1263 2884 1376 2936 vorsus,
1392 2870 1443 2942 qui
1460 2871 1496 2928 ad
1511 2870 1585 2929 illud
1607 2875 1826 2947 responsorium

1003 2953 1137 3026 partinet,
1153 2956 1230 3028 quod
1247 2958 1276 3013 in
1290 2957 1387 3014 sudore
1401 2960 1493 3016 vuitus
1516 2946 1562 3017 tui
1580 2961 1704 3031 canitur,
1720 2963 1770 3037 qui
1785 2963 1827 3020 ita

1002 3042 1117 3099 orditur
1140 3047 1177 3111 §.z
1200 3050 1256 3101 Pro
1269 3061 1300 3102 eo
1322 3045 1394 3120 quod
1415 3047 1530 3106 notuisti
1557 3051 1617 3106 uoci
1638 3053 1734 3109 neom
1759 3058 1825 3125 tua,

116 3111 156 3183 ἢ·
168 3109 294 3168 θ’ῧθθῑᾶ
304 3110 427 3168 emilia·
443 3112 469 3180 l·
488 3113 575 3168 3⁰³1&
590 3129 621 3168 0³
635 3111 717 3185 virgo
731 3117 761 3167 ei
774 3108 985 3195 8¹⁰li⁰⁸⁸20²0
1004 3131 1124 3203 quidam
1140 3137 1261 3191 cantant
1272 3135 1418 3208 ptmquum
1432 3153 1492 3206 me;
1509 3153 1576 3194 cum
1593 3138 1701 3197 rectius
1712 3140 1829 3198 dicatur
1904 3200 1909 3209 ,

151 3199 323 3257 benedictus
339 3214 435 3257 sermo
451 3200 510 3256 oris
520 3201 573 3256 tui.
588 3199 666 3264 Qua.

118 3308 147 3377 ἢ.
161 3306 397 3381 lirgogloriosa.
415 3309 440 3377 5.
459 3306 560 3362 Cilicio
574 3306 688 3362 Caciiia
702 3307 835 3363 membra
849 3307 948 3363 doma·

151 3396 212 3464 bat,
226 3397 318 3454 Deum
334 3396 494 3470 gemitibus
507 3396 654 3452 exorabat.
666 3397 714 3454 lit.

120 3503 150 3571 Q.
165 3493 268 3559 (ittam
281 3501 405 3558 Cacilia.
422 3503 448 3571 5.
464 3503 522 3559 lion
538 3502 632 3558 diebus
644 3516 732 3573 neque
757 3517 851 3574 usque
873 3487 946 3557 diui·

149 3592 206 3647 ru’a.
223 3592 403 3648 Tiburtium.

116 3678 147 3749 ἢ.
164 3677 254 3736 Beata
267 3677 390 3735 Caecilia.
408 3680 434 3748 5.
459 3677 540 3735 Sicut
558 3678 637 3734 onim
653 3692 737 3734 amor
752 3677 802 3734 Dei
827 3678 946 3734 tratrem

149 3771 237 3825 tuum
254 3766 325 3823 mibi
355 3768 510 3840 conjugem
535 3767 612 3835 icolt,
637 3766 679 3823 iia
701 3770 730 3824 ta
749 3766 822 3823 mibi
838 3783 944 3839 cogna-

151 3860 229 3912 tum.
245 3856 279 3920 Q.

113 3944 145 4015 ἢ.
162 3940 278 4000 (lucilio
292 3942 445 4000 meminit.
462 3945 489 4013 5.
506 3943 659 4001 Inveniens
682 3942 856 4001 Valerianus
875 3960 946 4017 pau·

150 4048 239 4106 peres
253 4032 328 4089 dixit
343 4050 349 4089 :
365 4028 518 4090 ostendite
532 4032 607 4088 mihi
622 4036 759 4089 sanetum
781 4032 944 4091 Urbanum.

109 4122 143 4193 ἡ.
159 4121 266 4178 Dilexit
279 4122 435 4178 andream.
451 4123 479 4192 5.
495 4120 588 4194 lilegit
603 4137 671 4179 eum
690 4121 832 4178 Dominus
847 4127 876 4178 ct
891 4121 944 4179 bo·

146 4212 269 4266 minim
284 4208 353 4267 iecit
363 4210 457 4266 illurn.
474 4209 577 4276 Ouum.

111 4318 144 4387 Q.
160 4308 469 4386 Exaudisti,liomine.
486 4318 512 4385 5.
529 4317 662 4386 Domine,
678 4316 728 4390 qui
744 4316 875 4374 custodis
889 4332 944 4390 pa*-

150 4410 233 4462 otum
248 4409 277 4463 et
289 4405 520 4463 misericordiam
535 4406 628 4462 servis
639 4406 709 4476 tuis,
726 4406 776 4479 qui
791 4405 945 4463 ambulant

149 4510 249 4552 coram
264 4496 294 4551 te
307 4493 337 4550 i'n
354 4496 413 4550 tote
427 4494 513 4551 corde
529 4510 594 4550 suo.
612 4494 682 4552 Ben.

114 4601 144 4672 ἡ.
159 4600 298 4671 Domine,
312 4601 522 4658 si‘oonvcrsu's.
539 4600 566 4671 5.
583 4601 612 4656 si
628 4601 790 4674 peccaverit
805 4603 835 4658 in
850 4604 878 4659 te
893 4619 944 4676 po-

148 4689 324 4763 puius't'uus
339 4694 368 4746 ct
383 4698 546 4747 conversus
553 4689 646 4764 egerit
666 4690 878 4764 paonitentiam,
894 4706 943 4748 vo·

147 4779 231 4836 niens
246 4779 373 4836 oraverit
388 4777 419 4834 in
435 4777 498 4834 ioco
512 4776 580 4834 isto.
598 4777 661 4834 Lib.

114 4885 144 4956 ἡ.
161 4884 282 4943 Initium
298 4883 458 4958 sapientiae.
475 4886 502 4954 5.
518 4884 639 4941 Dilectio
654 4874 735 4942 illius
750 4885 885 4945 custodia
902 4885 942 4943 le

132 4990 223 5057 gum
237 4978 293 5042 est,
319 4973 389 5046 quia
412 4972 510 5030 omnis
534 4973 680 5046 sapientia
703 4973 792 5031 timor
814 4973 942 5032 Domini.

148 5061 260 5118 Lauda.

114 5151 144 5223 i.
161 5151 243 5220 Peto,
259 5150 390 5241 Domine.
409 5153 435 5221 5.
458 5146 565 5207 Omnia
575 5149 688 5224 judicia
702 5154 754 5208 tua
768 5151 850 5224 justa
864 5155 942 5217 sunt,

122 5297 126 5301 .
147 5243 179 5298 oi
192 5256 295 5297 omnes
309 5237 434 5297 victua
450 5238 652 5297 misericordia
666 5244 695 5296 et
709 5241 827 5298 veritas.
844 5240 879 5297 N.

112 5347 143 5417 ἡ.
159 5347 292 5420 'l'ompus
304 5350 360 5404 ast.
373 5348 399 5417 5.
416 5346 582 5404 benedicite
593 5351 697 5416 boum,
712 5345 787 5403 coeli.
802 5351 831 5403 et
843 5363 943 5403 coram

138 5435 287 5507 ‚omnibus
299 5436 465 5512 viventibus
480 5435 663 5493 comitemini
679 5435 716 5493 ei.
732 5436 776 5492 lit.

110 5544 143 5620 ἡ.
160 5543 293 5616 Domine,
308 5560 358 5602 ren
371 5542 721 5621 omnipotensbdlxaudi,
733 5542 865 5615 Domine,
877 5559 942 5603 ora·-

999 3220 1148 3294 piucquam
1160 3222 1273 3292 meae,id
1288 3228 1333 3281 est
1346 3225 1441 3298 magis
1454 3226 1575 3283 deberes
1590 3240 1660 3283 mea
1674 3229 1736 3285 voci
1753 3229 1825 3287 obe·

1001 3307 1164 3381 direquam
1188 3312 1250 3368 voci
1275 3313 1375 3369 uxoris
1398 3317 1465 3369 ture.
1487 3313 1538 3370 lile
1562 3330 1664 3372 versus
1680 3333 1687 3373 :
1703 3318 1825 3391 Cumque

1000 3396 1111 3454 obiisse
1124 3399 1219 3455 lirim
1233 3399 1269 3455 od
1292 3410 1406 3473 puteum
1429 3411 1455 3458 et
1477 3418 1533 3459 eron
1555 3404 1702 3462 inumbret
1718 3421 1824 3475 eum

1001 3485 1177 3557 quibusdam
1193 3489 1362 3546 modulatur
1380 3507 1386 3547 :
1403 3488 1552 3564 Scirataqae
1567 3494 1699 3563 uestitum
1709 3495 1822 3568 sedqsc

1000 3575 1167 3647 conjunctio
1179 3576 1220 3632 ibi
1243 3579 1394 3652 superflua
1416 3584 1471 3648 est,
1487 3585 1516 3636 et
1537 3580 1632 3656 magis
1651 3582 1825 3657 regulariter

1000 3662 1109 3720 dicitur
1124 3681 1131 3722 :
1146 3665 1377 3726 transvectione
1391 3685 1503 3741 pergem
1518 3670 1740 3744 nonacensis.

1036 3754 1137 3811 ltestat
1151 3755 1247 3812 adbuc
1263 3773 1356 3813 unum
1371 3758 1682 3833 responsorium,quo·d
1699 3761 1771 3818 mibi
1784 3761 1823 3818 vi·
1878 3776 1882 3783 ’

999 3843 1085 3900 detur
1099 3856 1157 3901 non
1170 3846 1500 3919 'pratereundumquod
1511 3846 1610 3904 taliter
1616 3849 1720 3922 incipit
1735 3854 1823 3908 :Dum

998 3930 1186 3988 deambularet
1199 3934 1331 3989 Dominus
1344 3935 1373 3989 ia
1385 3934 1536 4006 wadiam
1547 3936 1593 3990 oui
1603 3952 1705 3994 versus
1716 3955 1823 4013 suppo·

999 4019 1080 4075 nitur
1095 4036 1102 4076 :
1117 4021 1240 4087 omnine,
1264 4021 1361 4077 audiui
1384 4022 1512 4078 aeduum
1534 4031 1613 4080 taum
1635 4033 1663 4081 et
1679 4027 1770 4083 timui.
1786 4029 1823 4084 at

998 4106 1169 4180 adjungitur
1190 4109 1268 4181 quod
1295 4109 1325 4164 in
1350 4110 1485 4167 llabccuo
1507 4111 1650 4185 propheta
1672 4105 1820 4171 babetura
1901 4174 1905 4181 ,

999 4195 1176 4253 θοηεῑὼναυι·
1193 4212 1275 4270 opero
1300 4206 1348 4255 mo
1370 4207 1397 4255 ct
1419 4201 1528 4273 erponi,
1549 4216 1619 4259 cum
1641 4201 1751 4261 rectim
1770 4202 1823 4261 ills

997 4286 1085 4345 dictio
1099 4287 1338 4359 subsequeretur,
1354 4302 1419 4361 qua
1432 4288 1463 4344 in
1477 4289 1581 4347 denen
1593 4289 1717 4366 legitur:
1733 4282 1823 4350 Domi·

995 4392 1040 4444 ne,
1056 4377 1153 4433 cadmi
1165 4377 1289 4433 auditum
1305 4381 1383 4434 mum
1396 4386 1423 4435 et
1441 4380 1524 4435 timui
1537 4394 1567 4436 eo
1581 4379 1653 4452 quod
1677 4369 1767 4437 sudus
1780 4396 1822 4438 es·

957 4495 980 4561 ὓ
996 4482 1063 4535 um,
1076 4471 1103 4522 at
1116 4465 1246 4523 abscondi
1260 4482 1311 4522 me.
1323 4465 1380 4523 Nec
1395 4469 1630 4541 pratereundum
1646 4470 1725 4543 quod
1743 4470 1822 4527 Deus

998 4555 1146 4628 porditum
1161 4554 1354 4611 hominemad
1365 4572 1467 4612 auram
1478 4561 1545 4629 post
1553 4558 1707 4617 meridiem
1719 4559 1823 4633 quasi·

997 4644 1039 4701 vit
1052 4661 1086 4700 ao
1100 4644 1214 4700 nudum
1229 4642 1381 4717 reperitln
1396 4645 1519 4702 meridie
1529 4646 1602 4704 solet
1612 4647 1656 4704 eol
1666 4647 1822 4705 ferventior

997 4751 1073 4802 esee,
1089 4738 1119 4790 et
1133 4733 1322 4806 postmodum
1348 4732 1498 4791 insuram
1519 4735 1676 4792 declinare.
1704 4734 1821 4795 Primus

998 4824 1086 4880 bomo
1101 4840 1119 4879 a
1133 4823 1243 4878 lervova
1262 4821 1338 4879 Solis
1361 4823 1485 4894 justitia
1508 4823 1624 4891 deiecit,
1647 4822 1766 4896 quando
1790 4824 1820 4881 in
1881 4858 1886 4868 .

998 4928 1096 4970 amore
1108 4910 1345 4968 mediterranea
1361 4910 1458 4979 stetin
1473 4912 1510 4968 ad
1521 4922 1624 4968 auram
1643 4916 1711 4985 post
1733 4913 1821 4970 meri·

997 5002 1074 5060 diem
1089 4998 1255 5066 declinavit,
1271 5000 1388 5073 quando
1404 5000 1434 5056 in
1456 4999 1584 5073 pertidia
1607 5000 1724 5074 culpam
1750 5001 1820 5058 ruit.

999 5090 1055 5149 Sed
1071 5106 1124 5146 nos
1138 5088 1237 5145 divino
1250 5105 1350 5145 amoro
1364 5089 1519 5157 servantes,
1533 5105 1649 5162 semper
1669 5093 1748 5148 veste
1769 5107 1822 5149 nu·

999 5178 1080 5254 ptiali
1094 5178 1190 5235 induti
1202 5177 1536 5244 incedentes,anlestem
1549 5179 1696 5251 Sponsum
1707 5194 1820 5252 quera·-

998 5285 1065 5325 mus
1078 5267 1109 5325 in
1124 5267 1257 5337 meridie,
1273 5267 1402 5324 dicentes
1413 5284 1481 5324 cum
1494 5280 1604 5341 sponsa
1620 5285 1627 5326 :
1640 5268 1735 5327 ludim
1748 5268 1821 5326 milti

997 5372 1077 5431 quem
1090 5357 1184 5427 dilicit
1207 5358 1302 5412 anime
1324 5372 1395 5413 meo.
1422 5358 1474 5416 ilbi
1494 5372 1601 5432 pmooa,
1623 5360 1675 5416 abi
1695 5360 1776 5417 robes
1789 5361 1820 5416 ia

996 5448 1123 5515 meida,
1147 5450 1294 5519 quomens
1316 5446 1348 5505 in
1371 5448 1483 5506 fervore
1509 5450 1635 5524 gemina
1654 5449 1820 5508 dilectionis

997 5540 1161 5608 manentes,
1177 5550 1293 5613 semper
1306 5553 1374 5596 oum
1395 5537 1510 5599 christo
1535 5539 1670 5601 latemur
1687 5541 1818 5603 ovantes·
