3884 6084
39 306 47 315 ,
114 255 173 321 sse

570 257 604 318 s.
627 250 824 316 sunnonis
846 250 1157 327 uansrronunsrs
1179 222 1370 315 crisconi.

1766 246 1831 311 340

114 393 135 451 t
187 385 942 465 Aecpittueolanteindie:anegotiopercmbulcnte
954 385 983 453 A
998 383 1034 443 {2
1068 387 1101 444 ln
1114 387 1243 445 omnibus
1253 387 1405 461 portabunt
1419 388 1470 444 te‘:

224 479 399 537 intenebris
416 494 423 535 :

190 569 228 626 Ao
243 569 362 626 incursu
376 577 404 625 et
417 568 554 626 manento
569 568 747 626 meridiano.

1068 477 1107 545 Ne
1120 479 1190 550 sorte
1204 477 1328 553 offendas
1344 476 1379 533 ad
1394 475 1515 549 lapidem
1528 473 1623 548 pedem
1637 480 1726 531 mum.

1034 565 1110 623 GNe
1124 566 1301 633 offendas,id
1315 571 1370 637 est,
1380 582 1417 622 ne
1427 563 1458 620 in
1473 563 1568 638 legem
1583 580 1648 637 que
1661 563 1692 620 in
1702 561 1830 637 lapideis

155 657 301 732 usagium
315 656 417 714 volans
431 673 483 730 per
497 658 574 715 diem
592 675 598 714 :
616 656 771 714 manifeste
786 659 831 712 est
844 670 944 728 perse·
997 652 1107 711 tabulis
1123 653 1231 727 scripte
1245 654 1410 722 videbatur,
1426 652 1589 709 incurreret
1604 669 1611 708 :
1637 651 1688 726 qui
1707 656 1832 710 venemt

121 747 200 805 cutio
214 751 414 821 tyrannorum.
431 746 585 819 Negotium
597 747 627 803 in
642 744 795 803 tenebris:
821 759 944 817 pravum
998 746 1102 816 gentes
1123 743 1217 816 legem
1239 747 1268 799 et
1290 741 1488 816 evangelicam
1517 741 1682 799 doctrinam
1707 741 1832 799 edeam

121 836 253 895 studium
264 851 366 892 eorum
379 834 520 909 intellige.
536 835 718 892 Daemonium
735 833 943 891 meridianum:
1000 831 1159 904 (baninu),
1175 831 1205 886 id
1221 836 1276 899 est,
1291 848 1328 887 ne
1343 831 1436 888 solvat
1451 830 1555 905 legem,
1571 830 1621 887 sed
1638 829 1773 905 impleat.
1810 852 1813 857 ¹

120 923 285 999 periculum
300 923 529 992 menimumest,
549 925 658 981 fervore
675 921 882 997 persecutionis
896 938 946 979 ac·
1001 922 1035 977 13
1070 920 1158 994 Super
1172 920 1294 994 aspidem
1308 926 1336 978 et
1350 919 1702 978 basiliscumcmbulabis:

121 1011 312 1082 censum,ubi
327 1011 414 1070 ruina
429 1013 603 1087 plerumque
619 1013 769 1081 metuitur,
777 1012 894 1085 quando
902 1011 946 1067 in·
1079 1013 1152 1082 ÷Et
1173 1017 1180 1077 ζ
1201 1011 1373 1067 conculcabis
1388 1010 1494 1067 leonem
1507 1013 1535 1068 et
1548 1009 1705 1066 draconem

120 1101 246 1160 ilrmitss
256 1101 387 1160 humane
397 1101 770 1174 superstaniluinaautsm
780 1104 857 1158 certe
869 1100 948 1158 diota
1036 1099 1144 1156 CNam
1159 1099 1217 1156 ista
1231 1098 1351 1156 nomina
1374 1097 1491 1156 diabolo
1514 1103 1662 1172 aptantur.
1680 1099 1771 1173 Aspis
1785 1104 1834 1157 est

121 1194 176 1262 est,
193 1190 279 1264 qussi
293 1195 427 1265 repetens
440 1190 511 1248 ima.
1001 1189 1090 1258 enim,
1101 1190 1172 1246 dum
1185 1188 1296 1247 occulte
1310 1189 1452 1263 percutit:
1468 1188 1635 1257 basiliscus,
1649 1205 1718 1245 cum
1731 1187 1832 1261 palam

119 1298 139 1353 7
192 1296 948 1356 mamereguomgptgggudpcemmgmaadex.
1000 1295 1111 1336 venena
1121 1277 1294 1336 disseminat
1309 1295 1317 1334 t
1334 1279 1391 1348 leo,
1407 1277 1479 1335 dum
1493 1277 1680 1352 persequitur
1694 1277 1835 1335 innocen·

230 1388 288 1444 mg
301 1389 362 1444 fug,
376 1404 384 1443 :
1000 1372 1060 1425 tes:
1074 1368 1171 1438 draco,
1182 1385 1250 1424 cum
1262 1367 1444 1443 negligentes
1457 1366 1549 1441 impia
1558 1366 1834 1440 voracitedeglutii.

194 1476 237 1533 Ag
250 1483 276 1534 ω
290 1481 391 1535 amm
404 1492 462 1534 ,m
476 1478 734 1551 appropinquabit,
1001 1455 1110 1514 Verum
1125 1456 1186 1515 hac
1201 1455 1311 1526 omnia,
1323 1456 1451 1531 glorioso
1466 1457 1594 1513 adventu
1607 1455 1737 1524 Domini,
1750 1455 1834 1533 pedi·

159 1564 181 1621 G
195 1563 275 1623 ldille
286 1565 402 1623 alatere
416 1565 481 1638 ejus
494 1565 564 1623 dicit
578 1583 698 1624 casuros
709 1582 716 1624 :
728 1567 764 1624 sb
775 1565 826 1623 illa
837 1565 949 1623 scilicet
1002 1547 1058 1602 ΜΒ
1074 1546 1166 1649 ῖΡθῑΠῆ
1181 1549 1328 1648 limittit&
1339 1546 1507 1646 l'flfflflffflliy

123 1653 504 1728 summitatejudicetionis,
520 1672 579 1728 quo
588 1654 766 1727 judicabunt
776 1654 869 1712 sancti
879 1670 947 1712 oum
1003 1636 1038 1691 ¹4
1075 1636 1210 1704 anwm
1225 1652 1255 1691 m
1265 1651 1310 1692 mi
1323 1641 1442 1737 ΜΨ
1456 1633 1580 1735 umbi
1591 1648 1679 1690 “lm-¹

123 1740 250 1809 Christo,
266 1745 300 1799 ut
312 1759 486 1801 assessores.
501 1743 545 1801 lili
566 1745 645 1801 enim
671 1744 739 1802 inde
763 1745 881 1812 cadunt,
898 1745 949 1818 qui
964 1758 989 1825 Β
1072 1726 1218 1795 mittam
1232 1741 1305 1791 tum,
1321 1740 1453 1824 (ΝΟΜ
1466 1729 1592 1824 “timim
1611 1737 1714 1825 ἰΜ
1728 1739 1832 1826 meum.

124 1828 202 1887 lalsa
215 1829 444 1904 presumptione
458 1830 532 1889 illud
548 1832 604 1889 sibi
619 1833 804 1906 promittunt.
814 1833 868 1889 sad
880 1848 949 1904 quo·
1039 1817 1060 1868 ⁰
1074 1813 1157 1915 Huni
1170 1830 1237 1917 ‘fibi'
1250 1813 1370 1914 {mitum
1385 1829 1492 1913 mil-nv
1509 1828 1559 1886 ΨΜ
1573 1811 1688 1913 ΨΜ
1702 1828 1734 1868 ¹¹²
1747 1812 1833 1886 adpu-

64 1972 66 1977 .
124 1917 206 1976 niam
222 1919 308 1992 pauci
322 1919 378 1977 hoc
393 1919 513 1990 iaciunt,
530 1921 595 1978 ideo
617 1920 728 1988 subdit,
744 1938 762 1978 a
776 1921 885 1978 dextris
900 1921 949 1979 de·
1003 1901 1830 2004 ²⁰l¹⁰fflilsslm¹sl¹b0l³i⁰1f¹⁶¹⁰¹i13q⁰⁰¹1¹flam⁸P⁰¹¹¹⁸¹¹⁸¹¹¹

124 2021 187 2064 cem
204 2005 298 2066 millia
313 2024 320 2066 :
338 2008 408 2082 quia
423 2008 508 2066 multi
522 2013 628 2082 putant
640 2026 671 2066 se
686 2010 722 2065 ad
735 2011 883 2067 dexteram
893 2008 951 2066 col·
1004 1991 1033 2048 1⁰
1050 1992 1543 2093 illm?WftPlO'PJP051J1320ffid00
1558 1994 1649 2091 ⁰t¹³f¹1
1664 1996 1829 2064 imminu!

124 2093 264 2155 locandos
283 2096 358 2154 salsa
372 2098 549 2170 opinatione,
562 2115 629 2154 cum
644 2098 700 2156 hoc
714 2099 744 2154 in
758 2100 821 2156 suis
836 2098 951 2155 meritis
1004 2082 1041 2138 “b
1054 2082 1192 2138 ⁰¹¹¹¹¹¹b¹¹⁸
1212 2082 1329 2139 ¹⁰⁸¹d¹¹S
1350 2079 1470 2137 dlflb0h·
1483 2083 1640 2155 ⁰⁰8¹¹⁰⁸⁰¹i
1654 2097 1764 2139 ”Omen
1779 2082 1829 2140 ΡΒ·

126 2199 185 2240 non
195 2183 332 2241 habeant.
343 2185 386 2241 Ad
396 2189 424 2242 te
435 2202 494 2243 nou
505 2187 761 2260 appropinquabit,
773 2185 952 2261 scilicetqui·
1004 2170 1068 2242 “ib
1085 2171 1135 2243 (issi
1151 2169 1508 2243 Filiumn⁰¹¹1nitatem
1524 2168 1669 2228 mmmm
1679 2170 1777 2228 PM·

126 2270 199 2329 libet
215 2272 266 2344 qui
282 2271 338 2330 sibi
350 2289 474 2347 regnum
489 2275 540 2332 llei
554 2275 697 2333 fallaciter
708 2276 908 2350 pollicebatur,
923 2280 952 2333 et

127 2359 164 2416 ad
180 2360 343 2418 remedium
357 2363 534 2434 penitentie
550 2381 607 2421 non
623 2366 773 2422 currebat:
787 2367 870 2439 ponit
884 2383 950 2423 vero

126 2463 180 2521 pro
195 2447 311 2507 infinito
323 2467 445 2508 numero
460 2469 615 2510 numerum
633 2453 759 2511 finitum.

124 2555 142 2610 8
198 2560 406 2615 Verumtamen
420 2557 517 2618 ocutis
529 2561 590 2616 tuis
604 2561 803 2619 considerabis
817 2581 828 2618 :

195 2648 229 2702 lit
244 2646 468 2704 retributionem
479 2659 666 2721 peccatorum
681 2651 806 2708 uidebis.

159 2731 293 2791 (loculis
307 2735 367 2791 tuis
384 2752 390 2792 :
407 2736 480 2793 dixit
492 2737 624 2794 divinum
650 2738 732 2796 illum
748 2746 949 2813 conspectum,

119 2838 182 2895 quo
192 2823 347 2881 hominum
362 2826 466 2883 merita
477 2826 719 2899 judicantur.llla
729 2828 808 2886 enim
819 2830 950 2888 conside

123 2910 210 2977 ratio,
228 2911 380 2970 retributio
395 2914 450 2970 erit
464 2915 647 2972 meritorum.
662 2917 792 2987 Videbis,
804 2919 833 2974 id
850 2923 895 2976 est
906 2919 947 2975 vi·

123 2999 292 3059 derilacies.
301 3000 431 3077 lllaergo
441 3003 613 3060 meritorum
623 3005 768 3078 injudicio
779 3006 829 3064 Ilei
839 3006 948 3065 discre-

122 3086 175 3156 tio,
190 3089 343 3147 oculorum
356 3091 406 3148 Dei
421 3092 616 3151 consideratio
629 3094 745 3163 dicitur.

124 3197 143 3250 9
195 3199 340 3268 Quoniam
354 3207 387 3256 tu
401 3216 440 3266 es,
456 3201 588 3268 Domine,
604 3218 669 3274 apes
682 3219 748 3260 mea

194 3285 379 3369 ditissimum
391 3290 519 3362 promisti
531 3289 681 3366 resupium
695 3301 787 3348 taum.

162 3373 339 3440 Conantem
354 3380 385 3432 tu
400 3393 442 3446 es,
459 3376 592 3448 Domine,
607 3396 673 3452 spes
697 3396 762 3437 mea
778 3398 784 3435 :
811 3381 881 3454 quis
903 3399 948 3439 re·

127 3465 266 3536 surgente
278 3462 414 3534 Domino,
430 3481 513 3539 spem
528 3467 728 3526 retributionis
737 3469 849 3542 reliqua
858 3488 949 3528 mern-

126 3551 180 3608 bra
191 3555 394 3625 perceperunt.
409 3553 518 3611 Verum
534 3555 624 3612 etiam
648 3557 787 3615 Dominus
807 3559 947 3630 Salvator,

124 3639 216 3714 perid
226 3642 305 3713 quod
316 3646 450 3699 mortuus
461 3646 515 3712 est,
526 3644 673 3718 refugium
684 3650 946 3708 suumnosciturin

122 3727 274 3787 Altissimo
286 3728 432 3802 posuisse,
447 3731 525 3788 unde
539 3733 643 3790 merito
666 3734 794 3793 Ecclesia
815 3740 948 3812 sequitur

122 3818 188 3890 ejus
202 3817 380 3893 exemplum,
395 3836 464 3877 cum
488 3821 544 3878 sibi
560 3822 704 3897 refugium
721 3841 844 3899 ponens,
858 3844 946 3902 quem

121 3903 170 3963 ille
184 3906 297 3964 habuit.

123 4013 157 4071 10
193 4016 257 4071 stou
270 4016 391 4073 accedet
405 4017 448 4074 ad
461 4016 643 4075 temetum:

175 4101 943 4181 tttflaqeltmnnanappropinquobdtabernceutotuo.

157 4191 418 4252 Gbicetchristus
442 4212 459 4251 a
479 4195 589 4254 ludaeis
615 4198 743 4256 convicia
766 4201 943 4276 pertulisset,

119 4282 218 4338 tamen
234 4281 307 4338 nihil
323 4283 392 4340 mali
408 4284 521 4358 corpori
532 4302 586 4342 suo
596 4286 831 4361 appropinquare
841 4290 942 4350 valuit.

120 4367 261 4426 llicenim
278 4370 426 4445 flagellum
441 4373 570 4446 positum
583 4379 637 4444 est,
649 4378 726 4449 quod
742 4377 942 4439 delictscasti·

9 4510 12 4515 ,
118 4459 180 4539 gat,
197 4455 254 4514 tale
275 4457 391 4517 Christo
415 4476 473 4517 non
500 4463 745 4537 appropinquavit
761 4483 768 4522 ε
785 4469 856 4541 quia
871 4469 943 4528 nihil

117 4545 323 4620 castigandum
333 4552 362 4604 et
372 4548 579 4622 flagellandum
590 4551 944 4633 habuitundebypellnge

116 4635 254 4707 eettquis
264 4634 327 4710 ipse
338 4635 416 4693 malo
427 4641 478 4694 aut
488 4638 603 4712 flagello
614 4657 671 4696 non
683 4643 941 4718 appropinquavit:

115 4740 180 4798 qna
195 4723 318 4783 scientia
331 4725 362 4782 in
375 4724 472 4783 littera
488 4727 593 4801 psalmi
618 4731 740 4788 vertitur
755 4749 762 4788 :
780 4732 941 4810 Flagellum

115 4830 233 4889 quoque
249 4831 302 4889 pro
316 4832 403 4890 opere
418 4815 532 4890 flagello
549 4817 637 4892 digno
653 4820 780 4892 ponitur.

117 4922 148 4979 ll
186 4924 332 4993 Quoniam
346 4922 464 4996 anpeiia
485 4927 586 4991 ÷suis
603 4943 609 4983 :
627 4928 779 4985 mandauit
793 4931 830 4989 de
844 4937 873 4989 te
894 4939 901 5000 ζ
930 4955 940 4991 .·

189 5010 222 5068 lit
236 5013 408 5070 custodiant
421 5023 449 5070 te
464 5015 495 5070 in
509 5016 643 5072 omnibus
658 5018 717 5074 ciis
731 5019 796 5076 tuta.

152 5097 261 5155 GNem
277 5100 354 5171 quod
375 5101 482 5175 legitur
496 5104 608 5178 angelis
622 5122 686 5162 esse
707 5109 891 5175 mandatum,
909 5114 940 5167 ut

115 5199 184 5243 eum
208 5186 333 5244 debeant
360 5192 516 5261 custodire,
532 5193 667 5250 humana
688 5195 869 5254 infirmitatis
884 5204 937 5257 est.
968 5225 972 5231 ·

115 5272 197 5331 Unde
210 5279 240 5331 et
251 5275 359 5332 dicitur
370 5277 399 5333 in
412 5279 567 5353 Evangelio
582 5299 589 5338 :
605 5285 748 5357 Apparuit
760 5285 801 5341 illi
817 5287 938 5361 angelus

113 5362 149 5418 de
173 5361 245 5419 coelo
269 5364 437 5422 confortans
463 5384 530 5424 cum
552 5375 632 5440 (Luc.
649 5376 729 5446 xxu).
746 5375 781 5432 ut
797 5380 829 5432 ut
843 5376 937 5449 ipsam

111 5450 939 5534 humanitatisnaturemperlectiesimsmdeclararetad-

106 5540 178 5614 jecit
194 5558 200 5598 :
218 5542 259 5602 Ne
275 5543 348 5601 torte
365 5543 506 5602 offendas.

1005 2259 1039 2316 15
1076 2259 1211 2316 Clamavit
1233 2259 1269 2315 cd
1295 2276 1339 2316 nuc
1361 2267 1387 2316 et
1414 2259 1563 2316 exaudiam
1590 2276 1654 2317 eum
1668 2277 1679 2316 .·
1695 2276 1760 2317 mm
1774 2262 1830 2333 ipso

1109 2365 1170 2406 sum
1184 2351 1214 2405 in
1226 2349 1405 2406 tribulatione
1419 2367 1429 2406 :

1040 2439 1247 2508 GExauditur,
1264 2439 1313 2511 qui
1340 2438 1448 2495 clamet
1471 2438 1508 2495 ad
1530 2438 1702 2510 Dominum,
1719 2438 1829 2497 dumei

1005 2528 1124 2600 premis
1139 2528 1292 2601 protutura
1306 2527 1447 2585 coneedit.
1464 2526 1541 2585 Dicit
1565 2545 1633 2585 cum
1659 2528 1727 2603 ipso
1752 2544 1830 2596 sam,

1004 2618 1086 2688 dum,
1102 2616 1214 2675 seilicet
1226 2634 1320 2685 mens,
1339 2617 1368 2673 in
1384 2617 1532 2690 angustiis
1546 2618 1649 2675 devota
1670 2617 1830 2677 ferventius

1003 2705 1524 2780 tribulatur.Ereptusutiqucexhoc
1534 2705 1830 2781 mundo,gloriiican·

1002 2795 1059 2852 dus
1069 2800 1114 2854 est
1121 2797 1358 2869 iustusquando
1370 2797 1401 2854 in
1410 2796 1461 2854 illa
1470 2796 1649 2854 beatitudine
1658 2795 1827 2855 collocatur:

1002 2885 1051 2941 ubi
1065 2885 1128 2956 jam
1144 2885 1293 2941 tribulatio
1309 2884 1406 2942 locum
1422 2903 1479 2943 non
1495 2885 1623 2943 habehit.

1003 2973 1037 3028 16
1073 2974 1198 3044 diripiam
1211 2989 1274 3029 eum
1288 2978 1315 3030 et
1328 2974 1485 3046 pumicata
1506 2979 1611 3042 ÷eaun
1625 2992 1635 3032 :

1073 3061 1255 3134 Lonpitudine
1268 3061 1376 3119 dicrum
1389 3064 1495 3137 replebo
1509 3079 1573 3121 eum
1586 3081 1597 3119 .·

962 3126 985 3194 G
1075 3154 1108 3208 lit
1120 3151 1259 3208 ostendam
1272 3153 1319 3208 itti
1331 3153 1452 3210 salutare
1464 3168 1566 3210 aueum

1038 3240 1237 3313 Gbongitudo
1252 3241 1331 3297 enim
1347 3242 1461 3299 dierum
1477 3241 1537 3298 vita
1550 3244 1596 3299 est
1615 3246 1726 3299 etcum
1737 3258 1828 3316 quem

1003 3327 1102 3387 nullus
1118 3328 1255 3386 terminet
1270 3330 1348 3386 fluis.
1363 3330 1521 3388 Ostendam
1536 3329 1579 3387 illi
1603 3330 1735 3389 salutare
1750 3348 1759 3389 ι
1774 3331 1830 3390 hoc

1002 3421 1047 3474 est
1059 3418 1137 3474 enim
1162 3419 1239 3492 quod
1261 3418 1397 3476 ssdelibus
1413 3419 1443 3475 in
1458 3436 1577 3477 summa
1591 3420 1830 3479 remuneratione

1002 3507 1193 3582 promittitur,
1203 3507 1273 3580 quia
1288 3507 1417 3566 salutare
1430 3507 1579 3567 Christum
1594 3508 1756 3568 Dominum
1763 3526 1831 3568 con·

1001 3600 1132 3666 tuentur,
1147 3597 1197 3653 ubi
1212 3600 1306 3654 totum
1322 3597 1500 3655 desiderium
1515 3615 1659 3673 spemque
1674 3599 1829 3658 hestorum

1001 3685 1114 3759 implet.

1254 3837 1356 3878 canalo
1374 3837 1411 3879 EX
1430 3836 1509 3879 esst.
1528 3837 1574 3879 XC.

1034 3954 1143 4012 Praesu
1153 3954 1247 4024 nobis,
1259 3954 1392 4024 Domine,
1404 3972 1456 4028 per
1465 3954 1678 4013 invocationem
1694 3954 1829 4015 nominis

999 4043 1053 4110 tui,
1068 4043 1179 4116 aspidis
1192 4048 1221 4099 et
1234 4043 1365 4100 basilisci
1382 4043 1501 4101 lethalia
1514 4061 1625 4102 venena
1639 4044 1754 4102 calcare
1769 4062 1778 4103 τ
1793 4049 1830 4103 nt

999 4136 1115 4189 ostenso
1125 4132 1209 4188 nobis
1217 4131 1339 4189 salutari
1349 4138 1410 4201 tuo,
1419 4134 1560 4192 adversus
1568 4133 1826 4205 insidiasinimici,

998 4221 1826 4294 spiritalisclypeiumbraculomuniamnrd’erDominum

998 4313 1132 4366 nostrum
1146 4308 1258 4380 iesum,
1273 4315 1329 4368 etc.

1286 4433 1450 4492 PSALMUS
1469 4435 1537 4493 xci.

1223 4566 1421 4609 aauunnnrcu
1441 4568 1519 4609 esna.
1539 4570 1595 4611 xer.

1032 4664 1126 4722 CVox
1143 4664 1287 4735 Ecclesia,
1303 4667 1340 4724 de
1352 4667 1529 4726 exaltatione
1546 4670 1699 4742 justorum
1715 4677 1745 4730 ei
1759 4689 1826 4747 per·

996 4753 1105 4812 ditione
1120 4755 1289 4827 impiorum.

1129 4845 1187 4901 TT.
1205 4848 1330 4904 rnatum
1344 4850 1447 4906 cantici
1462 4850 1492 4906 in
1503 4849 1549 4908 die
1561 4850 1688 4909 Sublati.

1030 4933 1200 4991 CPsslmus
1214 4934 1317 4992 cantici
1332 4954 1339 4993 :
1355 4939 1494 4996 admonet
1515 4956 1569 4997 nos
1584 4942 1617 4996 ut
1630 4940 1661 4997 in
1676 4941 1824 5000 universis

995 5022 1109 5080 actibus
1125 5024 1396 5093 nostris,divinitati
1406 5027 1516 5101 gratias
1531 5028 1637 5086 referre
1648 5029 1823 5089 debeamus.

994 5110 1062 5168 Dies
1072 5112 1191 5170 sabbati
1203 5129 1210 5168 ι
1223 5116 1329 5187 requies
1344 5116 1564 5190 interpretatur,
1578 5135 1630 5192 per
1640 5136 1732 5194 quam
1746 5137 1824 5179 com·

994 5217 1148 5258 monemur
1162 5202 1199 5257 ab
1214 5203 1294 5259 omni
1310 5221 1399 5276 prava
1413 5205 1527 5264 actione
1542 5224 1668 5266 cessare.

993 5293 1007 5348 1
1064 5295 1171 5347 Bonaum
1183 5300 1222 5349 eat
1235 5294 1358 5364 confieri
1374 5298 1491 5353 minino
1506 5316 1516 5354 .·

1063 5381 1097 5435 Et
1108 5381 1226 5452 psallere
1239 5384 1348 5438 consini
1360 5391 1416 5452 tuo,
1432 5387 1579 5444 ditissime.

1028 5468 1051 5524 H
1068 5469 1180 5525 bonum
1194 5475 1239 5527 est
1252 5472 1383 5530 confiteri
1396 5491 1402 5529 :
1415 5474 1472 5531 hoc
1486 5481 1540 5543 est,
1550 5475 1680 5549 primum
1697 5493 1751 5552 age
1761 5492 1820 5551 pte·

995 5556 1150 5617 nitentium
1165 5561 1193 5616 et
1208 5559 1271 5619 dele
1286 5566 1414 5638 peccate,
1431 5565 1538 5624 deinde
1550 5565 1643 5642 psalle
1657 5565 1830 5627 Altissimo..
