3884 6084
70 268 132 331 653
504 266 774 330 ulsroluuuutl
799 265 902 327 LlBlil
924 265 1112 339 Quluouu.
1136 299 1175 312 -
1195 267 1270 330 LlB.
1293 264 1345 331 lll.
1615 338 1619 347 .
1716 272 1778 332 oet

70 401 185 474 potiora
198 416 284 475 posse
299 399 376 472 apud
391 399 548 456 Dominum
573 401 738 473 impetrare,
755 401 806 456 sed
827 404 898 455 tciri·
913 398 940 466 Α
955 401 1052 468 batur,
1070 400 1149 470 prius
1162 407 1263 458 vocato
1282 401 1431 475 Vulpiam,
1447 401 1609 459 construxit
1632 407 1781 462 monaste·

70 487 736 564 porihuicsulficeredebentexhibitadudum
746 487 897 554 miracula,
953 488 1030 543 rium
1054 489 1147 545 totius
1172 490 1271 562 gratiss
1295 490 1601 561 abundantissimum
1618 496 1721 567 postea
1743 493 1780 552 ab

69 579 214 653 quoniam
228 577 399 651 contiguum
415 576 505 634 instat
516 579 599 650 prius
622 578 753 651 exsparsi
776 577 898 635 seminis
951 573 1015 647 ipso
1029 580 1142 633 mutato
1166 579 1284 636 nomine
1310 579 1505 637 Frutuorense
1529 582 1779 655 cognominatum.

67 667 235 727 collectura
259 665 375 724 messis.
399 664 467 724 Sola
490 666 568 723 enim
591 667 758 724 animarum
781 667 898 740 erigens
951 663 1033 729 Oucd
1048 682 1115 722 cum
1128 666 1299 743 multigenis
1315 666 1522 742 locupletasset
1536 669 1696 740 beneficiis,
1713 688 1781 729 con·

67 756 184 816 medela
199 755 624 823 exorandaestuniversis,t‘ro
635 756 768 813 hisenim
781 754 898 812 Domini
952 752 1047 810 stituit
1061 755 1101 811 ibi
1118 756 1329 813 monachorum
1345 757 1469 826 Patrem,
1483 774 1536 831 per
1554 760 1654 817 omnia
1667 776 1699 817 se
1714 760 1781 816 imi·

68 845 303 912 misericordiam
317 845 470 902 obsecrare
491 844 613 900 minime
637 845 749 900 omitto.
765 845 897 915 Namque

68 952 120 1010 pro
135 935 185 993 bis
197 933 313 991 noveris
328 949 375 989 mc
389 932 467 1006 apud
482 932 640 990 Dominum
655 931 896 1007 precipueiuter-

67 1022 233 1096 maire,qui
248 1021 291 1078 illi
305 1021 424 1078 assidue
434 1020 465 1077 in
476 1022 612 1094 prasenti
622 1021 752 1078 serviunt
763 1019 895 1078 ecclesia.

68 1114 195 1181 Quidam
209 1111 289 1169 enim
304 1110 421 1167 illorum
436 1110 503 1183 plus
515 1111 597 1182 justo
621 1110 774 1185 presentis
797 1108 896 1165 saculi

67 1200 210 1277 implicati
226 1200 361 1274 negotiis,
376 1200 468 1257 armis
482 1199 603 1272 iusuper
615 1199 792 1256 militaribus
807 1200 897 1255 lamu-

67 1292 171 1360 laates,
189 1291 300 1364 quibus
318 1289 454 1346 trucidati
478 1290 508 1345 in
533 1289 633 1362 prelio
656 1289 838 1346 deciderunt.
856 1288 897 1345 De

67 1382 177 1456 quibus
197 1378 265 1436 nolo
289 1382 318 1435 te
341 1377 440 1446 lateat,
454 1378 593 1451 quoniam
617 1378 664 1435 vix
686 1379 764 1450 apud
789 1376 895 1435 Christi

68 1469 259 1529 clementiam
274 1467 400 1537 obtinui,
415 1473 448 1524 ut
460 1468 550 1542 erepti
565 1468 601 1524 de
612 1467 755 1524 ministris
768 1468 897 1523 tenebra-

67 1576 132 1617 rum
143 1558 220 1616 locis
236 1556 378 1631 refrigerii
395 1573 428 1613 ac
443 1556 518 1613 lucis
528 1557 631 1613 sistere
644 1554 896 1614 mererenturtlae-

951 845 1073 914 tautmn,
1102 844 1220 902 nomine
1246 846 1401 902 ioannem.
1426 846 1496 903 Erat
1519 847 1598 906 enim
1627 848 1781 921 predictas

951 930 1121 989 Willcrmus
1134 950 1200 990 acer
1214 934 1342 1008 iugenio,
1360 938 1389 993 et
1402 934 1527 1008 insignis
1547 937 1719 1009 prudentia;
1736 937 1780 994 id·

950 1019 1027 1077 circo
1051 1038 1201 1079 summum
1226 1023 1257 1078 in
1282 1023 1399 1096 palatiis
1425 1041 1528 1098 regum
1552 1042 1586 1082 ac
1608 1028 1779 1084 ceterorum

951 1108 1116 1182 principum
1132 1111 1282 1168 obtinebat
1305 1111 1413 1169 locum.
1429 1113 1629 1188 Quodcunque
1652 1114 1779 1189 deniquo

951 1199 1164 1255 monasterium
1193 1199 1311 1273 proprio
1339 1199 1515 1259 viduabatur
1536 1207 1662 1276 pastore,
1678 1204 1778 1263 statim

951 1286 1180 1359 compellebatur
1193 1292 1252 1344 tam
1266 1306 1283 1345 a
1298 1289 1474 1363 regibus,vel
1490 1290 1647 1349 comitibus
1662 1309 1780 1366 quama

950 1374 1185 1447 pontificibus,ut
1200 1375 1372 1434 meliorandi
1381 1365 1476 1452 gratia
1487 1378 1559 1435 illud
1570 1379 1607 1435 ad
1617 1382 1778 1454 regendum

951 1463 1123 1536 susciperet,
1139 1466 1279 1539 quoniam
1302 1465 1380 1523 ultra
1400 1470 1504 1525 cetera
1527 1467 1636 1525 divitiis
1659 1472 1688 1526 ct
1711 1486 1779 1526 san-

951 1551 1052 1608 ctitate
1067 1553 1161 1627 ipsius
1175 1553 1336 1627 patrocinio
1350 1559 1504 1629 assumpta
1521 1556 1716 1615 cernebantur
1731 1575 1780 1617 ex·

64 1655 160 1708 mum
175 1653 209 1705 ta
229 1632 400 1703 delectabile
424 1645 547 1702 Domino
571 1650 682 1713 votum,
698 1650 731 1700 ut
754 1661 894 1718 coeperas,
951 1639 1055 1698 cellere
1080 1643 1268 1700 monasteria.
1285 1645 1351 1715 lpse
1368 1659 1486 1717 quoquc
1509 1645 1596 1703 firma
1617 1647 1780 1705 testabatur

63 1739 157 1812 ,χρὴ
173 1760 190 1790 ‚‚
952 1729 1114 1787 assertione
1129 1731 1200 1804 quia
1214 1731 1239 1787 si
1250 1731 1340 1805 hujus
1351 1733 1546 1791 institutionis
1555 1738 1640 1791 tenor
1649 1751 1780 1808 quocun.

91 1825 329 1901 Supervenieute
345 1823 435 1898 igitur
449 1822 601 1896 designato
620 1824 677 1890 die,
693 1823 893 1897 congregatis.
946 1832 1004 1888 que
1016 1815 1078 1873 loco
1094 1835 1111 1873 a
1126 1819 1278 1876 monachis
1297 1819 1503 1888 custodiretur,
1519 1820 1630 1878 nullam
1657 1824 1778 1880 omnino

61 1934 120 1991 qm
134 1915 284 1989 episcopis
298 1917 327 1971 gt
341 1913 498 1970 abbatibus
512 1929 579 1968 cum
595 1913 752 1968 innumera
762 1911 894 1968 multitu.
946 1905 1139 1980 indigentiam
1149 1909 1352 1982 cujuscunque
1363 1910 1404 1966 rei
1413 1908 1774 1983 paterentur.0ucdetiam

60 1999 894 2075 dinelideliumutrorumquesexuumetcrdinumprius-
946 1994 1163 2055 evidentissime
1177 1997 1358 2055 declaratum
1372 2002 1418 2056 est
1432 1999 1462 2055 in
1477 1998 1550 2056 locis
1564 1999 1621 2056 sibi
1633 2001 1776 2059 commis·

59 2111 154 2169 quam
178 2093 343 2165 inciperent
366 2107 449 2147 sacra
470 2090 543 2161 lieri,
562 2091 606 2144 vir
630 2090 892 2146 reverendissimus
946 2082 1775 2162 sis.Fertursiquidemeademinstitutio,ususquehujus

60 2185 207 2249 derivem
217 2180 414 2239 sanctioribus
424 2179 475 2252 qui
485 2185 680 2236 convenerant
691 2179 892 2235 sacerdotibus
946 2174 1180 2243 consuetudinis,
1195 2191 1230 2231 cx
1245 2175 1338 2232 sancti
1355 2175 1448 2233 Patris
1463 2175 1610 2233 Benedicti
1628 2183 1773 2234 monaste·

58 2273 210 2346 baqquod
226 2272 254 2328 ei
269 2268 428 2327 revelatum
441 2272 545 2336 iuerat,
561 2268 749 2325 manifestare
767 2268 890 2325 curavit.
945 2260 997 2317 riis
1010 2261 1053 2317 vel
1069 2262 1170 2336 regul&
1180 2263 1331 2320 exordium
1341 2262 1583 2338 hbbUifliisildluss
1592 2282 1645 2338 1³0¹·
1653 2266 1774 2324 beatum

60 2362 184 2425 Peracta
196 2377 264 2418 uero
278 2376 313 2415 ex
326 2375 407 2415 more
422 2357 594 2426 sacratione,
605 2357 742 2413 omuibus
758 2356 889 2412 utensili·
945 2348 1091 2419 Maurum,
1109 2351 1202 2424 ipsius
1219 2352 1352 2410 lidelmi
1370 2351 1560 2425 discipulum,
1576 2354 1614 2410 ad
1628 2360 1775 2424 milium,

60 2451 121 2508 gu,
133 2450 190 2507 ,ψ
203 2446 385 2521 compositis,
402 2445 489 2518 ooepit
502 2445 580 2501 idem
604 2445 648 2500 vir
671 2444 805 2501 arctioris
825 2445 889 2500 tvitae
944 2437 973 2493 id
989 2441 1043 2505 est,
1060 2438 1243 2496 Gallicanum
1260 2441 1438 2498 territorium
1454 2442 1582 2500 delatam
1598 2442 1700 2500 luisse.
1718 2444 1776 2500 llx-

60 2536 312 2597 macerationibas
328 2552 392 2593 sese
410 2541 568 2604 conterere,
583 2538 672 2606 atque
695 2533 843 2591 solitarius
859 2534 888 2590 in
943 2530 1003 2583 stat
1011 2528 1099 2584 etiam
1109 2528 1237 2585 veridica
1247 2529 1502 2604 relatic,quoaiam
1513 2535 1580 2605 post
1589 2530 1666 2589 beati
1679 2533 1774 2591 Mauri

50 2602 166 2704 ,cigna
179 2623 554 2701 penesecclcsiamcellula
568 2623 691 2696 psalmis
708 2627 736 2679 ct
750 2622 889 2680 orationi·
943 2614 1068 2683 obitum,
1092 2618 1259 2674 succedenti
1288 2622 1419 2692 tempore
1447 2618 1577 2677 hostium
1606 2618 1773 2679 intestatio-

58 2715 239 2776 gmmng
250 2714 365 2788 degere,
380 2713 432 2777 Qut
450 2729 516 2768 cum
533 2717 599 2785 p0st
613 2710 674 2768 hoeo
687 2729 764 2769 anno
784 2716 888 2784 quarto
942 2704 1031 2760 nibus
1055 2705 1168 2778 expulsi
1193 2706 1359 2763 monachia
1374 2709 1552 2767 monasterio
1576 2715 1772 2784 cognomento

58 2804 247 2880 cogneviqsct
260 2819 292 2860 se
303 2803 333 2858 in
349 2801 428 2858 brevi
453 2800 647 2874 migraturum
663 2818 680 2855 a
695 2800 810 2868 sacculo,
823 2802 888 2873 jam
941 2791 1132 2863 Glanaolclio‚
1150 2794 1228 2868 quod
1244 2795 1306 2869 ipse
1322 2800 1532 2866 construxerat,
1549 2797 1626 2855 sicut
1649 2800 1680 2855 ia
1704 2800 1770 2872 ejus

53 2893 180 2968 quque
195 2895 333 2966 aegrotare
348 2888 492 2963 coepisset,
505 2905 538 2945 ac
554 2888 653 2960 plures
676 2888 713 2944 ad
733 2905 800 2945 eum
815 2889 888 2945 visi.
941 2881 1032 2954 gestis
1048 2880 1182 2948 babetur,
1198 2883 1229 2938 in
1241 2884 1448 2957 unusgsvsnss
1463 2886 1633 2956 terrritorio,
1649 2887 1768 2944 venien-

59 2982 141 3047 tndi
164 2982 262 3057 gratia
283 2983 497 3047 concurrerent,
514 2976 662 3049 simulque
685 2977 887 3050 prestolantes
941 2973 1044 3043 tesque
1059 2970 1094 3026 ad
1117 2971 1329 3029 monasterium
1353 2973 1447 3032 sancti
1471 2972 1569 3031 Scrini
1594 2975 1770 3033 contessoris

60 3069 172 3146 incius
190 3070 323 3127 discessu
348 3067 466 3142 aliquod
494 3066 556 3123 fieri
579 3066 755 3123 miraculum
780 3066 885 3135 videre,
940 3058 1117 3116 Pictavensis
1132 3059 1265 3116 tulerunt
1286 3077 1386 3118 secum
1411 3065 1503 3119 totam
1532 3078 1623 3135 quam
1652 3063 1770 3122 valuere

63 3163 161 3234 utpote
174 3159 228 3233 qai
243 3158 317 3215 tanti
329 3156 425 3215 meriti
436 3155 629 3230 praesciebant
639 3155 810 3228 virum,ipse
820 3172 887 3212 vero
902 3136 925 3206 C
943 3146 1269 3222 supellectilem,ibique
1283 3166 1336 3223 per
1347 3148 1466 3223 aliquod
1482 3151 1612 3224 spatium
1627 3153 1770 3225 temporis

64 3228 160 3307 ments
175 3247 274 3322 sagaci
289 3245 422 3320 praedixit
436 3243 496 3300 illis
512 3261 545 3299 ac
560 3245 674 3300 monuit
689 3249 721 3300 ut
736 3244 793 3300 alia
808 3260 890 3301 cura.
943 3251 978 3290 ea
992 3253 1055 3308 que
1076 3236 1239 3294 didicerant
1262 3254 1380 3311 operam
1404 3239 1519 3297 dedere.
1534 3240 1706 3315 Rursusque
1720 3241 1770 3298 illo

65 3335 359 3412 rsataigaumquod
375 3338 404 3391 et
417 3333 539 3391 minime
556 3336 655 3390 essent
668 3333 809 3403 visurine
823 3350 891 3390 ers·

64 3429 223 3502 peccarem.
237 3425 292 3480 Pro
311 3440 343 3481 se
366 3423 464 3497 potius
489 3424 659 3479 obsecrabat
675 3427 706 3478 ut
721 3422 888 3494 piissimum

64 3515 218 3576 ltominum
235 3514 377 3571 attentius
391 3516 522 3579 orarent;
535 3513 598 3583 jam
615 3512 761 3584 siquidem
774 3512 890 3585 propin-

26 3634 41 3659 a
65 3592 157 3677 quam
169 3604 218 3661 sui
233 3601 327 3659 exitus
340 3601 442 3657 boram
458 3600 563 3656 erectis
578 3600 608 3655 in
623 3598 730 3656 coelum
751 3601 890 3662 manibus

65 3691 197 3752 stoculis
210 3690 387 3748 creberrime
408 3688 522 3744 dicebat
537 3705 544 3744 :
559 3712 573 3739 «
590 3688 722 3757 Domine,
738 3690 886 3759 miserere,

67 3781 195 3849 hmine,
211 3779 392 3837 miserere.»
409 3777 514 3850 Sicque
529 3777 605 3833 inter
618 3776 679 3833 haec
707 3778 794 3834 verba
819 3777 888 3834 ulti-

66 3882 141 3927 mum
153 3868 266 3927 efflavit
280 3867 428 3942 spiritum.
445 3865 643 3938 Sepultusque
663 3870 708 3923 est
733 3867 763 3922 in
786 3867 888 3923 eadem

944 3325 1116 3398 frigescente
1128 3326 1261 3398 ejusdem
1276 3326 1467 3385 districtionis
1489 3333 1590 3386 tenore
1613 3331 1691 3403 apud
1708 3347 1770 3387 mo·

944 3414 1105 3470 nastcrium
1117 3416 1210 3471 sancti
1219 3416 1335 3472 Martini
1347 3417 1624 3491 augustodunensis
1634 3424 1772 3492 suscepta

943 3501 1126 3575 dignoscitur
1142 3502 1296 3576 aliquoties
1311 3504 1449 3578 viguisse.
1466 3506 1575 3565 Deinde
1595 3525 1663 3565 vero
1685 3508 1771 3581 quasi

943 3591 1030 3646 tertia
1044 3592 1303 3667 transmigratione
1319 3593 1349 3650 ia
1371 3594 1520 3668 superiore
1544 3597 1714 3672 Burgundia
1728 3597 1770 3653 lo·

942 3683 1041 3735 catum
1058 3679 1211 3737 Balmense
1230 3682 1381 3755 occupavit
1405 3685 1629 3742 monasterium.
1644 3686 1686 3744 lld
1702 3685 1770 3743 ulti·

944 3784 1028 3824 mum
1044 3771 1312 3843 quoquepraedictc
1326 3770 1685 3846 videlicetinstitutioJ‘am
1698 3790 1772 3846 pene

944 3856 1070 3927 delesse,
1084 3863 1202 3917 auctore
1220 3861 1286 3928 Deo,
1300 3859 1388 3935 elegit
1407 3860 1463 3916 sibi
1487 3862 1637 3935 sapientia
1659 3863 1770 3931 sedem,

945 3945 1022 4002 vires
1042 3945 1209 4016 collectura,
1226 3965 1260 4004 ac
1273 3949 1485 4005 fructificatura
1509 3948 1641 4023 germine
1667 3949 1771 4006 multi·

943 4032 1023 4106 plici,
1042 4034 1071 4090 in
1087 4036 1273 4107 monasterio,
1291 4036 1401 4093 scilicet
1414 4041 1607 4110 cognomento
1621 4036 1770 4096 Cluuiaco.

390 4131 506 4189 uApUT
525 4133 558 4189 v.
943 4122 1024 4188 Quod
1038 4124 1125 4181 etiam
1139 4141 1174 4181 ex
1188 4125 1246 4182 situ
1262 4125 1397 4197 ejusdem
1411 4125 1467 4182 loci
1483 4125 1592 4183 acclivo
1607 4131 1697 4198 atquc
1712 4126 1771 4183 hu-

37 4278 47 4297 ,
74 4208 299 4284 cimmerio
313 4222 493 4294 coedificatis
506 4223 602 4280 benec
616 4224 886 4294 Witlermoabbcte,
946 4211 1008 4268 mili
1023 4212 1081 4270 tale
1096 4213 1231 4270 sortitum
1248 4218 1294 4271 cst
1308 4231 1426 4282 nomen,
1441 4213 1487 4272 vet
1501 4214 1599 4284 etiam,
1616 4216 1694 4288 quod
1719 4232 1772 4289 ap·

123 4354 126 4361 ,
370 4300 412 4352 cet
428 4295 578 4351 institutis.
942 4299 1003 4356 tius
1018 4299 1060 4355 illi
1071 4301 1215 4374 congruit,
1226 4302 1363 4360 actcecdo
1374 4302 1496 4372 dictum,
1506 4303 1647 4376 quoniam
1662 4302 1770 4371 eluere,

96 4382 215 4455 ,claruit
230 4401 264 4442 eo
279 4385 310 4441 in
325 4383 510 4458 temperatur
525 4383 662 4455 predicta
671 4385 826 4442 domorum
840 4386 888 4442 Dei
944 4405 1074 4446 crescere
1086 4389 1222 4447 dicimus.
1238 4391 1355 4466 Insigne
1367 4391 1475 4466 quippe
1490 4391 1705 4450 incrementum
1727 4391 1773 4448 di·

77 4470 271 4543 melioratione,
285 4472 459 4531 venerabilis
474 4472 565 4530 abbas
579 4472 760 4541 Willermus,
772 4491 789 4529 a
802 4474 887 4531 beato
907 4499 931 4565 D
945 4495 1096 4535 versorum
1120 4478 1265 4536 donorum
1281 4497 1298 4536 a
1312 4481 1358 4537 sui
1380 4480 1524 4554 principio
1548 4481 1579 4538 iu
1602 4481 1667 4540 dies
1689 4481 1772 4539 locus
1872 4553 1874 4557 ἲ

77 4556 204 4649 iquidcru
220 4560 326 4621 Maiolo
340 4562 478 4635 primitus
495 4561 624 4618 eeclesia
640 4562 734 4618 sancti
755 4563 891 4636 martyris
945 4567 1023 4623 idem
1039 4567 1174 4623 obtinuit.

31 4664 34 4669 ·
77 4640 181 4729 bigni
195 4652 284 4711 Pater
297 4651 583 4717 constitutus.Quam
595 4651 728 4708 videlicet
737 4651 890 4710 ecclesiam
981 4656 1149 4712 Construxit
1163 4656 1253 4730 igitur
1265 4658 1436 4732 praedictum
1451 4659 1617 4717 ooenobium
1635 4660 1773 4733 primitus

76 4727 206 4815 fficiam
219 4740 296 4797 mira
305 4739 448 4797 locatione
460 4740 891 4813 permutavitutbujuscemodi
947 4743 1247 4802 Patcrmonacborum
1257 4747 1416 4821 supradicti
1422 4747 1772 4817 Balmensismoaasterii,

76 4822 284 4897 deradiffioile
297 4833 386 4902 queat
406 4828 542 4886 inveniri.
560 4827 697 4902 Regulari
720 4830 807 4885 ctiam
830 4830 891 4887 dis·
947 4833 1042 4889 Bcrno
1054 4835 1311 4909 vocatus,jubrute
1323 4835 1475 4893 Willcrmo
1490 4836 1641 4910 piisssima
1654 4836 1773 4909 Aquita·

75 4908 199 4981 &ctione
215 4934 275 4976 nou
288 4916 387 4975 miuus
401 4918 539 4985 etlloruit,
555 4922 642 4991 atque
652 4917 891 4991 incomparabilis
949 4938 1055 4978 norum
1070 4924 1086 4978 d
1092 4924 1187 4990 urcio
1202 4941 1276 4999 pago
1292 4925 1516 4995 Matisconense,
1526 4942 1614 4999 super
1628 4924 1775 4983 Graonam

74 4994 152 5081 filus
165 5006 282 5065 ordinis
295 5024 350 5065 suo
362 5011 494 5081 tempore
509 5011 684 5080 propagator
698 5007 817 5063 exstitit.
834 5009 889 5064 Sed
949 5010 1202 5077 lluviolum.Qu0d
1218 5013 1307 5070 eiiam
1320 5013 1484 5070 coenobium
1500 5012 1530 5068 in
1546 5012 1641 5087 primo
1652 5029 1776 5071 nonam.

73 5078 206 5169 finctum
219 5112 275 5171 pro
288 5095 344 5153 hac
361 5113 391 5153 re
405 5096 583 5170 diligebatur
594 5095 765 5170 a‘religiosis
780 5100 808 5152 et
822 5096 888 5169 piis,
947 5098 1027 5173 plius
1043 5115 1133 5171 quam
1149 5100 1315 5173 quindecim
1329 5106 1412 5158 terre
1428 5100 1558 5158 colonias
1572 5099 1718 5158 diciturin
1728 5100 1777 5159 do-

10 5206 13 5263 ?
71 5182 144 5245 bito
158 5184 257 5261 magis
272 5184 482 5242 detrahebatur
491 5184 900 5257 insidiabaturqueairaudu·
951 5191 1010 5245 tem
1036 5187 1192 5261 accepisse.
1220 5190 1332 5247 Fratres
1355 5193 1453 5247 tamen
1476 5188 1630 5247 duodecim
1654 5207 1777 5249 numero

68 5267 151 5335 hatis
166 5278 198 5333 ct
210 5274 324 5350 impiis.
340 5275 407 5331 l'uit
420 5275 499 5332 enim
513 5291 548 5331 en
563 5273 645 5330 ltalia
662 5278 754 5343 crtus,
771 5275 898 5334 nobilem
953 5275 1025 5332 inibi
1049 5280 1251 5333 memorantur
1275 5277 1454 5334 convenisse.
1475 5278 1516 5335 lix
1538 5294 1665 5351 quorum
1688 5278 1778 5336 veluti

66 5356 384 5440 docensaparentibus
392 5363 560 5438 prosapiam
572 5380 577 5419 :
588 5362 715 5418 nobilior
725 5369 823 5419 tamen
835 5365 900 5421 illu·
953 5365 1065 5439 optimo
1080 5363 1192 5421 semine
1207 5364 1401 5438 multiplicata
1416 5365 1507 5439 stirps
1531 5366 1646 5425 Domini
1669 5367 1779 5424 exerci-

63 5454 153 5513 ἥκω
169 5470 225 5528 per
237 5456 405 5511 assecutam
421 5453 662 5510 scientiamNam
679 5452 708 5508 iu
724 5452 826 5509 codem
841 5458 899 5511 ter·
955 5458 1041 5510 tuum
1055 5453 1280 5511 innumerabilis
1294 5469 1433 5530 magnam
1449 5455 1529 5514 orbis
1542 5455 1661 5532 plagam
1673 5473 1781 5532 cogno·

59 5539 175 5620 ritorto,
193 5540 308 5607 scilicet
322 5540 800 5622 iatuadc,quieipareatumjure
816 5542 903 5607 debe·
954 5542 1047 5606 scitur
1073 5541 1211 5626 replesse.
1228 5541 1283 5620 Qui
1306 5543 1447 5626 quoniam
1469 5544 1527 5624 bis,
1540 5560 1605 5627 qua
1625 5545 1676 5611 Dei
1696 5548 1780 5631 suat,

10 3940 18 4033 {2
68 3956 190 4028 tratum,
205 3958 238 4014 iu
263 3973 297 4014 co
320 3954 431 4012 scilicet
455 3953 528 4023 loco,
550 3954 600 4011 ubi
624 3954 762 4028 primitus
786 3955 888 4012 beatus

10 4126 12 4131 Ι
69 4042 202 4106 hunus
214 4044 352 4120 sepultus
364 4045 525 4117 quieverat.
