3900 6098
96 276 176 357 ‘ffl
576 276 608 338 S.
631 276 830 343 oobdssttlt
853 275 1165 341 beautroturtsts
1187 274 1373 343 Episcopi.
1771 278 1834 337 dli

350 411 555 475 “fmccnciccm
568 410 713 482 prodeam.
845 449 847 453 ψ
961 411 1148 486 Apauperes
1173 415 1353 487 aspiciebant
1382 412 1489 488 frigore
1515 408 1708 479 constrictos,
1734 410 1835 485 inopia

135 499 149 556 1
188 501 218 559 la
233 502 411 560 muomteudo
425 501 560 558 Dominus
574 501 756 572 coptioitotmn
772 499 838 555 Sion
855 517 862 555 :
1003 519 1080 558 saeva
1090 508 1260 572 maceratos,
1270 504 1420 560 mittentes
1430 502 1544 559 semina
1553 517 1620 558 sua.
1627 500 1690 556 Sua
1698 498 1791 558 dicit:
1802 504 1834 559 ut

187 592 265 647 Facti
277 607 371 658 scmus
383 592 453 647 sicot
468 589 612 646 coruoluti.
1004 591 1039 647 de
1055 593 1180 665 propriis
1204 592 1364 660 laboribus,
1376 609 1434 648 non
1450 591 1486 648 de
1500 589 1615 665 rapinis
1632 587 1834 663 eleemosynas

151 677 175 735 ll
191 678 346 755 Captivitas
361 678 430 737 Sion
447 678 513 748 init,
529 694 596 734 eum
612 677 747 735 Ecclesia
768 681 950 751 premeretur
1004 680 1098 738 lacere
1113 682 1217 738 debere
1236 698 1406 757 cognoscas.
1431 679 1579 737 Mittentes
1592 694 1663 735 vere
1679 695 1688 735 τ
1705 677 1835 753 intellige

114 766 262 847 acoltura
272 766 417 841 idolorum
430 785 437 824 :
449 768 500 824 sed
512 783 650 824 conversa
667 766 753 823 estin
765 763 947 832 libertatem,
1004 770 1213 843 praemittentes
1228 771 1258 826 in
1274 773 1457 843 cretumque
1476 773 1555 835 anta,
1566 772 1670 825 nostra
1685 771 1754 824 acta
1775 785 1834 840 per·

114 854 233 928 quando
249 855 376 921 adventu
402 856 527 925 Domini,
544 856 648 912 interni
672 855 788 912 vincula
811 857 949 929 disrupta
1002 860 1220 933 veniuntquam
1238 877 1291 916 nos
1304 877 1311 915 ε
1325 857 1375 915 illa
1389 858 1467 915 enim
1478 861 1547 915 sunt
1559 857 1722 915 thesaurus
1738 861 1836 913 noster

113 948 193 1025 aunt
206 943 306 1003 ovioe
321 949 421 1004 autem
434 947 513 1019 quod
523 962 581 1001 non
592 945 673 1013 dicit,
687 945 754 1002 lacti
765 963 870 1002 sumus
882 962 948 1002 con.
1002 948 1032 1004 in
1048 949 1120 1005 eoelo
1135 949 1350 1005 coadeadusll
1367 947 1422 1004 Vel
1435 950 1539 1004 euntes
1556 945 1759 1021 (praedicande
1773 963 1844 1003 rer·⁴

117 1030 275 1103 selati,sed
298 1035 367 1092 lacti
396 1052 501 1092 sumus
530 1035 606 1091 sieut
632 1033 950 1109 consolati:quiailla
1003 1039 1074 1095 bum
1091 1038 1298 1108 Deilllebant:
1321 1055 1410 1112 super
1432 1036 1541 1094 dantia
1564 1035 1666 1094 cordis
1691 1052 1751 1092 non
1774 1052 1833 1093 crc-

115 1122 285 1205 ouptivitate
298 1122 426 1200 explosa,
435 1140 494 1182 non
511 1124 607 1182 reddit
621 1141 674 1180 nos
685 1124 805 1181 omnino
816 1141 947 1208 securos,
1002 1128 1147 1185 dentium.

114 1202 209 1268 donee
222 1211 320 1270 iuistc
333 1230 453 1286 corpore
463 1213 580 1270 mortali
592 1213 811 1281 versamur,sed
823 1213 853 1268 in
864 1213 949 1284 beot,
1020 1219 1038 1273 8
1077 1219 1218 1274 l'micotcs
1232 1225 1324 1274 cotom
1338 1217 1447 1273 venient
1460 1216 1491 1272 ic
1504 1215 1692 1273 multatione
1706 1233 1714 1271 :

107 1297 296 1381 ‚Hierusalem
308 1301 364 1360 erit
379 1308 458 1361 certa
469 1307 497 1360 at
512 1301 820 1374 perlectaconsolatic.
1074 1311 1216 1365 Portunus
1230 1307 1387 1380 manipulos
1401 1321 1472 1362 suos.

132 1391 151 1447 2
191 1392 263 1448 Titne
276 1391 413 1464 reptatam
425 1399 464 1448 cst
480 1391 583 1460 pordic
595 1407 623 1447 os
638 1400 762 1449 nostrum
779 1408 786 1447 :
1038 1396 1058 1452 G
1072 1394 1246 1453 Venientes:
1261 1395 1303 1452 illi
1318 1395 1441 1452 veniunt
1455 1393 1484 1450 in
1500 1392 1711 1462 exsultatione,
1727 1393 1833 1465 quibus

184 1483 220 1537 ot
238 1479 336 1551 liopoe
349 1487 444 1537 oestro
457 1483 486 1536 io
502 1481 695 1547 exsolutione.
998 1485 1061 1556 jam
1078 1484 1279 1541 misericordia
1292 1482 1392 1541 divina
1413 1486 1585 1557 prestatur:
1600 1480 1655 1554 qui
1671 1480 1722 1539 hio
1740 1479 1834 1538 taliter

148 1568 262 1629 cTunc
277 1567 420 1645 repletum
435 1572 482 1626 est
493 1586 526 1626 os
548 1569 589 1643 (id
611 1572 658 1629 eat
680 1569 776 1627 cerdis
797 1568 948 1642 arcanum)
1002 1573 1330 1647 egerunt‚qualiterDei
1346 1574 1434 1645 jussa
1453 1570 1646 1646 precipiunt:
1659 1574 1690 1626 et
1704 1569 1834 1628 secernat

114 1655 223 1734 gaudio
235 1674 242 1713 ε
252 1656 282 1714 io
297 1658 423 1732 adventu
445 1658 562 1716 Domini
589 1658 758 1726 Salvatoria,
774 1675 841 1715 eum
867 1675 947 1715 com·
1002 1661 1179 1734 manipulos,
1191 1662 1219 1718 id
1232 1665 1286 1731 est,
1300 1660 1553 1719 fructuosissimas
1567 1659 1713 1716 actiones.
1724 1659 1761 1715 tm
1770 1657 1833 1715 felix

114 1746 240 1809 mutarit
255 1746 453 1822 captivitatem
470 1752 601 1805 nostram
622 1749 651 1805 in
671 1749 824 1823 gaudium.
838 1748 873 1804 lit
888 1748 943 1804 lin·
1002 1749 1061 1818 ille,
1075 1750 1123 1823 qui
1141 1751 1263 1808 triticeis
1278 1750 1458 1824 ponderibus
1472 1749 1663 1823 ingravatur:
1680 1763 1721 1804 ne
1735 1744 1833 1805 levitas

112 1835 215 1915 gusia
231 1835 444 1905 multatione:
457 1837 505 1894 cui
520 1836 590 1894 talia
600 1837 715 1895 Domini
733 1852 856 1895 munere
870 1854 943 1910 pra·
998 1838 1186 1912 stipularum,
1203 1844 1269 1897 vota
1284 1839 1424 1897 messoris
1439 1837 1548 1904 eludat,
1561 1841 1591 1893 et
1610 1839 1685 1893 tunc
1701 1837 1834 1892 attendat

112 1925 278 2001 staborrtur.
508 1947 509 1950 ¹
998 1927 1169 1986 inunitatem
1185 1928 1293 1986 laboris
1308 1927 1364 1996 sui,
1382 1928 1500 2002 quando
1520 1927 1585 1999 jam
1611 1942 1672 1982 non
1699 1924 1835 1999 prevalet

128 2015 147 2096 3
185 2017 258 2075 ram
271 2015 360 2073 dtoeot
374 2017 574 2088 interpretes:
998 2016 1123 2092 operari.

184 2105 514 2179 DopcifioooitDomious
526 2110 618 2180 socero
631 2123 694 2163 com
708 2108 757 2162 eia.
1180 2100 1187 2115 ⁸
1237 2123 1339 2164 enarro
1357 2124 1392 2163 ux
1412 2123 1492 2163 esau.
1512 2120 1595 2161 cxxv.

148 2194 170 2252 (ἶ
185 2194 247 2268 Nllss
262 2197 360 2255 ‘illim
377 2193 448 2251 dicit
461 2199 574 2268 denies>
587 2196 638 2251 Sed
654 2193 946 2268 i1¹l0issss¹¹l0⁵³slUia
1035 2213 1200 2280 Consnlarc,
1214 2213 1344 2280 Domine,
1361 2212 1503 2285 populum
1518 2215 1616 2278 tuum,
1628 2215 1658 2266 et
1673 2209 1770 2266 libem
1785 2227 1835 2267 nea

113 2281 144 2340 in
159 2282 286 2340 adventu
304 2283 419 2340 Domim
437 2288 541 2355 gentes
559 2283 764 2341 universaliter
785 2300 842 2339 nen
856 2281 947 2339 credi·
1000 2320 1018 2360 a
1033 2303 1198 2375 cappvpmpe
1213 2301 1408 2376 pessimorum
1424 2299 1560 2356 ,piorum
1574 2317 1581 2357 :
1594 2302 1629 2355 ut
1641 2299 1725 2372 quod
1742 2297 1790 2355 hp,
1804 2300 1832 2355 pn

114 2371 240 2429 (¹0¹'110l2
255 2371 306 2427 ⁸0d
327 2371 403 2427 5⁰²0?
421 2375 521 2445 geniis
536 2377 630 2444 filimi,
642 2389 677 2429 ⁰³
691 2373 829 2446 [lentibus
845 2371 946 2428 fidem
1000 2391 1138 2465 lacrymis
1149 2391 1321 2457 serimus,te
1332 2389 1512 2459 retribuente
1524 2404 1592 2444 cum
1611 2387 1726 2462 gaudio
1743 2393 1835 2446 mela·

113 2460 194 2529 lacti,
207 2475 276 2516 cum
292 2458 400 2532 quibus
414 2462 570 2518 Dominum
582 2461 730 2536 magnalia
742 2462 836 2519 iacere
847 2477 947 2518 cerne·
978 2544 984 2552 ·
1001 2499 1079 2538 Μ
1089 2482 1142 2538 per
1153 2480 1309 2538 Dominum
1320 2483 1454 2537 „ostrum
1464 2479 1567 2536 Jpsum
1577 2475 1747 2546 Christum,
1759 2482 1813 2535 εις,

117 2550 191 2607 hunt
205 2548 302 2607 adhuc
316 2549 439 2622 gentiles
453 2548 599 2607 infideles.

132 2639 154 2707 d,
185 2638 369 2713 lloprrifioooit
384 2639 515 2697 Dominus
528 2643 621 2713 socero
636 2640 802 2699 noliacum:
1263 2613 1428 2671 PSALMUS
1448 2612 1563 2669 CXXVI·

187 2728 264 2785 pm·
276 2743 372 2785 sm,
387 2729 523 2786 gygante„
1208 2719 1409 2761 auoumurtrum
1430 2719 1509 2759 esan.
1529 2717 1627 2757 exam

154 2818 224 2874 out
238 2833 274 2874 ne
291 2821 410 2889 putares
433 2817 557 2892 gentiles
573 2819 713 2891 (dicentes
737 2819 772 2876 dc
800 2818 947 2887 fidelibus,
1037 2821 1058 2877 C
1074 2819 1229 2876 Protidens
1244 2818 1386 2893 propheta
1400 2817 1471 2874 Novi
1487 2817 1672 2874 Testamenti
1690 2819 1835 2891 gratiam:

120 2905 321 2984 magnificatit
342 2906 484 2964 Dominus
499 2907 618 2980 (salsum
641 2907 761 2978 dixisse,
772 2909 950 2964 confirmant
1002 2911 1087 2966 docet
1098 2909 1212 2982 nosquis
1223 2908 1348 2983 propriis
1357 2907 1469 2964 viribus
1480 2905 1593 2978 aliquid
1604 2907 1678 2964 boni
1691 2906 1835 2981 applicet:

118 2994 219 3052 tldcles
231 3011 334 3052 eorum
350 2995 463 3052 dictum
484 2997 625 3053 dicentes.
637 2997 835 3070 lllagnisrcarit
849 2996 946 3054 Domi·
1003 2998 1053 3054 sed
1068 2998 1189 3054 Domino
1200 2997 1340 3071 largitori.
1355 2994 1597 3068 Loquituretiam
1609 2994 1648 3051 de
1664 2995 1731 3068 ipso
1746 2995 1831 3052 Domi·

117 3101 185 3165 pus,
200 3084 229 3141 id
245 3087 290 3143 eat
304 3085 431 3142 decrevit
441 3103 564 3160 magnos
584 3103 637 3144 nos
649 3087 949 3161 estenderejgentibus
1003 3101 1040 3141 no
1055 3090 1084 3141 et
1098 3083 1250 3158 apostolia,
1262 3083 1306 3142 rel
1322 3083 1492 3157 quicunque
1505 3083 1602 3156 ipsius
1618 3084 1766 3141 mandata
1779 3102 1830 3159 per·

117 3159 288 3232 donationes
299 3174 453 3247 minuetum.
466 3176 544 3234 Facti
561 3192 667 3234 sumus
690 3176 802 3249 (utique
818 3176 854 3232 de
869 3158 988 3233 tantaG
1007 3174 1119 3230 ficiunt.

117 3262 223 3337 gratia)
239 3262 382 3320 laetantes.
1148 3262 1206 3319 ΤΤ.
1224 3264 1371 3320 coroticum
1387 3262 1523 3334 graduum
1536 3262 1694 3320 Salomoni.

134 3351 157 3409 5
191 3352 359 3426 Convertere,
373 3352 498 3423 Domino,
515 3355 699 3427 captiuitooem
713 3359 836 3411 nostram
855 3371 861 3411 :
1040 3352 1176 3408 Salomon
1191 3351 1399 3424 interpretatur
1413 3351 1564 3425 pacillcus,
1578 3355 1609 3408 et
1622 3351 1830 3427 signiticatDo

190 3439 268 3497 St'out
280 3447 384 3499 torreas
400 3442 430 3497 ia
443 3450 545 3500 oestro.
1005 3441 1130 3509 minum,
1145 3442 1180 3499 de
1196 3459 1254 3514 quo
1269 3439 1425 3515 Apostolus
1440 3441 1481 3498 ait
1497 3459 1503 3497 :
1521 3441 1587 3514 Ipso
1602 3446 1651 3498 est
1664 3458 1724 3514 pax
1739 3444 1829 3499 nostra

154 3527 345 3599 CPostulanl
360 3528 459 3602 populi
475 3531 575 3588 ltdcles
590 3548 645 3587 suu
659 3531 765 3588 iterum
783 3533 951 3608 peecatadi·
1005 3531 1112 3604 (optes.
1131 3531 1170 3604 rr).
1197 3530 1307 3588 Demus
1331 3531 1420 3603 hujus
1442 3529 1609 3586 Salomonis
1626 3549 1634 3587 :
1651 3530 1763 3589 Christ-i
1786 3531 1830 3593 Bt·

118 3614 208 3692 milti.
223 3615 306 3680 Sicut
320 3620 444 3674 torrens.
458 3618 480 3674 H
495 3621 518 3676 A
533 3619 647 3676 Etenim
664 3622 752 3677 llante
766 3622 872 3678 Austro
888 3623 950 3694 (qui
1005 3620 1103 3689 cleaia,
1121 3637 1184 3693 quae
1199 3625 1228 3676 et
1242 3619 1346 3677 civitas
1361 3624 1405 3676 est
1417 3619 1490 3690 ejus.
1681 3636 1685 3641 ¹

117 3709 164 3785 egt
179 3709 285 3771 ventus
300 3704 427 3779 calidus)
443 3706 597 3765 solvuntur
612 3707 731 3780 glacies,
744 3715 773 3766 ot
796 3709 949 3783 impletum
1024 3710 1036 3765 1
1075 3711 1136 3766 Nisi
1153 3710 1284 3767 Durnium
1297 3708 1599 3780 mdificcarerilrlcmcm
1615 3727 1628 3763 .·

119 3793 205 3872 aquis
228 3799 389 3855 torrentem
415 3796 485 3853 lacit
512 3813 628 3854 currere
645 3816 652 3854 z
667 3798 708 3854 sic
731 3800 818 3855 llante
840 3800 949 3872 Spiritu
1075 3797 1105 3852 lc
1122 3801 1222 3852 donum
1237 3797 1430 3853 laboraverunt
1445 3797 1493 3868 qui
1504 3794 1645 3865 aedificant
1656 3811 1731 3851 eam.

120 3888 233 3964 appeto,
245 3888 364 3957 accepta
381 3885 555 3944 remissione
575 3903 625 3960 per
640 3886 778 3957 lamenta,
798 3887 951 3946 solvuntur
1040 3886 1227 3942 Cthificant
1242 3887 1373 3941 domum.
1386 3884 1436 3957 qui
1451 3884 1480 3939 in
1497 3881 1834 3956 unumquemqueChri·

122 3974 242 4045 peccata
257 3975 367 4031 nostra.
378 3974 432 4029 Ac
447 3974 574 4031 'Ferreus
591 3975 669 4032 enim
687 3975 813 4034 dicimus
827 3977 950 4034 llumina
1004 3975 1144 4042 stianum,
1155 3974 1306 4031 veritatem
1323 3972 1390 4029 fidei
1406 3972 1548 4030 labrieure
1562 3972 1769 4029 contendunt:
1780 3971 1835 4046 ipsi

120 4059 269 4142 murcella,
280 4065 310 4118 ct
323 4066 443 4134 peccata
465 4067 566 4120 nostra
590 4082 654 4138 quaa
679 4065 847 4139 frigidantia
861 4069 950 4124 corda
1003 4064 1080 4120 enim
1096 4068 1166 4121 sunt
1180 4065 1286 4121 domus
1302 4064 1411 4136 quibus
1426 4061 1496 4119 dicit
1506 4060 1676 4135 Apostolus,
1688 4079 1744 4119 vos
1755 4062 1833 4119 euim

121 4147 294 4226 congelanta
308 4166 371 4223 qua
389 4150 484 4208 calore
498 4152 625 4225 Spiritus
642 4154 734 4210 sancti
750 4154 903 4212 solvuntur
918 4156 948 4213 in
1002 4153 1073 4210 estis
1088 4153 1231 4227 templum
1245 4153 1293 4209 Dei
1306 4155 1330 4226 (l
1340 4155 1403 4210 Cor.
1415 4154 1468 4224 ιιι).
1481 4151 1535 4207 Sed
1561 4149 1624 4219 isti,
1636 4149 1663 4207 si
1679 4150 1746 4208 suis
1767 4149 1834 4208 viri·

120 4237 276 4313 lacrymas.
289 4240 344 4296 Sed
361 4243 393 4315 ut
412 4240 497 4309 nobis
511 4258 618 4299 sensus
633 4243 725 4316 possit
738 4250 872 4302 constare
881 4245 947 4323 ple·
1002 4244 1059 4301 bus
1073 4243 1216 4300 adificare
1230 4260 1261 4300 se
1285 4247 1399 4316 putant,
1412 4240 1546 4297 laborare
1567 4238 1710 4297 videntur
1733 4240 1764 4296 in
1787 4256 1836 4296 va-

120 4327 223 4385 nitudo
239 4345 245 4384 :
263 4329 515 4404 pronuntiandum
532 4335 576 4387 est
591 4336 766 4402 convertere,
780 4333 807 4390 id
824 4338 868 4390 est
883 4351 948 4391 con·
1001 4349 1086 4401 num,
1100 4332 1156 4388 nisi
1177 4331 1272 4405 gratia
1287 4331 1335 4389 Dei
1357 4332 1446 4388 donet
1463 4330 1623 4387 verissime
1649 4328 1835 4388 credulitatis

119 4420 199 4472 verte
210 4414 291 4490 (quia
300 4417 450 4490 deponens
466 4424 511 4475 est
524 4420 645 4476 verbum
661 4420 817 4493 antiquum
828 4440 946 4480 eonver-
1002 4422 1148 4478 ellectum.

118 4504 191 4576 tore)
202 4504 400 4577 captivitatem
416 4510 546 4563 nostrum
560 4525 566 4563 :
580 4508 656 4566 sicut
666 4511 780 4568 torrens
796 4511 824 4568 in
841 4515 947 4569 Austro
961 4532 985 4598 Ι)
1018 4513 1037 4565 2
1071 4512 1134 4568 Nisi
1147 4511 1279 4566 Dominae
1292 4508 1451 4565 custodierit
1466 4509 1604 4563 ciuitatem
1620 4523 1630 4563 :

118 4592 297 4650 convertitur
310 4593 340 4650 ia
354 4592 509 4668 liquorem.
1009 4628 1012 4640 ‹
1071 4601 1184 4655 Frrutro
1197 4598 1292 4671 vipilot
1305 4598 1354 4669 poi
1366 4595 1480 4653 melodii
1494 4611 1564 4652 acm.

136 4683 156 4739 θ
191 4682 247 4753 Qui
259 4684 397 4740 suuiaoot
413 4685 441 4739 in
458 4685 600 4758 locrprrris.
1037 4688 1173 4746 thivitas
1183 4687 1262 4744 enirn
1275 4685 1388 4742 Domini
1399 4683 1581 4741 Hierusalem
1592 4682 1837 4758 intelligiturem·

190 4773 221 4829 lo
236 4773 419 4831 exsultatione
433 4781 544 4831 metent.
1001 4777 1093 4848 lestis,
1104 4778 1190 4849 cujus
1205 4793 1273 4849 pars
1287 4774 1383 4831 adbuc
1402 4773 1607 4848 peregrinatur
1620 4771 1651 4830 in
1673 4773 1767 4832 terris
1782 4792 1792 4832 ε
1807 4774 1836 4831 in

155 4860 335 4935 GSpiritalis
352 4861 508 4922 seminatio
535 4879 651 4938 semper
673 4865 702 4920 in
728 4865 865 4941 lacrymis
877 4873 945 4925 est:
1002 4886 1059 4943 qua
1074 4867 1201 4941 episcopi
1217 4864 1336 4939 vigilare
1355 4880 1443 4936 super
1462 4878 1580 4937 gregem
1603 4878 1697 4920 suum
1713 4867 1836 4923 conteu-

120 4953 171 5006 aut
185 4950 264 5008 enim
289 4949 382 5008 sanati
406 4949 560 5024 deplorant
583 4953 729 5024 preterita
752 4961 880 5028 peccata,
897 4962 949 5014 aut
1001 4958 1126 5025 dunt‚ut
1136 4954 1267 5029 pervigili
1278 4968 1422 5009 euraeam
1433 4950 1749 5025 custodientzquibus
1758 4950 1835 5013 idem

120 5037 289 5095 cruciantur
307 5041 413 5096 timcro
433 5040 610 5106 futurorum,
627 5046 677 5097 aut
695 5044 948 5115 persecutionibus
1001 5047 1118 5114 dieitur,
1126 5045 1203 5118 quod
1213 5042 1427 5101 edificantibus
1439 5057 1446 5097 ε
1459 5058 1495 5098 ne
1505 5040 1629 5098 credant
1637 5039 1722 5099 solas
1732 5041 1836 5100 huma-

120 5124 290 5208 ogitaulttu:
307 5128 359 5186 sed
384 5128 433 5200 qui
459 5127 516 5186 tale
540 5146 640 5187 semen
664 5132 822 5200 seminant,
838 5139 949 5191 metent
1001 5153 1054 5192 nas
1070 5134 1184 5209 vigilius
1200 5133 1443 5207 praeclararum
1458 5127 1674 5188 soladirinitas
1687 5130 1835 5189 incursio·

121 5213 347 5291 gradiaturam
361 5216 576 5289 promissionis.
594 5221 717 5277 licentra
736 5226 902 5293 peccatores
917 5224 946 5281 in
1001 5225 1049 5281 nis
1064 5223 1193 5297 pericula
1209 5222 1302 5296 possit
1315 5237 1423 5277 arcera.

121 5303 228 5384 gaudio
243 5303 401 5376 seminant,
416 5311 444 5361 et
458 5312 573 5364 metunt
589 5309 617 5363 in
633 5309 782 5383 lacrymis.
1018 5316 1035 5370 3
1075 5316 1178 5370 l'ormm
1193 5320 1232 5368 est
1244 5311 1319 5367 colia
1333 5318 1400 5366 cate
1412 5310 1501 5367 lucem
1513 5312 1803 5382 surperer÷surortc
1818 5315 1829 5377 ξ

138 5394 156 5446 7
193 5395 384 5453 barreteam
397 5402 422 5452 ot
437 5397 562 5465 flebant:
1105 5411 1248 5475 postquam
1262 5399 1396 5457 sederitis.

51 5482 53 5486 ‘
193 5481 327 5541 Aittoutea
340 5485 446 5540 eerraira
460 5502 520 5540 soc.
1072 5494 1126 5561 Qui
1138 5491 1309 5548 manducatis
1322 5506 1423 5562 ponem
1437 5489 1550 5546 doloris.

157 5571 296 5632 Clientes
311 5571 494 5633 sanctibona
505 5577 662 5648 operando.
676 5577 815 5636 Flebant:
827 5581 945 5652 quando
1036 5585 1056 5638 t}
1071 5581 1173 5639 Adbuc
1192 5580 1272 5654 ipsos
1296 5579 1430 5637 doctores
1444 5577 1614 5650 alloquitur,
1631 5580 1667 5636 ut
1682 5576 1877 5638 efficacia-
