3884 6084
125 243 185 307 210
574 246 606 310 S.
629 246 829 312 BRUNONlS
851 239 1165 314 huttuteotuttsls
1187 247 1376 342 episcopt.

64 365 72 376 ¹
121 375 196 454 pule
210 375 354 452 proditus,
371 378 495 437 montem
509 377 615 438 subisti
630 398 682 455 pro
694 381 828 456 perditis,
843 383 948 443 exaudi
962 385 989 454 Α
1003 384 1021 440 6
1075 383 1272 443 inhabitabunt
1281 392 1309 442 et
1321 382 1486 442 abscondant
1499 384 1517 441 .·“

125 466 288 526 orationem
311 468 477 543 supplicum
503 474 533 526 et
556 476 671 544 praeta,
689 477 731 540 ut,
748 477 776 530 tc
791 490 908 547 vespere
923 479 952 533 et
1075 476 1131 548 lpsi
1143 475 1303 532 calcaneum
1316 490 1408 532 meum
1421 473 1610 532 auectam.

127 574 214 616 maus
228 557 407 632 meridieque
432 558 596 630 laudantes,
613 579 779 622 mereamur
801 566 838 621 ab
861 566 951 638 hujus
1004 567 1021 621 7
1076 565 1153 622 Simul
1165 566 1497 621 sustinueraatauimam
1510 578 1601 620 meam

126 647 225 706 muli
240 649 466 724 tempestatibus
481 650 781 720 defensariouioum
790 655 949 722 Patre,etc.
1076 657 1129 712 Pro
1151 655 1241 711 aibitc
1261 654 1350 711 saluos
1377 654 1462 727 facies
1492 651 1566 720 ilios,
1591 653 1621 708 in
1647 653 1695 708 ira
1717 653 1835 728 popalus

1112 746 1278 816 consciaque.

418 811 583 870 PSALMUS
601 813 659 870 LV·
1042 833 1243 892 Clnhabitare
1257 834 1393 891 videntur
1417 831 1533 891 subdoli
1558 829 1715 888 Christiani
1736 830 1834 888 Eccle-

357 918 557 959 ARGUMFMUM
577 920 656 960 ΡΜ·
676 922 719 960 W·
1006 923 1092 989 siam,
1104 925 1155 980 sed
1166 923 1279 981 malum
1289 941 1349 981 sna
1360 921 1560 996 perversitatis
1574 920 1770 989 abscondunt,
1781 936 1836 977 nec

224 1008 244 1064 C
259 1007 319 1064 Vox
332 1007 465 1066 Ecclesia
482 1009 512 1065 in
528 1011 728 1082 persecutione
743 1013 854 1085 posita.
1006 1011 1103 1085 palem
1119 1014 1183 1070 ausi
1199 1017 1267 1070 sunt
1283 1013 1415 1086 prodero,
1432 1011 1509 1086 quod
1529 1010 1628 1067 sciunt
1642 1008 1835 1083 apostolicam

127 1098 185 1155 aa.
203 1098 233 1153 la
248 1099 332 1170 duem
350 1115 404 1170 pro
443 1099 524 1171 epulo
539 1102 590 1184 qai
603 1117 620 1154 a
634 1104 737 1157 coactis
761 1103 840 1173 hauc
862 1104 952 1173 sactus
1006 1103 1170 1160 doctrinam
1181 1121 1239 1159 non
1250 1102 1366 1160 habere.
1376 1102 1434 1176 Ipsi
1443 1100 1613 1158 calcaneum
1623 1096 1834 1167 observabunt,

160 1178 208 1226 “i
224 1169 312 1254 ΒΜ
322 1172 355 1253 ,θ’
370 1115 447 1225 illusi
462 1173 639 1243 iusmtptioac
653 1189 715 1229 cum
729 1181 876 1232 mmm!
890 1192 953 1234 ‘lim
1006 1209 1089 1251 more
1103 1191 1310 1262 diabolico,vel
1326 1208 1428 1249 eornm
1443 1189 1494 1272 qni
1509 1187 1637 1247 ministri
1646 1186 1834 1262 ipsius-sunt,

162 1241 301 1314 mwhyh
316 1258 344 1299 ἠ
361 1241 435 1301 G‘m'
1006 1283 1058 1356 qui
1075 1282 1178 1339 ultima
1194 1287 1293 1339 nostra
1313 1280 1455 1338 insidiosa
1474 1277 1634 1337 calliditate
1656 1275 1834 1350 respiciunt,

162 1366 229 1422 Cin
245 1366 344 1430 filiam,
356 1367 419 1437 jum
437 1371 537 1423 notum
553 1372 611 1438 cst;
624 1386 676 1441 pro
687 1370 795 1443 populo
809 1370 890 1441 dicit,
901 1371 952 1445 qui
1007 1372 1157 1453 cupientes
1172 1389 1226 1428 nos
1241 1390 1258 1428 a
1274 1372 1330 1428 fids
1345 1374 1483 1436 evertere,
1500 1373 1529 1424 et
1543 1368 1578 1424 ad
1603 1370 1703 1424 reatus
1726 1363 1833 1422 disesi-

127 1455 268 1511 assuetis
284 1453 369 1528 longe
384 1456 553 1525 lactasset,
570 1458 639 1529 quia
662 1457 804 1516 iudaicus
826 1461 952 1533 populns
1006 1461 1090 1518 mina
1103 1460 1263 1534 peruenire,
1280 1459 1384 1516 saltem
1401 1458 1430 1515 in
1444 1457 1591 1514 extremis.

128 1542 469 1616 postulabatapitatope
478 1544 700 1619 inscriptionem
711 1547 788 1605 tituli
799 1549 876 1605 sieut
886 1566 952 1622 pro·
1043 1550 1066 1606 H
1081 1549 1291 1607 sustinuerunt
1304 1548 1433 1604 animam
1443 1546 1552 1604 Christi
1560 1544 1663 1611 iudai,
1673 1547 1835 1616 utusptum

125 1630 285 1705 phetarum
300 1631 356 1689 luit
371 1633 519 1702 scriberet,
528 1633 631 1691 nolens
644 1635 793 1693 Christum
809 1654 896 1694 suum
908 1655 952 1695 rc·
1008 1640 1037 1696 in
1052 1639 1148 1697 uerbis
1173 1642 1346 1696 recusarent
1369 1637 1562 1711 principibus.
1579 1634 1735 1695 salvantia
1753 1632 1835 1693 enim

128 1720 630 1795 gemdiciliooanrrx).illaveluntus
640 1724 952 1799 coslongelccitesen-
969 1761 992 1827 B
1008 1745 1059 1800 pro
1075 1727 1185 1797 nihilo;
1202 1727 1273 1784 dum
1289 1742 1346 1782 non
1361 1727 1581 1782 commutantur
1594 1722 1631 1779 ad
1643 1719 1781 1795 gloriam,
1797 1721 1835 1777 ad

127 1809 193 1878 otis,
206 1808 532 1883 quiasancthhristum
546 1829 633 1870 suum
646 1830 744 1888 regem
757 1815 813 1872 dici
828 1815 954 1889 glorian·
1007 1817 1152 1891 supplicia
1167 1819 1393 1874 transferuntur.
1413 1819 1443 1890 ln
1459 1814 1502 1869 ira
1517 1810 1641 1886 populos
1654 1809 1835 1884 conhinges,

128 1901 185 1953 tur.
197 1897 269 1954 Geth
285 1898 432 1972 signifieat
443 1900 575 1972 maculae,
585 1900 615 1958 id
625 1907 671 1960 est
680 1921 952 1979 pressuram,quam
1007 1907 1078 1980 quis
1093 1907 1211 1980 impacti
1227 1911 1297 1964 eunt
1312 1905 1342 1962 in
1356 1910 1468 1978 petram
1479 1899 1835 1972 offensionis,etlspidem

128 1986 225 2044 omnis
248 1987 360 2060 patitur
380 1987 565 2049 Christianus
580 1994 617 2048 ab
632 1990 798 2067 allophylis,
812 1994 842 2051 id
857 2001 902 2054 est
915 1997 952 2054 ab
1007 1994 1137 2053 scandali
1150 1998 1254 2070 (lPetr.
1265 1997 1307 2063 ιι).
1319 1995 1342 2050 Α
1356 1994 1377 2050 C
1392 1991 1444 2048 Vel
1459 1989 1595 2064 quamuis
1609 1985 1653 2044 illi
1668 1986 1837 2044 sustineant

42 2124 45 2135 .
116 2075 476 2136 'alienis-Philistinienim
487 2080 550 2153 (qui
561 2082 792 2141 nunoPalaestini
803 2085 954 2157 dicuntur)
1007 2086 1038 2143 in
1053 2085 1212 2154 malum,et
1222 2085 1258 2140 ab
1273 2085 1327 2140 hoc
1342 2081 1479 2155 indignes
1495 2096 1526 2136 se
1541 2076 1650 2135 iaciant
1661 2075 1834 2143 saluatione,

127 2165 185 2224 ulio
198 2167 317 2224 nomine
332 2166 470 2242 allophyli
486 2169 667 2228 dicebantur.
1006 2178 1039 2231 tu
1050 2180 1148 2232 mmen
1164 2172 1366 2231 misericordia
1379 2169 1479 2227 omnia
1493 2170 1617 2242 peecata
1626 2178 1836 2239 mpsranspro

128 2256 143 2312 l
199 2257 328 2314 haerere
353 2260 418 2326 mei,
448 2261 528 2329 Deus,
558 2263 689 2333 quautam
716 2265 886 2321 conculcarit
911 2282 953 2322 aaa
1008 2259 1533 2336 nihilo,idestgratis,nulliseorum
1544 2253 1656 2317 meatu
1671 2253 1837 2327 preceden-

235 2347 314 2404 bomc
328 2365 339 2402 .·
1007 2354 1104 2411 tibus:
1118 2352 1213 2411 salvos
1229 2351 1302 2408 lacis
1313 2350 1354 2407 ita
1365 2354 1408 2416 nt,
1420 2345 1506 2420 qnasi
1515 2344 1618 2412 iratus,
1628 2341 1732 2400 multia
1743 2340 1837 2398 tribu·

203 2437 264 2502 Tota
278 2436 322 2495 dic
336 2436 501 2509 impuauaue
516 2439 662 2499 tribulavit
673 2459 725 2499 mc.
1007 2442 1167 2500 lotionibus
1182 2440 1306 2515 populos
1321 2439 1459 2512 fatigatos
1475 2448 1624 2492 recurrero
1637 2431 1674 2489 ad
1689 2433 1719 2488 te
1733 2446 1834 2505 cogas.

164 2524 288 2599 CVirgo
303 2529 396 2582 mater
409 2526 538 2585 Ecclesia
561 2529 707 2588 calestem
734 2549 876 2604 sponsum
896 2533 953 2606 piis
1007 2531 1145 2591 Irasceris
1157 2535 1186 2587 et
1206 2528 1336 2596 deducis,
1351 2526 1435 2584 sevis
1458 2528 1488 2581 et
1509 2521 1616 2590 saluas,
1633 2524 1727 2578 terres
1741 2522 1771 2577 et
1785 2535 1835 2576 aa·

128 2613 266 2688 lacrymis
281 2619 418 2688 rogatus
434 2633 465 2673 se
479 2617 608 2690 patietur
621 2621 658 2677 ab
672 2620 801 2678 inimicis
815 2621 952 2694 opprimi.
1008 2639 1076 2688 cas;
1093 2621 1137 2678 ira
1149 2620 1274 2688 videtur,
1289 2620 1340 2675 sed
1356 2621 1486 2690 paterna.

129 2702 328 2786 liln'homiue
337 2704 527 2765 conculcante
537 2710 625 2780 atque
641 2709 841 2783 impugnante,
853 2711 954 2768 diebo—
1007 2714 1025 2768 8
1080 2716 1162 2776 Deua,
1177 2711 1263 2767 utam
1275 2704 1546 2765 meamauuuutiuui
1560 2702 1620 2761 att.

128 2790 191 2857 lum
202 2791 246 2851 vel
254 2791 434 2866 reliquarum
445 2795 643 2867 nequitiarum
655 2797 955 2870 spiritualiumosten·
1077 2800 1200 2857 Posuisti
1212 2799 1350 2871 taceamus
1363 2795 1484 2852 catasta
1496 2797 1640 2863 conspectu
1653 2795 1709 2845 tuo.

129 2878 174 2938 dit
186 2880 428 2953 persecutionem,
1042 2892 1063 2943 c
1077 2888 1174 2945 Vitam
1186 2903 1271 2944 suam
1281 2883 1438 2943 ennuntiat
1447 2883 1516 2947 Deo,
1527 2878 1578 2953 qui
1589 2880 1708 2952 peecata
1717 2873 1838 2950 propria

129 2973 149 3029 2
203 2969 437 3029 Concutcaucruat
450 2989 493 3030 me
507 2974 615 3032 inituici
628 2977 683 3035 osci
697 2983 752 3033 tcta
766 2977 834 3035 die:
1008 2976 1140 3035 conlltmi
1153 2993 1211 3034 nou
1227 2974 1382 3033 erubescit.
1400 2966 1836 3048 mcryma,quainconspsctn

200 3062 338 3130 Quoniam
351 3063 435 3119 multi
449 3062 576 3123 dalmatas
590 3065 735 3124 adversum
748 3083 801 3133 mc,
1009 3065 1125 3124 Domini
1136 3068 1296 3139 ponuntur,
1306 3061 1442 3135 jocunde
1453 3051 1612 3131 sunt,quia
1621 3071 1680 3112 uon
1690 3051 1838 3120 auctam,

129 3148 147 3206 ³
200 3149 240 3206 Aa
255 3149 401 3208 altitudine
414 3152 472 3210 diei
484 3153 604 3211 timebo:
968 3134 990 3202 C
1009 3156 1059 3213 sed
1076 3153 1286 3212 aernciatibus
1298 3149 1435 3209 liberant.

200 3238 255 3308 Eoo
270 3255 332 3296 cero
347 3241 377 3296 ia
392 3247 417 3297 te
430 3243 553 3314 sperabo.
1008 3245 1026 3300 9
1078 3247 1158 3304 Sicut
1171 3247 1197 3300 ct
1211 3244 1241 3299 ia
1253 3242 1436 3316 promissione
1451 3247 1523 3295 tua:

166 3325 187 3381 C
202 3324 309 3382 Vinum
322 3327 400 3388 enim
410 3346 469 3387 non
479 3331 609 3407 prolluit,
621 3332 677 3392 nisi
690 3333 813 3408 pedibus
824 3353 879 3393 uva
889 3353 955 3392 coa·
1082 3335 1154 3390 Tunc
1167 3338 1356 3389 connectentur
1369 3328 1480 3385 loduici
1493 3326 1548 3382 mci
1562 3330 1723 3381 reuersum.

130 3412 273 3473 calcetur.
290 3415 336 3472 Sic
352 3416 509 3477 ecclesiam
526 3419 556 3474 in
571 3422 713 3479 membris
727 3423 789 3480 suis
804 3424 956 3481 conculcat
1044 3421 1237 3479 CPromissio
1254 3419 1361 3494 quippe
1376 3416 1426 3476 Dei
1441 3419 1535 3485 est,ut
1544 3413 1608 3487 pias
1619 3412 1766 3485 lacryma
1776 3423 1838 3464 ⁰011

131 3502 282 3570 inimicus,
291 3508 323 3563 ut
332 3509 501 3564 sanctorum
511 3508 955 3583 meritagloriosaindenascan-
1009 3512 1126 3569 relucet.
1142 3512 1165 3568 H
1177 3509 1309 3584 Optanda
1323 3506 1394 3564 dicit
1408 3503 1546 3570 Ecclesia,
1557 3500 1685 3560 converti
1700 3494 1839 3554 inimicos

131 3596 189 3649 tur.
206 3593 281 3651 'lota
294 3593 351 3662 die,
367 3595 448 3651 omni
462 3599 592 3670 tempore
606 3603 709 3658 eontra
729 3618 794 3659 eam
814 3603 956 3662 rebellant
1010 3604 1181 3667 retrorsum,
1196 3600 1226 3656 id
1242 3604 1296 3667 est,
1313 3597 1404 3670 utqui
1420 3597 1544 3652 currunt
1557 3592 1593 3649 ad
1608 3589 1838 3648 internumeon·

133 3680 258 3753 inimici,
274 3681 325 3739 sed
341 3682 377 3740 de
391 3683 449 3754 his,
466 3685 536 3759 quis
550 3685 641 3761 aliqui
664 3695 881 3761 convertantur,
897 3711 955 3753 non
1009 3694 1160 3748 vertamur
1175 3690 1212 3746 ed
1227 3693 1330 3745 Deum

133 3770 206 3836 dicit
220 3787 333 3840 omues,
349 3772 401 3832 sed
416 3774 512 3833 multi.
1011 3781 1047 3836 10
1082 3776 1345 3852 laquacaaquedic
1360 3777 1578 3832 invocaveram:

168 3860 245 3919 cab
261 3860 417 3921 altitudine
434 3863 501 3934 diei,
517 3866 608 3924 istum
632 3870 777 3927 mundum
799 3871 956 3946 significat,
1082 3871 1147 3926 Ecce
1161 3867 1415 3941 coquoeiquoaiam
1430 3865 1499 3920 licus
1513 3876 1588 3918 aeus
1602 3875 1639 3916 es.

135 3948 660 4027 abitumetnltitudosuperbia.Nam
671 3958 748 4016 sicut
757 3960 957 4020 Christnsba-
1046 3962 1067 4013 C
1081 3958 1133 4014 llic
1148 3955 1334 4013 clementiam
1345 3952 1460 4010 Domini
1472 3947 1645 4025 pronuntiat
1659 3942 1841 4002 mirabilem-

134 4036 287 4096 militatcm
303 4040 495 4115 precipitita
506 4044 641 4103 diabolus
656 4046 819 4108 altitudinis
828 4049 958 4121 culuuqa
1012 4063 1069 4122 qus
1083 4046 1222 4120 pietatem
1239 4044 1392 4117 Propheta,
1412 4045 1445 4098 ut
1458 4041 1490 4096 in
1504 4050 1680 4113 quacunque
1692 4032 1743 4091 dle
1754 4032 1841 4088 invo-

132 4129 299 4201 maceda.
312 4130 369 4189 Sed
380 4133 457 4189 undo
468 4132 571 4193 timere
580 4153 638 4193 non
649 4137 753 4196 debeat
767 4139 896 4198 Ecclesia
904 4160 957 4199 nec
1012 4141 1095 4205 catus
1120 4135 1207 4193 luerit
1229 4132 1374 4201 Christus,
1390 4146 1506 4203 semper
1521 4144 1552 4187 ee
1567 4126 1727 4184 miseratus
1740 4118 1841 4177 indul·

133 4218 228 4285 cadat,
244 4219 353 4276 subdit.
370 4221 428 4296 lige
439 4221 469 4279 in
480 4227 508 4280 te
516 4226 650 4298 sperabo,
663 4227 713 4300 qni
729 4246 882 4304 uunquam
892 4231 966 4301 ina,
1012 4231 1087 4301 gent.
1103 4228 1283 4296 Quocunque
1306 4223 1366 4291 die,
1390 4219 1539 4294 significat
1566 4212 1672 4272 diuersi
1696 4207 1841 4284 tempests

134 4306 244 4381 decipis
260 4309 449 4369 confidentes.
1012 4313 1252 4372 satisfactionem.
1266 4308 1349 4368 Alius
1373 4309 1452 4368 enim
1476 4311 1536 4364 toto
1558 4308 1689 4377 tempore
1702 4299 1769 4356 vitu
1782 4298 1841 4355 θο-

135 4395 152 4453 l
204 4399 240 4454 la
250 4398 303 4455 lieo
319 4398 437 4460 laudabo.
450 4417 584 4463 semmua
598 4422 670 4467 auca
686 4426 695 4463 .·
1012 4401 1093 4460 mino
1104 4400 1259 4476 supplicat,
1270 4385 1841 4468 obseruationumanasmtnrmtius

204 4485 237 4541 lu
250 4486 304 4546 Deo
317 4490 428 4560 sacrani
441 4506 495 4547 aaa
510 4493 609 4551 timebo
621 4496 686 4568 qaut
696 4498 783 4568 saciat
796 4499 867 4555 milti
884 4515 956 4555 caro.
973 4511 996 4578 fl
1012 4493 1042 4549 in
1055 4492 1113 4549 line
1135 4491 1200 4548 viiae
1222 4489 1361 4556 cavatur,
1377 4503 1444 4545 ⁰0⁰0
1467 4482 1598 4558 ⁰⁰8³0Vi
1613 4481 1638 4539 Η
1652 4477 1708 4537 Am
1730 4490 1841 4550 mm

170 4573 191 4628 C
206 4572 238 4633 ln
253 4573 310 4634 Deo
325 4574 426 4635 laudat
440 4594 591 4639 sermones
606 4599 686 4653 suos,
703 4584 754 4658 qui
777 4603 865 4644 omne
880 4587 967 4660 qnod,
1013 4586 1099 4640 scunt
1126 4581 1220 4638 Deum
1246 4595 1298 4653 per
1326 4581 1489 4635 creaturam
1518 4571 1583 4631 eali
1609 4573 1639 4627 et
1652 4573 1747 4636 mnne,
1763 4563 1844 4622 sium

133 4661 265 4737 loquitur
280 4664 354 4723 benc
371 4682 377 4723 :
393 4666 452 4726 Deo
468 4668 625 4743 applicare,
641 4689 699 4731 non
715 4672 782 4739 sibi,
799 4676 957 4734 contendit.
1013 4671 1122 4730 Paulus
1136 4669 1207 4727 dicit
1223 4685 1230 4725 :
1246 4672 1302 4726 Per
1315 4685 1349 4725 ea
1365 4681 1428 4739 qua
1444 4665 1521 4722 laeta
1534 4655 1844 4719 suntiutelleetaaon-

134 4751 197 4812 Non
212 4751 332 4827 amabo,
348 4754 417 4826 licet
430 4757 530 4817 saeviat
544 4758 716 4819 carnificum
731 4778 849 4833 manus,
860 4765 961 4824 omnis
1014 4760 1180 4836 spiciuntur
1195 4759 1281 4832 (hom.
1297 4757 1336 4831 r);
1353 4754 1414 4825 alii,
1440 4767 1493 4828 per
1518 4746 1741 4824 inspirationem
1766 4741 1844 4843 divi·-

134 4845 232 4904 umen
244 4847 391 4905 tormenta
403 4846 528 4921 despicit
541 4847 672 4907 Ecclesia
685 4848 714 4905 in
731 4851 870 4911 membris
885 4853 959 4921 suis,
1014 4867 1103 4920 nam;
1121 4848 1181 4916 alii,
1197 4864 1249 4921 per
1263 4846 1358 4921 signa,
1374 4849 1408 4901 ut
1421 4843 1541 4901 Thonis
1556 4834 1659 4895 dixit:
1674 4832 1752 4890 lnior
1763 4829 1844 4932 dagl-

135 4946 198 5004 que
212 4937 360 5008 sacratu
375 4951 499 4994 munera
511 4936 628 4997 Domini
644 4937 810 4999 salvatoris.
1014 4945 1078 4997 tum
1094 4942 1179 4995 tuum
1195 4938 1252 4994 huc
1267 4936 1356 5010 (loca.
1371 4933 1440 5006 xx);
1457 4930 1518 4999 alii,
1540 4945 1593 5003 per
1615 4921 1843 4996 indulgentiam.

134 5018 152 5074 5
208 5020 270 5079 lota
282 5021 326 5079 die
341 5025 496 5085 caethaea
509 5029 746 5087 mactabantur.-
760 5029 909 5091 mausum
918 5049 961 5091 aas
1015 5027 1210 5096 clementiam,
1227 5029 1256 5083 et
1270 5022 1423 5091 auxillum,
1440 5025 1473 5078 ut
1487 5019 1671 5103 penitentes.

207 5107 304 5169 Omnes
317 5114 600 5183 coadatiaaescorum
615 5118 773 5177 iactatum.
1016 5121 1047 5176 ll
1086 5121 1119 5177 la
1143 5118 1196 5172 lico
1223 5113 1342 5172 laudabo
1370 5113 1491 5180 embron,
1522 5111 1553 5166 ia
1581 5105 1696 5164 aemma
1725 5098 1845 5158 limbi

172 5194 195 5259 ll
210 5196 282 5255 Tota
297 5198 344 5256 dio
365 5204 592 5265 oxseorabautur
619 5208 707 5265 verbs
732 5208 840 5267 Christi
867 5210 960 5269 indui
1121 5221 1273 5263 temonem
1288 5222 1298 5261 .·

135 5283 265 5341 dicentes
281 5296 287 5342 t
305 5287 368 5343 Non
395 5294 440 5346 est
468 5293 689 5367 prophetasad
717 5298 832 5354 seducit
859 5300 962 5355 turbas
1087 5298 1119 5353 la
1138 5300 1194 5352 Deo
1218 5294 1335 5366 scaeui,
1353 5308 1409 5350 aou
1437 5288 1536 5347 timete
1565 5283 1632 5359 quid
1659 5281 1745 5353 lilim
1769 5276 1847 5333 ''iii''

136 5375 227 5445 (tortu.
246 5378 306 5445 ιιι).
324 5377 518 5452 Cogitationes
543 5382 712 5442 iudeorum
737 5403 826 5444 versae
847 5392 917 5444 sunt
932 5388 960 5444 in
1122 5386 1210 5442 homo·

136 5463 259 5533 molum,
277 5471 379 5526 contra
402 5467 570 5539 Christum;
588 5476 616 5529 et
640 5478 836 5546 peccatorum,
862 5480 963 5533 contra
1052 5476 1074 5530 ll
1098 5474 1211 5531 Laudat
1234 5473 1341 5529 iterum
1365 5470 1510 5544 Propheta
1531 5464 1653 5523 uerbum
1677 5456 1769 5526 istud,
1785 5453 1847 5514 sire

136 5555 263 5612 mim·
1013 5579 1183 5624 sermenem
1200 5579 1207 5622 :
1224 5561 1352 5635 querat
1366 5560 1395 5620 in
1410 5556 1555 5634 principie
1571 5552 1654 5629 apud
1664 5547 1847 5615 Petroni&
