3884 6084
112 294 175 366 {08
729 302 939 370 sxeostrla
959 304 1215 372 mentiosus.
1763 307 1823 374 tuo

112 436 142 494 in
158 435 225 495 istis
239 433 319 495 vasis
333 432 423 495 simul
438 434 508 493 iacit
524 436 609 493 Pater
623 439 652 494 et
666 434 758 493 Filius
772 441 801 493 et
813 436 940 512 Spiritus
953 441 982 510 Α
996 445 1182 498 transeuntes
1198 439 1442 514 blasphemabant
1455 458 1533 499 eum.
1549 438 1634 503 Pater
1648 441 1756 503 Filium
1771 445 1821 515 be,-

115 532 235 584 sanctus
252 544 258 583 :
275 524 319 583 rol
335 524 444 598 suavis,
460 525 490 583 in
506 525 602 583 carnis
617 525 828 601 assumptione.

113 616 143 674 u
184 616 282 674 Libero
297 632 340 672 me
352 616 417 690 quia
430 630 531 685 coenus
544 619 571 673 et
583 632 689 689 pauper
699 631 746 687 epo
760 632 822 672 auru
837 636 846 671 :

184 709 218 763 st
232 721 281 763 eor
294 721 385 760 mum
398 707 591 762 conturbatum
606 713 646 761 est
661 707 735 761 intra
749 722 801 761 me.

97 782 100 788 ¹
145 796 168 852 G
183 794 290 852 Libera
303 811 360 862 me,
378 794 407 849 iu
420 793 558 867 passione
578 794 740 851 sevissima
759 795 938 851 Jurlaeorum.

111 886 243 959 Egenum
258 888 287 942 et
302 898 462 957 pauperem
478 900 509 940 se
524 882 595 939 dicit
605 901 640 940 ex
652 882 819 940 humilitate
830 884 937 940 cernis.

996 531 1116 599 nedixit,
1133 548 1200 587 cum
1223 530 1282 587 ait:
1297 532 1330 586 Et
1351 531 1505 588 clarificavi
1531 535 1560 587 et
1584 532 1689 589 iterum
1715 532 1821 591 clarifl-
1850 549 1856 559 ’

995 620 1066 675 cabo
1080 621 1169 693 (teon.
1184 622 1246 692 uu).
1262 621 1483 677 lusurrcxoruat
1496 621 1590 678 Judai
1612 623 1752 682 adversus
1763 624 1820 683 Do·

994 708 1120 776 minum,
1146 711 1179 763 ut
1206 725 1273 765 eom
1302 710 1365 765 neci
1394 710 1551 766 truderent.
1581 709 1699 767 contusi
1726 718 1819 772 sunt:

995 797 1111 868 quando
1128 798 1349 854 resurrectionis
1363 800 1428 871 ejus
1448 798 1591 856 miracula
1612 808 1819 875 cognoverunt.

994 886 1101 941 Servus
1116 904 1122 941 :
1137 886 1299 943 secundum
1320 886 1479 956 hominem,
1497 892 1529 943 ut
1554 888 1644 945 isaias
1668 889 1708 945 ait
1724 908 1730 947 :
1748 891 1820 953 Ecce

111 974 166 1031 Gor
180 972 388 1031 conturbatum
405 970 540 1040 est,sicut
553 971 617 1045 ipse
632 972 782 1045 professus
797 975 842 1028 est
858 988 865 1029 ε
881 973 941 1028 Tri·

111 1063 165 1120 siis
180 1066 226 1120 cst
241 1061 340 1118 anima
354 1076 421 1117 mea
435 1077 528 1133 usque
543 1061 578 1117 ad
600 1065 724 1118 mortem
740 1062 832 1131 (liora
850 1064 921 1135 xiv.)

110 1156 146 1209 22
182 1153 260 1209 Sicut
278 1151 377 1207 umbro
386 1168 449 1207 meru
464 1149 584 1207 declinat
597 1152 706 1207 ablatas
720 1168 805 1207 enen:

183 1244 217 1299 ut
230 1257 360 1297 cacanus
372 1257 435 1296 sum
447 1242 517 1296 sieut
532 1241 644 1298 tecnam.

148 1331 236 1387 Cllie
259 1327 441 1385 velocitatem
468 1328 678 1402 persecutionis
702 1329 830 1386 ostendit
846 1347 853 1386 :
870 1348 940 1403 quo-

994 992 1095 1032 servus
1107 993 1200 1044 meus,
1217 976 1377 1050 suscipiam
1402 994 1469 1051 epm
1485 978 1548 1049 (lsa.
1563 977 1643 1050 sorr).
1659 977 1683 1034 ll
1698 977 1819 1035 Maledi-

994 1068 1060 1120 cent
1075 1065 1116 1120 illi
1134 1084 1140 1121 :
1158 1083 1250 1140 usquo
1265 1066 1351 1123 hodie
1367 1066 1420 1122 hoc
1436 1066 1468 1121 lit
1483 1065 1525 1122 illi
1542 1065 1720 1124 maledicunt
1735 1067 1764 1123 in
1776 1085 1820 1143 sy·

994 1170 1123 1227 nagoga;
1142 1154 1275 1212 Christus
1290 1155 1435 1211 benedicit
1450 1155 1480 1210 in
1496 1154 1632 1211 Ecclesia.

993 1244 1028 1296 28
1064 1243 1218 1300 lruluuntur
1231 1246 1280 1317 qui
1293 1245 1440 1300 detrabunt
1454 1245 1524 1300 milti
1535 1246 1638 1318 madere
1653 1265 1662 1300 .·

1065 1335 1102 1389 Et
1116 1336 1277 1406 operiantur
1289 1333 1490 1405 sicutdiptorilc
1503 1333 1664 1409 confusione
1677 1351 1736 1391 saa.

114 1421 190 1478 niam
206 1422 292 1477 tauta
304 1417 450 1475 celeritate
461 1419 497 1474 de
508 1418 604 1475 medio
615 1418 826 1491 discipulorum
838 1424 939 1493 raptus
1030 1422 1053 1478 ll
1067 1428 1087 1478 G
1102 1423 1265 1479 luduautur
1293 1423 1403 1495 pudore
1431 1422 1608 1478 detractores
1627 1439 1633 1478 :
1650 1423 1705 1481 hoc
1724 1429 1767 1480 est
1784 1406 1817 1483 ut

112 1512 280 1583 est‚quanta
294 1507 445 1565 velocitate
459 1505 534 1563 solet
549 1507 654 1563 umbra
669 1509 763 1564 noctis
779 1509 937 1578 discedere,
992 1510 1158 1584 intelligant
1171 1528 1299 1567 errarem
1314 1515 1343 1567 et
1357 1511 1575 1569 contundantur
1585 1500 1739 1583 pudore,et
1749 1498 1817 1570 inde

110 1599 242 1656 veniente
257 1596 329 1655 eolis
343 1596 616 1653 lumineExoussus
632 1596 708 1653 sicat
723 1597 836 1655 locusta
852 1616 858 1654 :
874 1616 938 1672 quea
993 1600 1136 1674 incipiant
1150 1602 1247 1657 venire
1263 1602 1298 1657 ad
1315 1600 1525 1673 peonitentiam.
1542 1600 1595 1664 Oui
1612 1600 1689 1657 caim
1707 1603 1817 1675 pudere

111 1704 215 1744 manus
231 1685 481 1760 apprehendentis
495 1685 800 1759 evitans,quibusdam
812 1686 938 1745 saltibus
992 1689 1134 1758 induitur,
1151 1707 1239 1762 prope
1255 1693 1300 1745 est
1315 1689 1403 1746 saluti
1421 1707 1427 1746 :
1442 1689 1546 1762 siquis
1561 1690 1639 1745 onim
1655 1707 1721 1747 vere
1745 1708 1816 1748 con·

109 1776 213 1834 euolat.
232 1776 255 1832 H
270 1781 291 1831 c
305 1775 353 1832 Sic
371 1775 503 1832 Christus
519 1792 536 1831 a
551 1775 803 1848 persecutionibus
827 1777 976 1876 crebrisB
993 1779 1135 1847 funditur,
1150 1779 1253 1852 incipit
1269 1778 1443 1850 presbiterali
1455 1780 1479 1832 Α
1491 1777 1512 1832 G
1522 1776 1652 1852 Diplois:
1669 1794 1762 1853 genus
1773 1784 1817 1837 eat

110 1866 236 1941 fugiens,
253 1864 317 1921 loca
335 1864 487 1920 ridebatur
507 1864 621 1920 diversa
646 1868 770 1934 mutare,
787 1864 932 1922 nezolum
989 1867 1080 1940 pallii,
1097 1868 1208 1923 scilicet
1236 1866 1343 1939 duplex
1371 1865 1504 1938 pallium.
1528 1866 1549 1921 C
1579 1865 1651 1922 Petit
1676 1883 1755 1940 ergo,
1785 1873 1817 1926 ut

109 1951 933 2028 suumpaulusimpleret,autequamipsemorivoiuisset.
989 1957 1144 2029 utriusque
1167 1955 1239 2029 legis
1264 1955 1458 2029 intelligentia
1479 1954 1651 2022 vestiantur,
1665 1956 1716 2029 qui
1736 1973 1815 2013 nunc

107 2045 143 2102 Yd
177 2043 273 2101 &aaa
285 2058 346 2111 rna
357 2042 498 2113 infirrnata
511 2047 577 2099 aunt
592 2059 609 2098 o
623 2044 727 2114 jejunio
743 2062 752 2098 :
989 2048 1114 2118 utroque
1129 2045 1266 2117 (iaciente
1287 2045 1420 2118 perfidia)
1436 2043 1538 2100 nudati
1565 2048 1644 2100 sunt.
1666 2044 1816 2102 Confessio

176 2134 210 2190 Et
224 2149 288 2189 care
302 2148 362 2189 mea
376 2132 520 2189 immutata
534 2140 573 2188 est
581 2135 694 2204 propter
708 2134 808 2188 obirata.
989 2133 1067 2190 enirn
1082 2132 1249 2189 ludaeorum
1264 2131 1424 2205 astiagem
1440 2148 1497 2187 uon
1512 2129 1684 2205 intelligere,
1698 2150 1761 2206 que
1776 2137 1817 2190 to-

140 2224 164 2279 Α
178 2222 284 2279 Genua
299 2221 387 2279 sortes
401 2220 538 2277 videntur
553 2220 627 2277 mihi
641 2220 672 2277 in
687 2221 861 2291 Ecclesia,ut
875 2222 935 2278 sue
989 2223 1043 2279 ties
1060 2221 1235 2285 Salratorem
1254 2220 1407 2294 praecinuit
1424 2218 1569 2276 advenire.
1586 2219 1651 2289 Sive
1676 2219 1813 2294 diploide,

108 2315 175 2368 runt
190 2309 595 2384 apostoli.Ergo,Ginfir1naia
604 2316 675 2367 sunt
689 2327 785 2385 genua
796 2329 803 2367 :
816 2311 934 2384 quando
989 2312 1017 2367 id
1033 2315 1078 2367 est
1092 2309 1201 2383 duplici
1216 2309 1396 2378 confusione,
1414 2307 1523 2365 scilicet
1537 2312 1603 2364 aute
1614 2308 1707 2365 Deum
1722 2312 1751 2366 et
1765 2310 1814 2367 bo-

109 2397 230 2475 spostoli
245 2400 310 2472 ejus
325 2399 356 2455 in
369 2398 507 2472 passione
522 2402 592 2455 sunt
607 2398 743 2471 dispersi.
760 2399 834 2466 Quid
854 2400 933 2457 enim
988 2400 1093 2457 mines.

110 2489 200 2565 potuit
213 2504 280 2545 esse
294 2487 452 2556 iullrmius,
469 2504 559 2561 quam
581 2492 612 2543 ut
636 2488 738 2544 Petrus
759 2494 890 2563 negaret,
906 2494 935 2546 et
987 2491 1024 2546 29
1061 2489 1212 2562 Confitetur
1226 2490 1344 2545 Donrino
1357 2489 1441 2543 trimis
1457 2488 1487 2541 in
1500 2502 1547 2543 ore
1558 2501 1617 2543 uteo
1631 2506 1642 2542 .·

112 2576 316 2651 reliquaturba
326 2575 457 2633 fidelium
471 2574 768 2633 latuissct‘lHOleum
778 2577 826 2634 hic
836 2578 933 2653 imago
1059 2580 1091 2634 Et
1106 2580 1134 2634 tn
1150 2577 1238 2634 medio
1252 2578 1401 2633 rrrnltnum
1417 2574 1534 2631 laudabo
1548 2590 1620 2630 enm.

114 2672 153 2724 est
165 2666 308 2739 claritatis
323 2665 384 2722 Dei.
400 2666 421 2722 G
436 2664 501 2721 Sive
515 2664 611 2738 gratia
632 2664 740 2732 divina,
758 2684 823 2740 qua
836 2668 934 2724 carnis
1023 2667 1115 2725 Clloc
1131 2666 1238 2723 dicitur
1248 2683 1265 2722 a
1275 2670 1356 2738 parte
1367 2664 1567 2720 membrorum
1578 2679 1586 2718 ε
1599 2663 1738 2743 quoniam
1749 2666 1816 2739 post

116 2753 308 2812 infirmitatem
318 2752 479 2829 ingloriam
491 2752 721 2811 immortalitatis
731 2758 932 2813 commutavit.
988 2756 1230 2813 resurrectionem
1246 2757 1349 2811 sanctu
1369 2753 1420 2809 Doi
1435 2752 1574 2821 Ecclesia,
1591 2757 1651 2809 toto
1674 2754 1744 2810 orbe
1757 2752 1814 2810 dit-

119 2844 245 2901 tbleum
258 2842 331 2901 illud
346 2847 390 2899 est
405 2841 556 2915 plenitudo
572 2844 671 2916 gratia
683 2842 836 2902 inebriato
848 2863 855 2900 :
868 2863 933 2919 que
988 2847 1063 2915 susa,
1080 2846 1173 2902 Deum
1201 2844 1374 2917 deprecatur
1397 2845 1426 2897 ct
1449 2858 1497 2898 are
1521 2845 1550 2898 et
1572 2841 1764 2921 consessione.
1779 2847 1813 2899 Iu

122 2937 254 2989 mortuam
270 2930 432 2989 humanam
449 2935 584 2987 naturum
597 2930 627 2986 in
642 2930 766 3005 gloriam
792 2949 934 2990 resurrec·
988 2935 1084 2993 medio
1100 2933 1260 2990 multorum
1277 2951 1283 2988 :
1301 2933 1395 3004 ipsam
1415 2945 1532 3003 quoque
1555 2928 1715 3009 Ecclesiam
1739 2931 1815 2988 desi-

121 3019 194 3078 tiouis
208 3020 341 3078 mutavit.
987 3020 1365 3098 gnat‚quae,circumpositis
1380 3018 1476 3074 adhuc
1487 3018 1617 3092 perfidis,
1632 3035 1691 3074 uon
1705 3019 1814 3075 desinit

122 3110 146 3165 tl
177 3112 232 3182 Eoo
244 3112 336 3183 [octus
349 3109 597 3182 eumorprobrinm
612 3109 670 3165 illis
685 3127 692 3164 ε
988 3114 1046 3170 Deo
1062 3110 1227 3169 confiteris
1243 3109 1337 3165 Nimis
1352 3106 1409 3162 dici
1425 3106 1498 3163 solet
1513 3106 1736 3180 (consuetudine
1750 3122 1812 3165 ser·

177 3199 311 3257 Viderunt
324 3216 368 3255 me
382 3206 407 3255 et
421 3206 564 3256 rnoununt
578 3201 669 3271 capito
682 3216 743 3255 aua.
946 3176 968 3243 C
987 3201 1083 3258 monis
1099 3198 1206 3270 Latini)
1220 3198 1298 3271 quod
1310 3196 1375 3270 plus
1386 3197 1431 3252 est
1441 3212 1530 3268 quam
1541 3194 1690 3252 debet.Cui
1701 3200 1812 3253 contra·

143 3289 279 3345 GFactus
293 3291 338 3344 est
351 3286 485 3344 Christus
500 3288 530 3343 in
549 3287 739 3360 opprobrium
761 3289 930 3346 ludaeorum
986 3291 1061 3346 rium
1078 3293 1121 3346 est
1135 3304 1238 3362 parum
1257 3304 1263 3342 :
1281 3285 1470 3358 quodminus
1485 3287 1530 3340 ost
1542 3299 1631 3357 quam
1648 3284 1743 3341 debet.
1754 3285 1812 3342 Sed

120 3373 266 3435 dicentium
284 3396 291 3433 :
306 3376 368 3432 Vah
384 3375 434 3449 qui
449 3375 578 3433 destruis
598 3376 742 3450 templum
759 3377 808 3434 Dei
823 3378 929 3450 (llattb.
986 3378 1085 3445 nimis,
1102 3378 1199 3433 Gracc
1214 3391 1287 3447 agan
1301 3373 1416 3430 dicitur.
1436 3372 1493 3430 lste
1508 3376 1606 3429 autem
1620 3388 1811 3447 versus,sgan

117 3467 202 3541 mni),
216 3471 246 3524 et
261 3470 373 3535 caetera,
389 3482 453 3538 que
467 3464 580 3521 insama
594 3466 744 3522 mentibus
758 3466 932 3524 videbantur
986 3467 1153 3535 nonhabet,
1171 3466 1221 3521 scd
1238 3465 1325 3520 habet
1341 3463 1406 3519 aion
1419 3480 1426 3518 τ
1440 3462 1518 3534 quod
1530 3462 1707 3535 quandoque
1717 3461 1814 3533 rude,

115 3555 410 3631 approbriazsedipsa
422 3554 540 3611 luerunt
551 3572 614 3628 qua
630 3554 716 3611 nobis
731 3555 852 3629 probata
863 3560 932 3613 sunt
986 3556 1164 3630 quandoque
1180 3553 1279 3619 nimis,
1292 3552 1413 3625 quidam
1431 3549 1521 3608 nostri
1537 3550 1719 3625 interpretati
1731 3554 1811 3621 sunt,

113 3644 235 3702 mulerre
249 3644 436 3701 medicinam.
451 3644 603 3700 Moverunt
617 3642 713 3716 capita
729 3660 736 3700 z
752 3645 789 3700 ad
809 3661 930 3701 consue-

112 3730 238 3791 tudinem
254 3733 380 3807 pertinet
394 3730 483 3789 uimis
496 3731 770 3806 irascentium,quia
780 3731 821 3788 illi
833 3734 931 3790 turbu·

108 3814 183 3878 lanta
195 3821 302 3894 capitis
316 3821 512 3878 commotione
528 3820 689 3877 minantur.

92 3905 144 3981 ,Β
176 3910 281 3984 Adiuro
294 3926 347 3978 me,
362 3911 474 3967 Domine
488 3911 559 3965 Deus
571 3925 670 3966 meus:

178 3999 289 4055 &laum
301 4015 344 4056 me
355 3997 561 4073 securandum
575 3997 794 4055 nriserieordiam
808 4007 893 4055 tuane.

146 4086 309 4160 tlltdjuvari
326 4104 358 4144 se
372 4087 445 4161 petit
459 4090 598 4160 suscepta
612 4087 779 4143 iufirmitas.
793 4088 815 4143 H
829 4088 850 4143 G
866 4094 932 4162 lpse

108 4173 186 4230 enim
199 4175 428 4233 misericordiam
444 4176 528 4249 petit,
540 4174 591 4248 qui
606 4178 636 4231 et
649 4175 791 4231 auxilium
809 4176 910 4232 tribuit
923 4194 929 4245 ;

109 4268 190 4336 regu
202 4269 233 4321 ot
246 4264 346 4335 hemo,
362 4269 481 4338 prestat
494 4267 528 4320 ut
542 4265 620 4322 Deus
634 4281 640 4320 :
659 4265 730 4337 petit
749 4280 817 4338 ergo
832 4282 929 4322 resur-

111 4353 259 4411 rectionem
274 4354 416 4426 corporis.
592 4420 597 4429 .

111 4436 155 4493 26
181 4448 210 4500 st
220 4446 310 4501 sciam
323 4446 392 4517 quio
404 4461 504 4501 monus
519 4450 566 4500 tuo
579 4444 639 4502 lraec
654 4462 663 4498 :

181 4534 207 4590 a
220 4542 257 4599 tu,
273 4534 399 4605 Domine,
414 4534 507 4605 fecati
521 4550 591 4590 eom.

155 4616 212 4677 llEt
224 4623 328 4690 sciunt,
345 4622 374 4678 id
400 4626 445 4679 est
465 4620 632 4695 intelligant
655 4620 748 4677 iudei
766 4639 772 4678 :
790 4622 930 4695 quoniam

123 4712 172 4762 fleu
182 4709 233 4783 ipsi
247 4709 464 4784 praevaluerunt
478 4711 509 4765 in
530 4710 710 4779 christo,sed
726 4727 780 4767 sua
794 4714 823 4767 et
836 4711 930 4767 Patris

97 4816 101 4821 ·
125 4792 236 4856 'aluums
250 4803 325 4867 erat,
341 4803 374 4855 ut
388 4799 548 4856 sustineret
561 4815 678 4857 crucem
693 4816 745 4872 pro
762 4800 931 4872 nobis,quia

128 4888 210 4944 huus
221 4892 272 4945 tua
285 4886 381 4944 haec
397 4889 426 4944 ld
441 4892 487 4944 est
502 4891 631 4962 potestas
646 4891 739 4955 tuu,ct
753 4887 930 4944 subaudien-

130 4964 309 5050 insoporata
322 4981 369 5034 est
382 4977 454 5034 haec.
472 4977 495 5033 H
511 4975 562 5035 Vel
584 4992 690 5034 manus
714 4981 765 5033 tua
789 4976 849 5033 huc
874 4981 928 5043 est,

130 5059 213 5121 utcu
224 5064 252 5121 in
269 5065 405 5138 passione
420 5082 487 5122 mea
500 5070 529 5122 et
552 5065 774 5123 resurrectione.
790 5067 814 5121 A
828 5067 861 5121 Et
876 5065 929 5122 hec

61 5154 64 5159 '
127 5149 197 5210 aut
213 5159 316 5228 postea
339 5146 491 5213 credentes
515 5154 544 5210 in
571 5171 618 5211 me
635 5170 641 5209 :
658 5154 708 5227 qui
734 5171 812 5211 nuuc
836 5171 930 5227 perse-

124 5247 232 5317 ttuotur
244 5260 304 5301 mc.

54 5340 57 5357 ²
120 5328 145 5383 27
172 5333 337 5390 Maledicent
350 5333 398 5389 illi
411 5341 436 5390 et
451 5341 480 5390 tu
495 5332 633 5391 caudices
650 5350 656 5387 :

203 5426 254 5497 qui
263 5425 413 5496 inserpunt
430 5426 459 5480 in
470 5439 513 5480 rue
525 5422 732 5494 confundantur
746 5441 756 5475 .·

169 5516 268 5570 &roua
283 5521 377 5571 oman
391 5522 484 5571 autem
498 5520 560 5569 tuas
576 5512 724 5570 mittitur.

138 5601 343 5663 Gidaledicent
366 5600 409 5663 illi
426 5619 433 5660 2
450 5599 562 5661 scilicet
586 5600 636 5674 qui
661 5604 810 5659 moventes
835 5602 931 5674 capita

986 3646 1037 3702 sed
1053 3644 1142 3701 nimis
1157 3661 1209 3716 pro
1224 3660 1257 3698 eo
1273 3640 1349 3714 quod
1365 3644 1409 3697 ost
1423 3639 1505 3696 valde
1520 3638 1719 3713 intelligatur:
1736 3640 1815 3698 uude

986 3739 1015 3791 et
1029 3731 1183 3791 translatio
1197 3731 1318 3787 Hebraea
1342 3746 1400 3785 non
1424 3729 1512 3785 habet
1536 3727 1626 3786 nimis
1650 3729 1702 3786 sed
1724 3729 1813 3787 vehe-

985 3828 1108 3881 menter.

984 3914 1021 3968 30
1056 3912 1111 3982 Qui
1126 3911 1214 3965 astitit
1227 3926 1244 3964 a
1258 3908 1360 3965 deutris
1372 3907 1525 3978 pauperia:

1059 4000 1090 4056 llt
1121 4000 1223 4054 utram
1252 4001 1353 4069 [armet
1385 4013 1403 4050 a
1432 3994 1657 4066 persequentibus
1689 3994 1814 4051 aninam
1900 4038 1904 4043 .
1931 4051 1935 4059 Ι

1091 4104 1191 4143 meum.

1021 4180 1040 4233 C
1055 4175 1130 4232 Dicit
1145 4174 1200 4230 sibi
1216 4173 1346 4230 astitisse
1363 4172 1477 4227 Patrem
1491 4188 1508 4226 a
1523 4168 1632 4227 dextris
1649 4169 1739 4242 :quia
1748 4186 1812 4242 peo-

985 4268 1050 4322 cate
1065 4281 1122 4319 oon
1135 4263 1248 4330 habuit,
1265 4261 1316 4318 scd
1330 4265 1359 4318 et
1385 4258 1520 4316 lldelibus
1541 4258 1665 4323 assistit,
1679 4274 1746 4314 cum
1761 4258 1812 4315 de-

984 4353 1055 4410 licta
1082 4351 1236 4408 remiserit.
1262 4348 1347 4406 Salva
1374 4349 1450 4405 lacta
1478 4346 1812 4420 estapersequeutibus

985 4440 1083 4499 anima
1099 4441 1163 4512 ejus
1179 4457 1186 4495 ε
1203 4436 1321 4512 qu'audo
1336 4441 1556 4511 persecutorum
1572 4436 1711 4510 nequitiis
1730 4434 1814 4494 nulla

945 4539 970 4605 D
985 4531 1128 4606 pravitate
1143 4527 1302 4586 consenslt.

1224 4652 1326 4691 nutrio
1344 4652 1380 4690 EX
1399 4651 1478 4691 PSAL.
1498 4651 1576 4691 CVlli.

1019 4743 1108 4800 Unice
1124 4741 1333 4809 miserationis,
1350 4742 1437 4807 Deus,
1447 4740 1645 4798 maledictioni
1661 4740 1812 4810 subjacere

983 4833 1034 4905 qui
1049 4832 1188 4905 dignatus
1203 4849 1235 4887 es
1251 4836 1283 4886 ut
1306 4847 1360 4886 aas
1375 4848 1392 4885 a
1408 4828 1563 4884 maledicto
1586 4827 1661 4900 legis
1682 4843 1810 4897 erueres,

982 4937 1163 4994 quesumus,
1177 4923 1208 4975 ut
1224 4918 1313 4975 iacias
1329 4918 1484 4973 nobiscum
1502 4915 1733 4973 misericordiam
1747 4932 1811 4989 pro·

982 5015 1046 5082 pter
1060 5026 1167 5066 nomen
1181 5011 1309 5075 tuomet
1320 5005 1451 5078 digneris
1467 5020 1521 5060 nos
1535 5020 1553 5060 a
1568 5003 1811 5077 persequentibus

983 5097 1061 5155 vitiis
1075 5102 1104 5154 et
1118 5114 1136 5153 a
1150 5095 1295 5152 malorum
1320 5093 1579 5150 obtrectationibus
1602 5092 1736 5151 liberare.
1756 5095 1811 5161 Qui

982 5186 1055 5243 vivis
1070 5191 1098 5242 et
1112 5202 1228 5259 regnas,
1244 5189 1298 5240 etc.

1267 5298 1433 5355 rsnLMUs
1457 5297 1523 5354 CIX.

1210 5406 1406 5446 nsaoarsurcur
1426 5405 1504 5446 esan.
1525 5405 1581 5445 cm.

1019 5507 1188 5564 Cl‘salmus
1202 5506 1250 5563 hic
1266 5507 1301 5562 de
1317 5506 1515 5562 incarnatione
1525 5504 1734 5577 Domini,etde
1744 5505 1809 5577 ejus

983 5599 1089 5656 deitate
1105 5595 1275 5670 plenissime
1290 5595 1473 5668 breviterque
1487 5595 1632 5653 decantat.
