3900 6098
649 307 856 373 ElathlUlll.

1556 320 1616 386 890

85 480 119 534 ts,
130 465 282 537 postquam
301 452 426 514 excessit
445 448 482 504 ad
497 462 654 519 superos,
674 442 728 497 de·
744 442 772 508 Α
787 442 945 503 nescimus
956 447 1122 520 quidQuod
1134 451 1253 509 verbum
1268 452 1388 526 quidam
1405 470 1439 511 ex
1452 453 1537 512 nobis
1549 471 1615 511 cum

85 552 254 609 ltumulum
270 539 523 619 ejusstuduimus
539 533 643 587 vobis
664 531 731 585 bre·

85 644 264 697 innotescere.
275 640 343 694 Post
356 634 428 687 duos
444 639 561 681 menses
575 632 684 686 ergo,
697 636 732 674 ex

98 729 190 785 abbas
203 729 319 783 venerat
334 724 369 779 ad
385 736 436 775 nos
451 711 543 789 gratie
559 702 730 763 visitandi

85 817 148 873 aneti
174 816 269 872 ltlaioli
296 803 511 887 predecessoris
527 794 593 861 sui,
618 795 729 855 votens

85 905 177 974 edire,
191 908 308 975 regatus
320 907 364 958 est
379 894 533 971 quamdam
548 878 726 945 ecclesiam

85 1012 90 1048 ι
102 992 148 1049 die
158 993 318 1057 Dominico,
326 992 438 1046 astante
448 985 613 1039 innumera
625 978 728 1035 inulti·

89 1099 170 1148 num,
189 1082 311 1137 missam
327 1094 439 1134 canere.
455 1073 527 1130 lline
541 1081 616 1124 vero
629 1066 725 1126 altera

85 1155 723 1227 tiadecimucstadicNutalisDcnrini‚dum

85 1279 99 1328 ·,
113 1258 219 1315 solitus
235 1259 317 1313 dolor
336 1253 446 1311 ventris
461 1269 528 1309 eum
545 1249 676 1318 invasit;
693 1255 723 1307 et

85 1365 116 1404 er
125 1365 175 1403 sex
186 1346 412 1403 continuosdies
420 1350 553 1415 torquere
560 1358 619 1395 non
632 1341 722 1397 desti-

85 1453 109 1493 ts
126 1437 244 1493 tandem
262 1434 431 1507 relinquens
442 1432 537 1498 illum,
550 1430 643 1488 solam
655 1448 720 1488 eor-

85 1525 187 1593 ienem,
207 1525 249 1579 uti
267 1524 328 1596 ipse
344 1523 495 1590 referebat,
513 1538 571 1576 non
588 1520 720 1577 dolorem

85 1630 95 1670 ι
111 1612 212 1671 valens
228 1613 305 1669 ultra
321 1613 483 1685 quidquam
499 1611 556 1667 cibi
571 1610 616 1667 vel
632 1616 721 1683 petus

87 1708 130 1760 ter
140 1702 252 1775 aliquid
264 1701 365 1767 mulsi,
375 1701 453 1772 quod
463 1700 549 1756 ctiam
557 1700 722 1773 postmodi-

85 1789 720 1865 ibat.l³igiliaenimNatalisDominiveuiens

85 1898 111 1949 n,
127 1898 159 1937 se
175 1881 238 1935 solo
255 1881 380 1935 ubertim
403 1878 548 1952 lacrymas
571 1879 720 1934 fundendo

85 1988 139 2027 sum
151 1969 267 2026 Domini
280 1969 462 2024 nativitatem
475 1968 663 2040 pronuntiare
672 1985 722 2022 au-

85 2073 109 2114 re
119 2074 285 2114 sennonem
299 2062 455 2130 postquam
467 2056 587 2111 mirifice
599 2055 720 2129 peregit,

87 2148 122 2203 de
137 2146 226 2218 cmpit
236 2146 380 2218 judicare,
398 2147 498 2201 dicens
518 2162 549 2201 sc
565 2145 636 2201 nihil
652 2145 721 2201 boni

85 2241 275 2304 sse,at.tameu
287 2236 337 2291 Dei
348 2235 444 2308 gratia
453 2234 593 2307 virginem
603 2251 723 2308 corpore

90 2323 256 2392 absolvens,
268 2329 296 2380 et
312 2340 430 2380 summo
446 2323 558 2379 Pastori
573 2340 723 2379 commen·

85 2414 173 2469 condo
185 2413 384 2477 admonuit‚ut
392 2413 397 2466 i
402 2428 484 2484 psam
492 2412 723 2468 sacratissimam

85 2519 111 2558 m
125 2519 194 2558 cum
211 2502 317 2573 gaudio
334 2500 479 2574 spirituali
497 2500 722 2570 celebraremus,

92 2592 139 2648 sui
153 2590 425 2646 incommoditatem
442 2589 667 2646 dimitteremus.
680 2590 723 2645 Ad

85 2677 725 2737 ereineademnocteinoratoriumbeatavir-

91 2770 153 2843 ipse
165 2769 289 2836 delatus,
298 2786 366 2823 cum
378 2766 572 2840 psallentibus
584 2784 681 2823 cerain
693 2784 725 2823 se

85 2858 177 2915 ulmos
190 2862 219 2913 et
230 2857 415 2929 responsoria
425 2857 540 2928 cecinit,
548 2856 724 2914 bencdictio-

85 2965 92 3016 ;
103 2949 230 3004 TeDeaac
242 2947 387 3001 laadnnucs
398 2944 502 3000 adnisu
514 2945 669 3016 qunvaluit
680 2964 726 3002 ex·

85 3035 284 3093 >renuntiavit
303 3035 457 3089 llnimvere
473 3034 542 3106 quia
559 3035 622 3106 jam
637 3040 724 3091 terre·

85 3123 568 3196 emiseral,spiritualemquotidie
579 3125 724 3192 sumebat,

786 547 843 585 nen
864 533 942 593 bene
966 538 1175 610 intellexerunt,
1192 542 1217 599 ei
1232 543 1369 602 dixerunt
1384 546 1519 617 protinus
1536 562 1543 601 ι
1560 548 1616 611 Do·

785 621 1019 689 attaedialione
1032 646 1075 686 uos
1090 631 1227 687 radicatas.
1240 632 1351 697 Quibus
1362 631 1409 688 ille
1422 633 1613 705 respondens,

786 709 861 767 dixit
878 714 960 789 valde
975 723 1073 791 aperta
1087 737 1155 777 voce
1170 738 1176 775 ε
1192 722 1339 794 Nunquam
1350 721 1399 778 laec
1413 721 1475 778 dmi
1488 723 1559 794 quod
1574 722 1615 778 di·

783 803 857 860 citc's.
877 805 986 864 Deinde
998 809 1158 882 respiciens
1171 810 1342 867 terribiliter
1355 815 1457 867 contra
1471 810 1613 868 orientem

784 894 869 965 quasi
879 912 944 950 cum
956 895 1054 970 aliquo
1065 899 1241 971 loqueretur,
1250 899 1339 975 erepit
1347 899 1517 977 altprnatim
1527 900 1614 957 silere

782 988 812 1038 et
825 982 891 1039 lari.
902 985 977 1041 Tum
989 991 1145 1060 postquam
1161 989 1227 1060 ejus
1242 1005 1384 1062 organum
1397 989 1481 1060 quasi
1491 988 1612 1051 ridendo

781 1072 950 1130 diutissime
964 1075 1060 1131 visum
1077 1083 1121 1133 est
1137 1079 1258 1146 rnereri,
1275 1077 1343 1133 lelix
1358 1078 1423 1149 ejus
1439 1077 1537 1140 anima
1553 1078 1611 1134 mi-

780 1163 876 1237 gravit
891 1165 927 1218 ad
943 1163 1041 1221 coeles,
1059 1166 1131 1222 Hine
1147 1184 1254 1239 cerpus
1270 1168 1334 1239 ojus
1349 1171 1382 1222 ut
1397 1166 1452 1222 tuit
1474 1165 1568 1223 letum
1584 1172 1613 1224 et

779 1252 964 1308 aromatibus
978 1253 1141 1322 conditum,
1157 1272 1191 1311 ac
1214 1255 1320 1311 iisdem
1341 1256 1483 1323 vestibus,
1502 1255 1612 1328 quibus

779 1340 844 1414 ipse
859 1340 982 1396 vivendo
992 1342 1133 1412 jusserat,
1151 1343 1299 1409 indutum,
1316 1343 1447 1399 delatum
1458 1350 1503 1403 est
1517 1345 1547 1400 in
1563 1362 1611 1402 ee·

779 1429 879 1496 alesia,
895 1435 924 1486 et
937 1431 1066 1503 positum
1082 1436 1150 1489 ante
1170 1432 1261 1489 altare
1275 1432 1477 1506 apostolorum
1494 1434 1569 1491 Petri
1584 1440 1613 1492 et

777 1518 873 1585 Pauli,
884 1519 934 1574 ubi
951 1519 1099 1577 maximus
1114 1520 1338 1577 dolorctluctus
1351 1524 1492 1578 natusest
1505 1523 1613 1581 abillis

778 1609 831 1682 qui
846 1608 984 1666 excubias
1013 1613 1081 1666 ante
1109 1612 1174 1682 ejus
1203 1611 1343 1667 teretrum
1372 1609 1423 1669 ille
1444 1616 1527 1669 nocte
1546 1630 1612 1688 per·

778 1703 912 1771 egerunt.

816 1810 830 1838 o
845 1788 958 1847 Interea
971 1789 1093 1862 quidam
1109 1788 1207 1859 trater,
1220 1789 1339 1846 nomine
1355 1788 1613 1864 Gregorius,valde

778 1875 946 1949 religiosae,
958 1883 1085 1935 stratum
1099 1881 1213 1951 petens,
1224 1894 1291 1934 eum
1303 1879 1360 1936 sibi
1373 1879 1514 1937 assistere
1528 1882 1611 1952 vidit,

778 1966 864 2038 quasi
874 1966 905 2022 iu
916 1968 1019 2024 eodem
1031 1966 1094 2024 loce
1105 1983 1163 2040 que
1179 1966 1290 2024 obierat
1302 1986 1308 2024 :
1321 1985 1411 2041 quem
1429 1969 1613 2044 interrogans

779 2057 926 2127 quomode
942 2073 973 2112 se
988 2056 1121 2121 heberet,
1131 2072 1297 2114 memorans
1307 2057 1446 2116 videlicet
1458 2060 1536 2132 quod
1548 2061 1613 2133 jam

778 2145 910 2214 obiisset,
928 2145 1082 2219 respondit
1096 2146 1197 2203 emnia
1212 2146 1289 2202 bona
1304 2145 1360 2202 sibi
1376 2148 1556 2220 prevenisse,
1573 2151 1615 2225 ip·

778 2253 906 2309 euinque
919 2237 1028 2310 Regem
1043 2233 1142 2309 gloriae
1158 2235 1261 2291 lesum
1277 2235 1428 2294 christum
1444 2237 1499 2295 sibi
1511 2256 1614 2299 occur-

779 2325 864 2381 risse.
878 2325 953 2381 Dixit
963 2324 1051 2382 etiam
1063 2325 1142 2397 quod
1153 2325 1247 2380 torma
1259 2324 1370 2381 diaboli
1381 2325 1478 2383 instar
1487 2330 1554 2390 tetri
1565 2330 1616 2387 ho·

779 2415 871 2471 minis
886 2416 942 2472 sibi
965 2413 1134 2489 adprimum
1150 2412 1329 2487 apparuerit,
1347 2416 1510 2475 ostendens
1526 2418 1567 2476 illi
1583 2419 1614 2475 in

779 2523 870 2576 quum
896 2509 1021 2579 partem,
1046 2503 1157 2560 ostium
1181 2502 1315 2559 videlicet
1338 2502 1527 2576 latrinarum,
1545 2526 1613 2567 eon-

780 2595 866 2652 tusua
881 2593 1066 2659 abscesserit,
1083 2609 1150 2649 cum
1168 2594 1196 2648 in
1213 2608 1245 2647 se
1271 2591 1343 2647 nihil
1363 2593 1486 2654 invenit.
1503 2597 1615 2656 Deinde

779 2683 918 2739 velociter
933 2682 1062 2739 transitu·
1074 2683 1139 2751 ejus
1149 2682 1333 2754 personante,
1344 2679 1529 2745 incredibilis
1541 2686 1615 2744 mul·

780 2769 1254 2843 titudohonrinuminobsequium
1266 2768 1379 2826 saneris
1391 2772 1456 2843 ejus
1467 2775 1614 2848 agglome-

780 2862 838 2916 rari
855 2862 952 2934 coepit,
969 2876 1057 2934 quem
1074 2861 1155 2931 [itaq.
1167 2857 1246 2932 quia]
1259 2856 1389 2915 universi
1402 2862 1532 2937 quodam
1548 2882 1612 2939 ger-

781 2966 870 3005 mano
879 2948 1086 3007 etdulcissimo
1099 2949 1202 3004 allecta
1218 2946 1408 3021 plangebant,
1420 2955 1450 3005 et
1461 2953 1612 3010 nescimus

781 3054 840 3109 quo
851 3038 948 3094 divine
960 3037 1112 3107 instinctu,
1119 3035 1325 3108 compunctius
1336 3051 1406 3092 eum
1418 3036 1610 3112 lugebant,oh

781 3125 810 3181 id
828 3127 962 3183 videlieet
976 3126 1054 3200 qued
1069 3142 1137 3182 eum
1154 3125 1297 3199 placuisse
1313 3124 1439 3183 Domine
1455 3144 1514 3187 non
1531 3117 1612 3203 igno·

85 3231 140 3271 'ant
154 3213 469 3284 selegeresanrtorum
483 3212 723 3270 Putrumsermo-
741 3197 762 3264 C
783 3216 896 3272 rabant.
913 3215 1042 3272 Evolutis
1060 3214 1162 3271 caindo
1189 3212 1290 3286 paucis
1318 3213 1434 3281 dicbus,
1452 3221 1610 3293 postquem

89 3321 135 3376 que
145 3303 284 3375 sutlragia
296 3301 491 3374 implorando,
503 3319 560 3373 quc
571 3319 605 3357 ex
615 3302 670 3358 hae
684 3303 725 3360 la·

85 3391 210 3448 seravalle
227 3409 328 3446 corum
354 3390 490 3462 praeibas
515 3397 724 3448 assumeretur.

85 3499 99 3538 a
113 3480 277 3537 festivitatis
299 3481 392 3536 sancti
410 3478 552 3547 Silvestri,
568 3486 725 3555 antequam

85 3571 222 3626 ratutinos
238 3574 402 3642 surgerent,
414 3569 544 3625 sentiens
555 3587 586 3626 se
597 3570 727 3644 ingrave-

85 3676 164 3732 nque
172 3660 368 3732 p1·‹·›pinquare
378 3660 414 3714 ad
423 3658 727 3725 exitumcornmunio·

85 3747 165 3805 ‚icam
175 3754 327 3803 eterucem
341 3746 395 3803 sibi
410 3748 503 3817 jussit
517 3747 726 3823 afferri;quam

85 3836 152 3903 riuti,
165 3838 265 3893 statim
277 3838 312 3892 ab
323 3836 382 3891 imo
394 3837 520 3909 pecteris
531 3836 618 3911 longa
632 3840 727 3911 suspi-

85 3942 128 3983 ere
143 3927 238 3998 caepit,
256 3942 379 3998 eamque
396 3925 542 3998 lacrymas
566 3926 726 3995 fundendo,

85 4060 87 4070 ι
107 4015 263 4079 orationes,
280 4032 354 4086 quas
369 4015 456 4070 eorde
471 4019 559 4070 tenus
574 4015 725 4085 retinebat,

85 4104 726 4175 ,adoravit;sicquesanetamcommunionem

85 4193 158 4249 idem
169 4210 236 4248 vcro
248 4193 304 4257 dio,
316 4191 503 4263 vespertinali
514 4192 627 4248 scilicet
641 4193 723 4262 hora,

96 4287 203 4339 sancta
229 4281 277 4337 Dei
294 4281 443 4354 genitricis
460 4281 556 4337 lllaria
574 4281 681 4337 iaciens
697 4299 727 4339 se

85 4369 727 4444 uevesperassolemnitercauere‚diutissime

85 4461 191 4535 cryuus
202 4460 386 4533 rogavitque
397 4459 442 4514 sui
454 4458 626 4531 dignaretur
637 4461 726 4517 mise·

85 4566 116 4606 ue
131 4567 162 4606 sc
179 4550 288 4605 taciens
312 4548 417 4604 ilerum
443 4548 542 4603 reterri
558 4548 587 4602 in
604 4549 725 4605 dentum
742 4572 764 4636 q)

89 4679 96 4705 ,
103 4644 259 4712 postquam
271 4636 489 4710 aliquantulum
500 4636 632 4694 videlicet
643 4639 725 4711 quic-

85 4727 286 4798 ·,seseerigere
294 4724 474 4792 lecit,ctinde
482 4725 609 4781 sedendo
619 4731 726 4801 tenere,

85 4815 179 4871 subito
194 4819 282 4886 caput
298 4812 458 4869 inclinavit.
475 4814 558 4878 Quod
580 4814 680 4871 statim
697 4821 728 4872 ut

84 4903 112 4959 ui
142 4905 287 4973 astabant,
309 4919 361 4958 nos
384 4907 570 4971 rocaverunt,
586 4909 727 4977 ponentes

85 5010 102 5050 a
116 4994 146 5049 in
157 4992 262 5060 cilicio,
275 4998 302 5048 et
313 4992 427 5048 lumina
442 4993 643 5064 accendentes,
658 4995 728 5068 quia

85 5082 147 5151 ibat,
158 5081 442 5156 quasacratissimus
454 5082 516 5138 dics
528 5082 727 5140 Circumcisio·

85 5171 527 5245 hebetur.0ccurrerrtibuserge
539 5172 623 5228 nobis
635 5175 727 5229 eonti-

85 5279 121 5318 im
131 5262 160 5316 in
171 5261 243 5317 coelo
254 5277 320 5317 cum
333 5260 470 5333 lacrymis
487 5262 584 5317 dando
601 5263 637 5318 ob
654 5265 726 5320 tanti

85 5348 210 5418 taionem,
224 5350 320 5406 innuit
331 5351 392 5422 ipse
408 5356 440 5405 ut
455 5354 619 5407 taceremus
637 5371 643 5407 :
661 5355 725 5425 qui·

85 5456 145 5508 sus,
156 5439 343 5511 interrogavit
360 5438 425 5495 illos
441 5439 489 5511 qui
502 5456 532 5494 se
543 5442 691 5508 tenebant,
700 5444 724 5499 si

85 5546 106 5586 is
120 5529 150 5585 in
166 5528 268 5585 cilicio.
286 5530 419 5602 Cumque
431 5528 470 5583 illi
487 5530 723 5601 respondissent:

85 5618 168 5675 unxit
177 5617 271 5686 ille,et
283 5618 369 5674 dixit:
383 5620 490 5675 Tradite
500 5635 552 5683 rrae,
566 5620 725 5692 respiciens

780 3310 826 3361 est
836 3306 969 3378 sepultas
980 3305 1009 3361 in
1020 3305 1142 3362 sinistra
1157 3301 1252 3376 ipsius
1267 3301 1396 3359 ecelesiae
1409 3310 1511 3379 crypta
1521 3325 1610 3381 prope

780 3394 871 3451 altare
901 3395 994 3452 sancti
1024 3393 1160 3450 Lauriani
1192 3389 1338 3465 martyris,
1355 3391 1498 3451 virtutum
1516 3397 1611 3471 signis

781 3483 939 3540 Salvatoris
956 3484 1047 3541 nostri
1062 3483 1193 3557 dignatio
1217 3480 1304 3554 carpit
1327 3497 1396 3538 eum
1421 3483 1610 3543 manifestere

782 3575 936 3630 mandatu
948 3573 1147 3647 Leugoumnis
1156 3570 1225 3626 villa
1235 3571 1370 3643 quadam
1381 3572 1608 3647 degebatvidue,

781 3664 866 3734 cujus
876 3662 1153 3719 unicafiliaecculte
1165 3659 1343 3732 Deijudicio,
1357 3679 1414 3718 nou
1428 3661 1523 3727 solum
1531 3680 1610 3722 men·

781 3751 819 3808 tis
830 3768 951 3808 sensum
967 3750 1142 3824 perdiderat,
1151 3765 1252 3805 verum
1264 3749 1352 3805 etiem
1365 3749 1608 3833 linguaeelfieium

781 3844 810 3896 et
825 3839 951 3897 aurium.
967 3840 1045 3896 Hane
1061 3838 1159 3912 itaque
1173 3837 1258 3894 tertio
1275 3837 1432 3896 insomnis
1453 3840 1609 3897 admonuit

781 3928 853 4004 ipse,
868 3929 945 4002 quod
962 3928 997 3985 ad
1014 3945 1101 3984 suum
1118 3925 1287 3999 sepulerum
1301 3942 1367 3982 eam
1383 3927 1511 3984 duceret.
1524 3929 1606 3986 Acci-

782 4017 864 4090 piens
878 4033 947 4089 ergo
964 4015 1069 4073 mulier
1084 4015 1222 4072 miseram
1239 4012 1361 4086 prolem,
1378 4020 1406 4071 et
1421 4015 1456 4071 ad
1479 4017 1543 4091 ejus
1558 4021 1606 4076 tu·

781 4105 896 4163 mulum
908 4106 1029 4172 ducens,
1039 4121 1105 4161 mox
1114 4103 1179 4160 utei
1189 4103 1289 4158 vinum
1298 4102 1407 4171 bibere,
1420 4103 1496 4160 uude
1507 4119 1607 4163 sacre·

780 4191 1608 4267 tissimumejuscorpusluitletum,euribusqueinludit

780 4282 1021 4357 dceo,lequelam
1031 4287 1060 4338 ct
1073 4283 1207 4338 auditum
1224 4299 1257 4338 uc
1273 4298 1394 4338 sensum
1410 4281 1518 4339 mentis
1532 4298 1608 4339 reee-

781 4374 833 4446 pit.
842 4372 960 4429 lnlerim
972 4372 1042 4428 dum
1050 4371 1213 4445 baegrates
1224 4370 1606 4445 persolvebatomnipotenti

780 4464 849 4529 Dee,
864 4462 984 4535 quidam
1005 4462 1113 4519 surdus
1133 4460 1301 4528 adveniens,
1315 4459 1371 4516 sibi
1385 4459 1473 4518 etiam
1490 4459 1605 4518 inlundi

781 4552 902 4610 auribus
913 4570 946 4608 cx
957 4550 1006 4607 illo
1017 4551 1083 4607 vine
1094 4549 1206 4624 rogavit
1218 4568 1224 4618 ;
1241 4549 1291 4622 qui
1309 4547 1409 4606 statim
1426 4548 1606 4618 audiens,re·

780 4643 835 4698 diit
848 4643 883 4699 ad
900 4640 1046 4714 regionem
1074 4639 1180 4696 deserti
1207 4639 1284 4695 unde
1298 4639 1464 4696 advenerat.
1481 4638 1606 4706 Quidum

782 4732 869 4788 etiam
886 4731 972 4787 horno
995 4745 1030 4786 ex
1053 4726 1228 4802 biturigensi
1252 4727 1423 4801 patria,qui
1439 4727 1606 4803 perdecem

782 4838 875 4877 annos
888 4818 1017 4876 olfieium
1029 4817 1136 4891 lingue
1151 4817 1327 4891 perdiderat,
1338 4817 1374 4873 ad
1391 4816 1455 4888 ejus
1471 4815 1605 4875 tumbam

782 4910 923 4966 accedens
947 4911 1014 4980 post
1035 4905 1147 4978 aliquot
1170 4905 1232 4962 dies
1259 4920 1317 4981 qne
1341 4905 1509 4966 advenerat,
1524 4902 1605 4976 loqui

781 5000 855 5055 bene
867 4995 1035 5071 promeruit.
1048 4996 1178 5069 Denique
1189 4994 1309 5068 quidam
1324 4992 1439 5051 vetulus
1451 4992 1481 5061 in
1495 4991 1605 5069 longis-

782 5089 863 5145 sima
875 5084 1011 5143 cecitatis
1022 5101 1177 5141 remanens
1186 5082 1405 5151 tenebrositate,
1417 5080 1493 5141 illico
1504 5085 1536 5138 ut
1546 5099 1607 5155 cry-

781 5183 873 5251 ptam,
886 5194 944 5249 qua
956 5174 1057 5231 tumbe
1066 5175 1130 5246 ejus
1139 5172 1272 5235 babetur,
1284 5172 1412 5241 intravit,
1421 5169 1521 5245 vigilie
1530 5169 1608 5226 vide·

780 5267 848 5325 lieet
862 5266 961 5322 ltamis
976 5262 1155 5328 Palmarum,
1171 5261 1287 5317 ductori
1302 5278 1356 5319 suo
1373 5278 1404 5318 se
1419 5261 1497 5317 clare
1509 5259 1606 5316 videre

780 5355 965 5429 dixit,gratia
976 5353 1027 5411 Dei
1043 5356 1071 5409 et
1086 5353 1150 5423 ejus
1164 5349 1385 5423 maritimaeque
1400 5348 1549 5407 tumulum
1561 5366 1607 5405 ex·

781 5445 897 5518 petebat
917 5444 1001 5513 [uterq.
1015 5439 1263 5512 exspectabatque
1280 5439 1450 5512 spectabult.
1467 5437 1605 5504 Quadam

780 5534 885 5590 dcinde
901 5529 1006 5586 mulier
1017 5546 1052 5586 ex
1065 5527 1174 5585 Mentis
1189 5527 1269 5584 Lucri
1285 5529 1551 5601 castro,uggravata
1564 5523 1604 5577 ri-

780 5623 882 5679 delicct
899 5620 979 5676 visus
994 5617 1157 5691 dispendio,
1170 5619 1205 5674 ad
1220 5619 1285 5691 ejus
1300 5616 1484 5675 mausoleum
1499 5631 1530 5671 se
1542 5627 1606 5686 pro·
