3884 6084
112 276 186 342 ,101
740 282 1224 351 exuisrnorsucuonou.

126 413 165 471 ad
178 409 404 488 inquisitionem
419 412 547 488 pertinet
560 411 802 500 miputissimam,
815 415 998 490 premisitA
1013 417 1028 474 l
1084 418 1200 478 casuale
1211 436 1264 492 me,
1279 420 1401 490 Domine,
1415 417 1448 481 de
1461 439 1548 481 meaa
1559 425 1709 499 peccatoris
1724 445 1733 482 :

128 502 221 572 onim,
237 504 311 565 scito
323 519 376 561 cor
390 520 498 564 meum.
514 504 607 562 Sciens
631 522 693 562 atero
708 513 785 562 acute
797 508 956 579 interrogat,
1100 511 1139 565 lt
1153 510 1309 568 bominibus
1325 513 1429 585 iniquis
1443 514 1517 585 eripe
1531 531 1583 571 arc.

1777 293 1837 357 503

128 597 155 649 at
166 594 234 665 fatti
247 609 304 649 soa
316 599 410 666 petat,
424 596 490 666 qaia
508 610 587 651 aeno
600 595 699 651 mirati
711 597 894 667 armoriae
906 612 958 669 po·
1048 597 1068 652 C
1083 598 1237 658 Peccator:
1251 600 1356 656 iterum
1368 601 1518 658 diabolum
1533 603 1689 676 significat,
1702 604 1752 678 qui
1764 604 1839 663 mul-

130 687 295 753 samam
305 698 370 756 qaas
383 685 476 755 gessit
487 684 603 740 Semitas
618 685 655 740 ad
671 685 853 767 operationes
868 685 957 758 perti-
1012 686 1052 744 tis
1062 686 1147 755 dolis,
1157 689 1258 745 multis
1270 689 1344 746 lallit
1355 690 1481 747 insidiis.
1491 691 1661 764 Sequuntur
1675 694 1763 751 etiam
1774 697 1839 769 ejus

130 776 178 829 net
192 771 297 839 bonas,
308 789 383 846 quas
393 771 442 830 ille
453 773 565 847 jugiter
579 773 671 847 gessit
685 778 713 830 et
728 773 836 831 cmlesti
853 775 957 831 saucti-
1012 775 1158 834 ministri:
1176 779 1314 850 quoniam
1331 780 1409 851 quod
1422 796 1478 835 non
1490 784 1614 853 possunt
1625 799 1677 855 per
1685 800 1716 839 se
1727 785 1838 842 occulte

1011 862 1181 936 inspirando
1211 867 1360 924 mentibus
1389 869 1506 937 uostris,
1530 887 1582 942 por
1603 888 1674 928 suos
1697 889 1837 946 sequaces

129 864 188 918 tate
201 862 353 935 transegit.

126 951 162 1006 Β
199 950 677 1024 Etaidesioiaiuiqaitctisiaaw
697 959 760 1008 cst:

199 1041 234 1095 Et
246 1040 332 1096 deduc
344 1056 388 1096 aas
402 1041 435 1096 ia
447 1043 493 1096 oia
506 1049 620 1098 aetcraa.

160 1130 183 1186 C
196 1130 299 1186 Merito
314 1144 382 1202 argo
397 1129 528 1185 bumana
541 1130 571 1185 in
582 1130 697 1187 Christo
707 1129 874 1187 substantia
884 1131 956 1203 petit

125 1235 167 1284 se,
184 1216 291 1275 deduci
306 1217 336 1274 iu
351 1223 460 1274 aeterne
473 1219 531 1287 via,
546 1235 610 1291 que
634 1219 789 1276 declinavit
803 1235 820 1276 a
834 1219 881 1274 via
899 1219 954 1275 ini·

1009 954 1124 1025 publice
1139 963 1278 1012 conant-ar
1293 955 1424 1030 implere.

1009 1061 1027 1116 5
1082 1063 1136 1130 Qui
1148 1065 1335 1132 cogitauerunt
1348 1066 1524 1137 supparare-c
1542 1083 1650 1135 pressas
1664 1084 1739 1126 meos
1754 1087 1764 1124 .·

1099 1151 1300 1209 Abscoadcmut
1312 1154 1424 1226 superbi
1438 1155 1566 1228 laqacam
1579 1157 1652 1212 milri

1044 1240 1264 1312 CSupplantari
1293 1243 1408 1314 proprio
1428 1243 1575 1300 dicimur:
1592 1245 1709 1315 quando
1725 1244 1835 1317 plantis

120 1306 263 1380 ‘instatis’
274 1306 304 1362 ld
318 1309 363 1363 est
377 1306 414 1365 ab
428 1307 543 1366 milibus
555 1306 719 1364 dimid&
733 1309 813 1372 0¹¹⁰d
828 1325 894 1364 V0l⁰
910 1308 954 1364 ‘ll‘
1010 1326 1118 1385 uostris
1132 1333 1210 1386 terra
1225 1330 1409 1398 subducitur,
1427 1336 1459 1386 ut
1482 1332 1511 1388 in
1528 1333 1835 1399 tenebmsiscaveruis

120 1397 174 1457 θη·
191 1395 257 1451 'ilde
269 1397 295 1450 il
308 1398 362 1464 0⁸lr
376 1394 516 1468 lnlffllssssv
528 1412 585 1452 ⁰⁰¹¹
601 1395 783 1453 dllbllssllOssll
798 1397 952 1469 Dffllsslumi
1008 1417 1135 1490 graviter
1148 1418 1333 1476 incidamus:
1346 1421 1423 1492 quod
1440 1421 1526 1477 nobis
1538 1421 1607 1476 lacit
1619 1421 1834 1492 diabolus,oum

116 1484 176 1540 ⁶⁰4
202 1483 332 1540 ⁸05⁶¹¹llffi
356 1483 523 1552 mutim»
539 1485 624 1557 quasi
644 1485 762 1556 dllffl'sslr
778 1485 843 1542 Vide
858 1486 882 1543 Sl
898 1491 952 1556 fisis
1008 1509 1193 1579 peccatorum
1210 1508 1306 1565 loreas
1335 1512 1428 1581 parat.
1447 1509 1595 1582 Superbi:
1614 1508 1835 1581 haretioisuut,

116 1573 151 1628 ld
168 1571 448 1645 Osslivldssblffllutld
463 1577 592 1630 ¹1⁰1¹⁰⁸l·
1008 1596 1059 1667 qui
1089 1595 1185 1668 pravis
1214 1598 1402 1671 dogmatibus
1431 1597 1554 1671 populos
1581 1597 1714 1672 deolpore
1737 1600 1836 1672 potius

334 1696 437 1735 oanrio
456 1696 490 1735 ax
509 1697 589 1736 esna.
609 1698 743 1738 cxsuvm.
1008 1700 1097 1756 qnam
1122 1685 1224 1742 docere
1246 1686 1395 1754 festinant,
1413 1690 1441 1742 ct
1464 1687 1584 1760 laqueos
1600 1692 1713 1761 ponunt
1728 1694 1835 1746 sancta

157 1783 222 1840 (3015
250 1787 387 1858 terraeqac
410 1789 587 1859 prospector,
613 1787 702 1856 Deus,
729 1804 786 1861 quo
801 1787 953 1860 moriente,
969 1795 993 1860 B
1009 1772 1105 1846 plebi:
1121 1776 1239 1847 quaudo
1253 1792 1303 1832 ecs
1317 1776 1401 1832 vanis
1416 1777 1613 1849 enigmatibus
1628 1777 1757 1852 obligare
1769 1795 1836 1837 cou-

109 1873 293 1931 illumiuata
308 1879 377 1930 suut
392 1875 509 1945 arara,
522 1891 579 1948 quo
595 1879 774 1951 resurgente,
786 1880 953 1934 sauctorum

110 1968 169 2022 cst
183 1962 345 2040 multitudo
370 1962 555 2038 gavisaque
581 1965 765 2034 ascendente,
784 1965 953 2040 angelorum

111 2051 283 2111 multavit
294 2057 419 2120 caterva,
429 2069 584 2126 precamur
598 2057 686 2110 tante
700 2053 798 2128 glorie
814 2055 953 2112 excellen-

91 2146 183 2200 tem
198 2142 349 2208 virtutem,
366 2146 399 2197 ut
423 2141 525 2199 directi
550 2143 580 2198 in
604 2144 650 2199 via
673 2147 791 2212 aeterna,
807 2143 856 2200 illo
872 2146 952 2202 tuca-

113 2249 194 2290 mur
207 2231 408 2304 brachiaque
422 2231 609 2294 honorabiles
624 2232 710 2290 amici
726 2232 768 2290 tui
778 2238 874 2292 tecum
890 2234 952 2308 glo-

116 2321 241 2381 riantur
255 2321 285 2377 in
300 2319 384 2378 caelo.
401 2320 553 2391 Quiritis,
570 2327 625 2379 etc.

379 2454 544 2512 Psatubs
562 2455 701 2512 CXXXIX.

323 2560 521 2602 muamus
541 2561 620 2601 esna.
642 2561 754 2601 marn.

158 2641 325 2700 CEcclesia
346 2641 503 2699 Dominum
527 2643 708 2715 deprecatur,
732 2648 766 2699 ut
789 2643 825 2699 ab
850 2642 951 2718 iniquo

115 2731 242 2790 diabolo
255 2731 414 2789 liberetur:
430 2730 589 2787 vindictam
604 2729 705 2788 diceus
720 2733 750 2788 in
765 2732 863 2790 lutum
874 2733 952 2805 judi-

116 2819 169 2878 cio
183 2837 274 2894 super
288 2836 338 2877 eos
350 2823 513 2889 venturam,
530 2820 579 2892 qui
596 2836 739 2894 pauperes
758 2822 823 2894 ejus
838 2821 951 2879 insanis

123 2910 256 2968 motibus
272 2901 498 2984 persequuntur.

312 3000 369 3055 ET.
385 3000 419 3056 lc
432 3000 516 3071 finem
529 2999 655 3055 Psctmas
670 2999 766 3055 Deerit.

157 3088 229 3146 Glu
244 3076 344 3157 (luem,
360 3088 518 3144 Dominum
533 3088 682 3162 significat
697 3083 886 3157 Salvatorsm,
899 3089 950 3162 qui

1008 1863 1143 1919 tendunt.

1006 1970 1025 2024 6
1079 1972 1111 2025 st
1124 1972 1204 2042 saites
1218 1970 1399 2028 scenderunt
1410 1971 1440 2026 ia
1455 1971 1583 2043 tuq-acam
1598 1989 1607 2027 .·

1095 2060 1180 2115 iacta
1209 2061 1261 2115 iter
1288 2059 1450 2116 scordalum
1476 2065 1627 2133 posuerunt
1655 2061 1735 2118 aiibi.
1765 2062 1833 2117 Dia·

1129 2148 1247 2220 psalma.

1042 2236 1061 2292 C
1077 2236 1275 2294 Extenderunt
1289 2235 1346 2311 ipsi
1362 2236 1456 2305 funes,
1477 2236 1506 2293 id
1522 2242 1567 2295 est
1579 2242 1725 2299 tortuosae
1739 2242 1768 2297 et
1782 2240 1833 2296 do·

1005 2322 1085 2380 losas
1099 2325 1288 2396 obJectioncs,
1298 2327 1407 2399 quibus
1417 2325 1650 2399 capiantseusus
1665 2325 1811 2386 humanos
1825 2344 1832 2384 ι

1006 2417 1040 2471 ut
1055 2413 1138 2488 quusi
1154 2414 1278 2486 pedibus
1302 2413 1453 2488 laqueum,
1478 2414 1519 2474 ita
1541 2416 1690 2472 mentibus
1714 2417 1833 2474 tondere

1006 2502 1168 2576 probentur
1190 2503 1373 2561 scandalum.
1399 2505 1488 2561 Juxta
1511 2504 1566 2561 iter
1585 2504 1677 2561 dicit:
1694 2505 1833 2578 quoniam

1006 2607 1064 2651 nou
1080 2590 1199 2664 capiunt
1214 2592 1270 2649 nisi
1287 2592 1352 2648 illos
1368 2592 1418 2665 qui
1432 2611 1449 2649 a
1464 2598 1540 2649 recto
1552 2592 1695 2650 virtutum
1707 2592 1780 2651 callo
1793 2594 1833 2650 di·

1006 2679 1140 2736 scedunt.
1157 2680 1290 2754 Laqueus
1306 2685 1356 2737 aut
1370 2680 1449 2737 lunis
1463 2682 1526 2739 ideo
1541 2682 1655 2754 positus
1677 2687 1721 2739 est
1739 2700 1746 2739 :
1763 2683 1833 2757 quia

1004 2767 1121 2825 vincula
1136 2784 1190 2824 sua
1204 2767 1321 2840 gravius
1333 2785 1448 2842 semper
1459 2772 1604 2844 astringit,
1616 2789 1669 2831 nec
1679 2772 1831 2848 amplexus

1003 2856 1068 2928 ejus
1083 2855 1182 2928 aliqua
1196 2855 1315 2914 lenitate
1330 2856 1479 2927 dilabitur,
1492 2876 1560 2916 cum
1576 2861 1696 2919 nodosis
1712 2862 1832 2936 quibus·

1004 2945 1072 3000 dam
1090 2945 1204 3001 sinibus
1219 2943 1377 3017 illaqueata
1392 2945 1549 3004 concludit.

1004 3054 1022 3106 7
1078 3052 1148 3108 Diri
1161 3054 1288 3119 Domino,
1304 3053 1374 3108 Deru
1387 3068 1464 3110 meas
1477 3070 1503 3110 es
1519 3059 1571 3110 tc:

115 3183 169 3236 -sst
181 3167 252 3234 duis
266 3176 339 3251 legis
351 3177 391 3233 ad
403 3177 552 3249 justitiam
565 3177 645 3233 omni
657 3177 786 3234 credenti
802 3179 888 3250 (Rom.
904 3179 947 3252 x):
964 3162 986 3232 G
1093 3141 1203 3199 Exaudi
1218 3144 1335 3199 omnine
1349 3157 1438 3199 ”mm
1451 3142 1646 3216 &prmum
1659 3159 1739 3203 mex·

120 3267 179 3333 *Dei
192 3266 281 3324 uobis
295 3267 325 3322 ia
338 3266 393 3324 heo
407 3264 533 3340 psalmo,
547 3267 631 3340 quasi
654 3267 796 3340 preconis
809 3283 888 3336 voce,
900 3267 950 3338 ju·

127 3357 179 3413 dex
188 3354 343 3426 <terribilia
356 3355 553 3429 omnipotens,
564 3355 630 3429 pius
645 3360 811 3429 quoquest
826 3355 951 3413 nimium

128 3444 330 3503 desiderabilis
345 3444 482 3501 advenire
497 3443 673 3518 predicitur.

130 3536 142 3590 l
195 3536 281 3607 Eripe
294 3549 348 3603 me,
364 3534 488 3602 Domine,
503 3535 539 3589 ct
552 3535 663 3590 bomine
675 3535 750 3590 moto
764 3553 773 3590 :

213 3623 234 3679 l
249 3624 308 3680 circ
321 3624 416 3696 iniquo
429 3623 504 3695 eripe
518 3637 571 3678 arc.

160 3711 296 3770 asciam
312 3716 406 3769 mater
419 3710 549 3768 Ecclesia
564 3715 675 3784 quanta
688 3712 718 3768 in
735 3712 876 3770 membris
889 3712 952 3769 suis

83 3808 86 3812 '
126 3801 161 3860 ab
176 3801 296 3862 insidiis
317 3798 425 3858 diaboli
442 3804 592 3874 pateretur
607 3800 714 3858 clamat
729 3801 767 3858 ad
781 3801 950 3871 Dominum,

124 3890 175 3964 'qni
183 3889 267 3949 solas
278 3893 375 3963 potest
384 3890 448 3962 ejus
459 3905 597 3961 superare
607 3890 800 3962 nequitias,ut
812 3890 847 3946 ab
859 3889 952 3964 ipsius

127 3977 281 4053 multiplici
294 3977 456 4036 testatione
479 3977 627 4034 liberetur.
653 3978 805 4035 Hominem
829 3977 950 4045 malum,

128 4056 253 4142 appellat
276 4065 436 4123 diabolum.
453 4066 504 4121 Vir
527 4065 649 4139 iniquus
672 4071 717 4123 est
739 4067 827 4127 homo
843 4083 953 4140 sequax

130 4154 245 4214 diaboli.
262 4156 326 4212 Duo
338 4155 416 4211 enim
432 4154 521 4211 simul
537 4154 666 4228 epitheta
681 4157 732 4210 uni
748 4172 878 4229 persona
894 4173 952 4212 non

132 4250 259 4316 poteraut
274 4240 437 4313 convenire,
454 4244 532 4317 quod
548 4244 721 4316 eloquentis
745 4243 808 4319 lege
822 4245 953 4319 prohibi-

134 4336 190 4391 tum
206 4335 255 4392 ait.

134 4423 150 4477 2
196 4426 255 4496 Qui
265 4425 452 4495 mathaeum
466 4423 625 4496 iniquitates
641 4425 670 4479 in
683 4423 762 4482 corate
776 4440 783 4478 ε

218 4514 283 4569 rote
295 4512 342 4570 dic
353 4512 554 4569 cmatitacbaat
564 4512 677 4583 perta.

164 4601 335 4659 CDrariora
350 4604 421 4657 sunt
436 4615 552 4674 semper
573 4600 711 4674 pericula,
729 4618 793 4674 que
809 4601 954 4658 habentur

138 4689 249 4747 occulta
262 4689 415 4764 Significat
430 4705 483 4763 per
496 4689 550 4746 boc
566 4705 632 4746 vero
648 4690 809 4759 hereticos,
826 4690 876 4762 qui
893 4707 956 4762 pra·

137 4776 373 4854 bdcgmaribue
383 4779 414 4834 iu
425 4777 566 4853 sacrilega
576 4779 738 4838 cacumina
747 4782 954 4852 proruperunt.

139 4863 273 4935 'loiadia
288 4869 331 4924 ait
344 4870 378 4925 ut
391 4883 493 4925 eorum
509 4867 670 4940 nequitiam
686 4868 855 4924 continuam
873 4884 954 4924 mon-

143 4958 244 5028 tlmret,
260 4960 293 5013 ut
307 4956 390 5014 nulla
402 4972 454 5014 eos
468 4955 621 5028 lassitudo,
638 4955 720 5013 nulla
736 4956 875 5030 temporis
892 4955 955 5013 lon·

143 5046 280 5121 aloquitus
293 5046 452 5122 mitigaret.

143 5131 157 5186 3
199 5138 338 5196 lamna
353 5130 538 5207 timueram
553 5138 625 5192 suat
639 5143 775 5208 serpentes
787 5153 797 5191 .·

62 5216 66 5245 ³
218 5230 356 5286 Veneram
369 5226 498 5299 sapidam
511 5227 561 5282 aad
575 5227 657 5282 lobiis
671 5241 775 5282 comam.
787 5226 956 5298 Diopsalmc.

62 5364 64 5387 ,
167 5315 254 5373 CPer
268 5317 387 5390 linguas
398 5314 545 5389 siguificat
559 5317 647 5371 verba
661 5315 876 5381 hereticorum,
892 5313 957 5386 qui·

62 5430 65 5483 g
143 5397 186 5462 las
199 5406 355 5464 vulneram
365 5404 545 5462 contendunt
555 5404 643 5460 corda
653 5403 795 5460 fidelium.
807 5402 958 5459 Venenum

62 5486 65 5495 ’
141 5496 278 5569 tapidum,
293 5495 317 5553 H
332 5493 473 5568 quoniam
499 5493 636 5549 videntur
654 5493 789 5550 amicitia
805 5492 891 5549 verba
904 5491 959 5547 bau

142 5579 209 5655 iere,
224 5589 256 5643 et
269 5584 357 5659 plena
371 5586 442 5642 suut
455 5599 565 5641 veneno
581 5582 738 5641 mortifero.

1041 3238 1062 3296 G
1077 3239 1146 3296 Orat
1160 3238 1289 3295 Ecclesia
1303 3254 1339 3295 ne
1350 3239 1487 3312 pessimis
1499 3241 1632 3298 tradatur
1642 3240 1757 3298 insidiis
1769 3258 1776 3298 ε
1788 3243 1831 3300 di-

1006 3327 1045 3384 cit
1059 3327 1136 3383 enim
1152 3326 1292 3394 Ecclesia,
1317 3326 1507 3401 resplendens
1532 3327 1692 3405 purissima
1715 3330 1772 3387 ilde
1796 3330 1831 3387 de

1005 3415 1142 3489 gentibus
1152 3416 1300 3484 advocata,
1310 3432 1374 3488 quae
1386 3422 1517 3473 sanctam
1528 3417 1701 3476 Trinitatem
1711 3420 1834 3476 veracis·

1006 3504 1083 3565 sima
1107 3505 1164 3560 fide
1185 3505 1350 3568 confitetur,
1374 3505 1432 3560 dixi
1455 3507 1589 3576 Domino,
1612 3512 1666 3565 eto.
1683 3509 1832 3582 Sequitur,

1006 3592 1121 3656 exaudi,
1151 3592 1283 3659 Domine,
1308 3609 1418 3662 vocem,
1444 3598 1510 3663 etc,
1535 3595 1699 3654 suffecisset
1726 3596 1833 3666 dicere,

1006 3682 1111 3739 exaudi
1126 3682 1359 3755 deprecationem
1375 3699 1470 3739 meam
1483 3701 1489 3738 ε
1501 3684 1552 3743 scd
1564 3682 1653 3740 altius
1666 3685 1737 3758 quid
1752 3683 1834 3741 inuo-

1007 3775 1116 3828 teseerc
1128 3771 1239 3839 volens.
1249 3771 1441 3839 uiritantem
1455 3772 1667 3846 deprecationis
1683 3774 1834 3832 msavox

1006 3861 1086 3918 enim
1102 3860 1334 3933 deprecationis:
1347 3865 1392 3916 cst
1401 3860 1513 3934 puritas
1522 3862 1673 3930 orationis,
1685 3866 1714 3920 ct
1723 3862 1834 3919 clamor

1007 3949 1055 4006 illc
1070 3949 1177 4008 tacitus
1194 3948 1243 4021 qui
1260 3949 1390 4005 ascendit
1404 3950 1441 4005 ad
1456 3950 1743 4008 Dominumsaucte
1753 3951 1832 4008 enim

1007 4036 1184 4113 operationis
1199 4054 1263 4104 uox,
1280 4042 1325 4094 est
1344 4053 1442 4093 rerum
1458 4039 1589 4110 ipsarum
1606 4037 1833 4118 loquacissimus

1007 4127 1118 4184 clamor
1134 4144 1140 4182 :
1159 4143 1216 4182 nou
1232 4125 1402 4182 bominibus
1416 4130 1514 4194 nctus,
1526 4128 1576 4183 sed
1593 4126 1648 4184 soli
1663 4127 1722 4184 Deo
1737 4127 1835 4200 cogui-

1009 4221 1067 4283 tus,
1083 4215 1160 4278 uude
1175 4220 1204 4271 et
1218 4214 1324 4270 tacenti
1341 4215 1433 4287 Moysi
1450 4215 1567 4285 dieitur,
1584 4215 1656 4288 quid
1670 4213 1780 4272 clamas
1796 4217 1833 4272 ad

1008 4284 1188 4376 melldaod.
1203 4303 1271 4374 xiv.)
1281 4306 1309 4359 et
1324 4302 1393 4359 Cain
1406 4303 1524 4370 dicitur,
1539 4320 1592 4359 vox
1607 4303 1761 4378 sanguinis
1776 4305 1833 4361 lra-

1007 4392 1061 4451 tris
1076 4392 1242 4470 tui'olamat
1256 4391 1292 4447 ad
1307 4408 1353 4448 me
1368 4392 1403 4448 de
1419 4396 1496 4450 terra
1511 4392 1588 4466 (Gen.
1604 4394 1655 4467 ιν).

968 4533 992 4599 D
1008 4505 1026 4559 8
1080 4502 1196 4558 Domine
1209 4501 1331 4565 Domine,
1348 4502 1435 4557 uirtus
1450 4502 1549 4558 solatis
1563 4516 1633 4560 mee
1646 4519 1657 4557 .·

1099 4589 1275 4645 Oturatrasti
1287 4606 1369 4661 saper
1383 4595 1464 4662 caput
1478 4607 1569 4648 meam
1584 4592 1615 4647 in
1628 4591 1672 4648 die
1687 4591 1762 4648 leiti.

1045 4689 1066 4745 C
1079 4689 1221 4761 Repetitio
1234 4688 1301 4754 ista,
1311 4689 1442 4758 Domine,
1455 4689 1587 4755 Domine,
1598 4689 1649 4762 pie
1660 4689 1835 4762 precationis

1009 4779 1146 4837 allectum
1163 4777 1300 4834 ostendit.
1317 4780 1388 4834 Cum
1414 4777 1607 4845 autemdicit,
1623 4774 1836 4833 rirtussalutis

1011 4885 1081 4924 meac
1092 4884 1099 4922 ε
1111 4866 1283 4940 patientiam
1301 4866 1604 4938 perseverantiamque
1621 4866 1651 4921 in
1666 4865 1834 4933 certamine,

1011 4958 1192 5013 demonstrat
1207 4955 1320 5011 Domini
1336 4973 1400 5012 esse
1415 4954 1645 5011 donumvirtus
1655 4953 1734 5010 enim
1745 4954 1837 5011 aviri·

1011 5046 1102 5103 ditate
1117 5045 1205 5111 dicta,
1221 5061 1285 5116 qua
1301 5043 1393 5100 nescit
1415 5043 1512 5116 aliquo
1533 5042 1632 5100 labore
1647 5059 1835 5101 marcescere.

1011 5139 1102 5209 Caput
1110 5138 1208 5191 autem
1219 5150 1306 5190 suum
1318 5133 1525 5191 obumbratum
1536 5150 1604 5189 cum
1616 5131 1687 5189 dicit
1697 5120 1836 5203 Ecclesia,

1012 5225 1159 5298 signifieat
1171 5224 1286 5280 beatam
1298 5221 1415 5278 Domini
1426 5223 1592 5296 passionem
1603 5241 1609 5280 :
1621 5221 1673 5296 qui
1684 5223 1728 5280 sic
1738 5223 1838 5280 obum-

1012 5316 1114 5371 bratus
1128 5317 1173 5368 est
1188 5312 1217 5367 in
1234 5328 1267 5367 ea
1282 5310 1349 5383 (hoc
1365 5314 1410 5367 est
1431 5312 1593 5382 detonsus)
1609 5317 1640 5367 ut
1655 5328 1708 5368 uec
1722 5311 1839 5368 animus

1012 5405 1076 5476 ojus
1091 5399 1303 5468 confusionem,
1321 5417 1373 5456 nec
1389 5418 1455 5457 caro
1472 5401 1566 5473 ipsius
1582 5401 1777 5473 corruptionis
1795 5400 1839 5456 in·

1012 5491 1120 5566 juriam
1137 5488 1305 5545 sustineret.
1318 5493 1350 5544 ln
1367 5489 1414 5547 die
1430 5495 1528 5546 autem
1544 5489 1630 5546 belli:
1643 5490 1715 5546 boue
1728 5488 1840 5545 dietum

1015 5585 1069 5650 est,
1084 5580 1114 5634 in
1130 5578 1176 5635 die
1193 5576 1338 5650 passionis
1353 5578 1417 5650 ejus
1439 5582 1469 5635 et
1497 5579 1600 5636 mortis
1617 5595 1623 5634 :
1640 5577 1710 5651 quia
1724 5575 1840 5633 diabolo
