3884 6084
575 277 609 342 S.
631 276 813 344 0le0NlS
835 279 1116 346 onumaouusls
1138 283 1303 348 nessus
1324 284 1364 350 V.
1760 282 1818 348 832

116 482 1820 530 m

794 663 876 710 auno
897 662 1004 712 bonam
1025 665 1131 711 tlxalx.

414 840 1015 1043 SANCTUS
1101 841 1520 1047 OUILU

649 1148 764 1204 ABbAS
783 1147 1038 1205 GLUNthllNSlS
1057 1147 1222 1212 QUINTUS.

449 1425 625 1515 esthaul
656 1424 889 1515 obituros
918 1424 1137 1515 UhOGlUM
1168 1421 1473 1513 UlSTORlGUM

730 1622 915 1686 nuoaoaa
936 1619 1188 1682 Mnnrsnomo.

498 1801 577 1874 (Aeto
591 1805 763 1858 Sanctorum
777 1799 891 1857 ordinis
904 1802 934 1856 S.
951 1797 1066 1866 bened,
1078 1795 1180 1853 Seouli
1197 1796 1245 1865 Vl,
1263 1811 1328 1870 pag.
1344 1795 1420 1864 631.)

375 2104 397 2155 Ι.
417 2101 488 2157 Vitoe
501 2099 675 2169 Scriptores.
949 2093 1031 2172 pita
1045 2091 1228 2165 incognitum
1243 2088 1325 2156 latet,
1340 2092 1372 2144 ut
1387 2105 1472 2146 namo
1487 2089 1633 2146 hactenus
1653 2094 1706 2147 aut
1718 2091 1807 2165 ipsum

149 2188 174 2247 l.
204 2190 285 2254 Quod
314 2188 457 2260 superiori
484 2188 590 2244 seculo
614 2189 649 2245 de
678 2192 805 2260 quatuor
832 2187 936 2260 primis
989 2180 1105 2247 viderit,
1122 2184 1174 2236 aut
1189 2178 1343 2235 laudatum
1358 2195 1484 2250 usquam
1505 2177 1659 2235 invenerit.
1685 2180 1809 2255 Deaiqua

113 2278 282 2336 monasterii
298 2276 935 2348 cluniacenslsabbatibuslecimus,hicquo-
989 2269 1156 2327 Jotsaldum
1171 2267 1307 2323 abbatem
1323 2267 1477 2334 babemus,
1487 2266 1810 2342 cujusepitaphiumla·

113 2384 170 2442 que
184 2385 202 2422 a
216 2365 302 2422 nobis
317 2365 347 2420 in
363 2365 440 2422 beati
454 2364 587 2421 Odilonis
601 2366 726 2438 gratiam
736 2365 935 2439 prestandum
989 2358 1069 2432 gitur
1083 2355 1217 2414 exteriori
1233 2373 1317 2412 muro
1331 2355 1436 2412 veteris
1463 2354 1592 2412 ecclesia
1616 2359 1714 2415 sancti
1737 2359 1809 2417 Petri

113 2461 168 2525 est,
185 2461 217 2511 ut
227 2453 338 2511 scilicet
351 2452 670 2527 praetervitamejusab
679 2453 808 2526 antiquis
816 2453 936 2527 scripto·
989 2445 1190 2503 Cluniflcensiss
1205 2445 1325 2501 affixum
1341 2444 1397 2502 Sub
1411 2443 1575 2501 hisverbisst
1586 2446 1724 2518 chjsscet
1733 2447 1809 2505 dvm·

114 2545 197 2601 ribus
211 2547 370 2612 exaratam,
385 2559 447 2616 quae
463 2542 538 2598 tanti
552 2542 605 2598 viri
622 2547 704 2618 gesta
719 2561 776 2599 non
793 2543 864 2600 satis
886 2561 935 2599 ex·

113 2633 206 2709 ponit,
221 2633 349 2706 elogium
366 2632 459 2704 ipsius
474 2649 531 2688 non
546 2631 641 2691 solum
657 2629 934 2704 exantiquis'aucto·

112 2723 204 2781 ribus.
222 2719 374 2780 sedetiam
390 2736 425 2776 ex
439 2720 527 2778 variis
541 2720 650 2778 chartis
665 2738 700 2778 ex
721 2721 847 2778 archivio
867 2721 935 2778 Clu-

112 2810 242 2868 niacensi
257 2808 448 2884 depromptis,
464 2808 588 2882 aliisque
602 2810 934 2867 veteribusinstrumen-

112 2901 151 2960 tis
165 2904 364 2959 contexamus.
376 2899 435 2957 Hoc
451 2898 529 2956 enim
540 2904 625 2972 pacto
640 2900 712 2955 tanti
727 2899 780 2955 viri
792 2899 935 2973 preclaro

112 2989 241 3048 actiones
255 2987 371 3046 facilius
392 2992 421 3043 at
441 2987 607 3045 accuratius
631 2988 933 3060 representabuntur;

112 3094 281 3152 neoparum
306 3076 457 3133 conferent
479 3080 522 3133 tot
537 3075 659 3148 antiqua
683 3081 876 3133 monumenta
899 3076 936 3132 ad

112 3166 318 3224 illustrandam
335 3164 447 3222 ordinis
459 3166 613 3223 monastici
629 3166 719 3239 hujus
734 3165 832 3224 saculi
842 3153 933 3222 histo-

111 3272 196 3312 riam.

990 2551 1042 2592 aas
1055 2533 1190 2594 tetaldus
1204 2535 1301 2589 obbas.
1330 2532 1443 2588 sedan
1468 2530 1515 2588 his
1529 2530 1559 2588 in
1583 2532 1725 2592 omuibus
1753 2550 1811 2591 mo·

989 2621 1139 2680 humentis
1154 2638 1231 2678 unus
1246 2624 1276 2676 et
1290 2619 1368 2676 idem
1382 2619 1518 2675 laudetur
1530 2619 1692 2677 lodsaldus
1702 2640 1710 2692 ;
1722 2639 1760 2679 an
1770 2622 1813 2679 di·

988 2712 1064 2769 versi
1079 2711 1212 2784 ejusdam
1228 2708 1356 2767 nominis
1367 2708 1420 2765 viri
1433 2708 1767 2785 designentur,prorsus
1774 2716 1816 2771 est

989 2801 1145 2858 incertum.
1768 2870 1772 2876 .

1024 2890 1050 2946 3.
1067 2890 1155 2947 Porro
1175 2889 1266 2946 vitam
1287 2886 1381 2945 sancti
1407 2885 1539 2945 Odilonis
1554 2904 1571 2944 a
1584 2887 1723 2948 lotaaldo
1745 2890 1816 2949 scri-

989 2983 1080 3051 ptam,
1098 2995 1149 3035 seu
1159 2977 1257 3051 potius
1267 2977 1332 3048 eJus
1346 2975 1545 3050 fragmentum
1552 2978 1815 3039 Andreasltuobaa·

990 3067 1057 3124 nius
1070 3066 1100 3123 in
1116 3067 1280 3141 Appendice
1306 3065 1342 3122 ad
1363 3064 1570 3125 bibliothecam
1591 3066 1814 3130 Cluniacaaaom

989 3157 1045 3213 sub
1074 3155 1217 3229 Anonymi
1242 3153 1460 3212 silviniacensis
1486 3155 1613 3226 nomine,
1638 3161 1669 3215 et
1688 3158 1815 3218 loannes

989 3242 1149 3301 Bollandus
1164 3243 1211 3300 die
1225 3246 1243 3298 2
1256 3242 1400 3301 tannarii.
1418 3243 1583 3301 ediderunt.
1607 3244 1664 3302 Sed
1681 3262 1748 3306 mm
1763 3264 1814 3307 noa

146 3340 173 3392 2.
190 3336 232 3391 Ab
248 3335 284 3391 iis
308 3335 358 3407 qui
379 3335 460 3391 'beati
482 3335 598 3393 abbatis
621 3351 667 3393 res
690 3339 788 3410 gestas
810 3333 934 3408 posteris
989 3333 1037 3390 hic
1051 3321 1223 3391 exhibemus
1238 3331 1383 3405 integram
1399 3348 1434 3389 ex
1448 3332 1613 3391 codicema.
1630 3326 1814 3395 bibliothecis

111 3421 252 3481 mandare
266 3427 452 3492 curaverunt,
469 3423 620 3479 exordium
637 3424 784 3481 ducimus.
796 3424 875 3480 Duos
886 3423 936 3479 ha·
988 3421 1145 3489 Thoonem,
1170 3437 1258 3493 quem
1283 3419 1437 3477 sevidisse
1459 3424 1585 3478 testatur
1608 3421 1774 3482 chiffletius
1785 3423 1813 3484 ia

111 3512 176 3569 buit
188 3510 260 3566 Vite
275 3527 336 3567 sue
350 3510 507 3583 scriptores
517 3511 678 3585 precipuos
693 3517 815 3571 sanctus
838 3511 932 3580 Odilo,
948 3473 973 3539 Β
988 3509 1210 3585 probationibus
1234 3508 1476 3565 'lreuorchiensis
1501 3509 1648 3567 Historiae.
1678 3512 1824 3571 Eamdem

110 3600 277 3658 Jotsaldum
293 3597 404 3655 seilicet
418 3603 447 3654 et
461 3600 580 3678 Petrum
594 3600 729 3657 Damiani
743 3602 932 3671 cardinalem,
986 3599 1147 3655 habuimus
1163 3614 1197 3655 cx
1211 3598 1327 3654 duobus
1343 3596 1409 3655 aliis
1425 3597 1574 3655 codicibus
1586 3615 1660 3671 mss,
1680 3617 1741 3659 uno
1757 3600 1857 3660 cri—

111 3693 272 3760 utrumque
286 3685 343 3760 ipsi
359 3685 511 3760 equalem.
527 3687 688 3756 totsaldus,
705 3690 747 3745 sic
770 3690 849 3746 enim
865 3707 933 3747 con·
988 3686 1130 3760 speiensia
1159 3684 1340 3754 monasterii,
1365 3685 1457 3743 altero
1492 3690 1598 3744 nostra
1633 3688 1857 3751 bibliotheca-

112 3779 223 3834 stanter
238 3776 348 3834 habent
361 3774 473 3849 antiqui
489 3776 793 3850 codices,quauquam
808 3778 934 3836 ineditis
989 3776 1084 3835 sancti
1098 3775 1235 3833 Germani
1251 3793 1270 3832 a
1282 3774 1387 3832 Pratis.
1404 3777 1545 3832 Craterum
1561 3775 1641 3833 idem
1666 3777 1857 3837 labadon

112 3863 262 3922 nonnullis
290 3865 430 3921 mendose
453 3865 608 3923 Lotsaldus
630 3866 757 3939 scriptus
776 3867 934 3939 invenitur,
988 3880 1105 3921 carnem
1121 3862 1213 3920 edidit
1228 3864 1283 3921 sub
1295 3864 1431 3921 Planctus
1447 3862 1542 3933 titulo,
1550 3864 1586 3922 de
1596 3864 1676 3923 beati
1686 3866 1857 3925 omanis

111 3952 226 4027 primus
240 3952 312 4008 Vita
328 3951 461 4026 scriptor,
479 3953 642 4012 monachus
657 3955 712 4012 luit
735 3955 934 4013 cluniacensis
988 3952 1079 4021 obitu,
1097 3953 1175 4026 quod
1190 3952 1302 4009 editum
1317 3956 1362 4009 est
1377 3953 1406 4008 in
1423 3951 1603 4011 Bibliotheca
1617 3953 1803 4015 Cluniaccaai
1814 3994 1850 4009 -

111 4048 140 4100 et
153 4041 231 4099 beati
257 4040 390 4098 Odilonis
414 4041 590 4115 discipulus,
613 4044 699 4116 cujus
715 4045 755 4101 rei
776 4049 880 4102 testem
902 4063 934 4102 se
988 4044 1024 4099 At
1035 4058 1102 4099 cum
1113 4039 1186 4097 nihil
1201 4040 1308 4097 habeat
1323 4041 1360 4097 ad
1375 4040 1553 4098 illustranda
1566 4041 1648 4100 beati
1671 4043 1726 4101 riri
1741 4048 1842 4111 acta,

111 4132 174 4205 ipsc
189 4112 305 4187 eihibet
320 4129 349 4186 in
363 4130 460 4202 operis
472 4131 854 4206 prasationo,ubisemapni
862 4135 934 4193 ool.
988 4129 1086 4203 ipsum
1102 4127 1237 4185 omittere
1251 4128 1347 4186 visum
1363 4131 1407 4186 eat
1423 4130 1478 4202 (1);
1495 4129 1569 4187 satis
1581 4129 1620 4187 sit
1630 4130 1745 4206 aliquot
1753 4122 1845 4191 var-⁵

109 4221 181 4278 ona
195 4219 338 4276 cormeum
353 4219 784 4296 mopirterio,inscrmammque
798 4223 935 4296 beneficio
987 4236 1040 4275 sus
1054 4217 1188 4292 seligere,
1202 4217 1232 4272 in
1248 4216 1357 4291 quibus
1372 4217 1415 4274 sic
1430 4218 1465 4275 de
1480 4216 1603 4276 Odilone
1616 4223 1648 4277 ct
1667 4219 1836 4280 Willclmo

111 4309 202 4367 fuisse
216 4308 379 4383 pmfitetur.
396 4312 425 4365 ls
439 4307 503 4382 ipse
518 4314 572 4376 est,
588 4310 645 4367 nisi
670 4311 765 4380 fallor,
784 4314 932 4383 losaldus,
988 4304 1154 4363 Divionenfli
1170 4305 1275 4362 abbate
1291 4304 1379 4362 canit·

109 4415 188 4455 unus
202 4413 218 4454 e
233 4396 654 4471 quinqucmonachisquicum
663 4399 784 4458 Odilonc
794 4402 936 4459 abbataet
1019 4393 1127 4445 hisdem
1142 4393 1257 4468 (Ἰθθβῡῦῑῑ
1270 4393 1420 4445 Wffl⁰¹ffl¹¹⁸
1434 4393 1503 4444 f⁰f20
1519 4394 1646 4470 Kelissfffl

110 4487 236 4543 Roberto
251 4484 346 4558 priore
361 4485 935 4559 chmtaeGirbaldicnjusdamanuo1032
1019 4458 1052 4568 {pli
1079 4459 1175 4569 ugssaffi
1186 4456 1739 4584 ffigzffffiffrfflffifffigffe[zfflgflfm‘

110 4574 306 4646 subscripisse
322 4573 623 4647 reperitur.·losaldus
638 4577 934 4637 itemctloserannus
1019 4583 1078 4632 Uno
1092 4581 1219 4632 florentes
1233 4582 1406 4647 intempore,
1422 4595 1532 4647 corpore
1547 4583 1660 4645 mundo,

109 4665 214 4721 fratres
228 4662 420 4719 nominantur
434 4662 464 4718 in
481 4664 582 4721 charta
597 4667 737 4724 Bernardi
754 4671 782 4724 et
795 4669 874 4737 Ado,
885 4686 934 4725 co·
1018 4642 1593 4779 ffiff,fftgfflaipevfflfffiffiffifflffim
1607 4720 1745 4759 mm,

109 4770 174 4811 rum
190 4750 283 4827 patris
298 4756 327 4808 et
342 4751 455 4821 matria,
472 4770 536 4824 quae
564 4759 703 4829 regnante
725 4756 850 4814 Roberto
866 4775 933 4814 con·
1019 4768 1106 4818 Gloria
1119 4780 1176 4818 nou
1190 4768 1290 4833 dispar,
1306 4768 1428 4820 eamdam
1442 4769 1620 4834 sequiturque
1635 4745 1749 4821 corona:

108 4843 183 4900 secta
197 4845 251 4898 ast.
269 4842 409 4899 Praeterea
424 4841 559 4900 losaldus
574 4844 707 4901 notarius
722 4844 869 4918 plerisque
886 4842 968 4910 sir-G
988 4856 1139 4913 odilonem
1157 4857 1186 4912 in
1202 4857 1260 4913 fine
1274 4856 1415 4914 carminis
1430 4859 1567 4931 preoatur
1579 4858 1708 4915 uisum
1722 4858 1819 4917 Alme

109 4930 195 4988 chivii
224 4930 425 4988 Cluniaoensis
448 4930 535 4988 istius
558 4933 700 5007 temporis
724 4935 935 5009 subscripsisse
988 4945 1029 5002 nii
1045 4962 1158 5002 memor
1172 4945 1211 5001 sit
1226 4945 1303 5018 apud
1320 4946 1422 5003 Deum,
1438 4944 1706 5004 Almaniusautom
1716 4940 1818 5005 hicat

108 5018 225 5093 legitur,
235 5024 462 5092 quemanostro
472 5019 638 5078 aliumesse
649 5038 707 5077 non
717 5027 866 5095 putamus.
880 5025 934 5090 Oui
988 5035 1111 5091 fortasse
1140 5034 1202 5108 ipse
1233 5034 1453 5108 ouielflugoni
1483 5033 1566 5091 Odilo
1594 5033 1695 5093 vitm
1722 5027 1814 5094 meti

109 5112 138 5163 et
152 5106 230 5163 idem
244 5107 357 5164 udatur
371 5125 436 5165 esse
450 5109 587 5168 losaldus
609 5111 638 5166 in
661 5110 789 5168 indiculo
803 5119 934 5172 veterum
989 5122 1086 5180 Maioli
1103 5127 1332 5197 nuncupaverat.
1358 5124 1432 5180 Eum
1446 5121 1524 5180 enim
1548 5122 1761 5183 charissimum
1774 5117 1812 5181 ibi

109 5195 252 5251 librorum
261 5194 463 5254 Cluniacensis
486 5200 653 5256 monasterii
669 5199 851 5258 bibliothecas
873 5221 934 5260 me·
988 5211 1107 5268 fratrem
1124 5210 1263 5286 appellat,
1278 5228 1367 5284 quem
1382 5211 1478 5268 virum
1493 5211 1658 5270 litteratum
1678 5212 1808 5271 miscear

111 5287 252 5350 moratus,
268 5282 319 5340 ubl
334 5283 441 5340 dicitur
455 5286 603 5345 calamum
627 5291 767 5347 adversus
793 5293 933 5367 berenga-
988 5313 1022 5353 eo
1036 5303 1126 5370 patet,
1141 5299 1218 5371 quod
1235 5297 1320 5354 illum
1332 5293 1520 5373 etllugouem
1527 5301 1692 5374 rogaturo
1705 5298 1807 5376 qnidiu

109 5371 187 5430 rium
216 5371 440 5429 heresiarcham
468 5376 630 5446 strinxisse,
657 5383 788 5453 tompore
817 5380 933 5438 henrici
988 5385 1042 5441 bac
1056 5386 1122 5444 Vita
1136 5405 1194 5444 non
1223 5390 1300 5444 recte
1330 5387 1441 5444 dictum
1461 5393 1638 5460 occurreret,
1656 5389 1802 5448 emendare

110 5463 288 5519 Francorum
304 5460 396 5535 regis3
414 5466 443 5518 at
457 5464 563 5521 excidit
578 5466 657 5525 istud
674 5486 759 5542 opus,
786 5474 838 5526 aut
857 5475 934 5527 certo
987 5472 1089 5532 velint.

146 5551 184 5626 (t)
198 5557 320 5608 Carmen
337 5549 484 5625 integrum
500 5554 606 5613 damus
617 5557 703 5616 inira.
715 5559 793 5616 Eois.
811 5559 931 5617 Parnon.
