3884 6084
127 267 194 328 29¹1
744 268 953 333 EXPOSITiO
974 269 1231 336 PSALMORUM.
1778 272 1842 335 298

133 400 354 477 qnaeignrtloat
360 398 607 475 permutationem
616 399 792 479 populorum
801 401 830 457 in
841 400 959 470 melias,
973 402 1002 473 Α
1016 402 1174 463 vindictam
1188 402 1353 463 infidelium
1368 403 1529 481 pervenire,
1539 400 1667 469 ostendit
1682 421 1740 469 nou
1754 419 1842 480 poue

132 495 174 549 ita
188 492 248 558 bie,
260 508 401 549 conversa
414 490 445 547 in
460 489 644 565 sanguinem,
658 489 804 565 significat
815 491 958 572 populum
1012 492 1048 548 ud
1072 507 1121 549 eos
1136 492 1234 550 venire
1257 493 1429 563 vindictam,
1443 495 1499 552 nisi
1526 492 1636 553 luerint
1661 492 1778 563 Domini
1793 494 1846 554 de-

130 582 288 641 Judaioum
310 581 340 638 in
365 580 493 638 deterius
508 584 719 654 permutatum.
735 579 861 638 Imbrem
887 579 958 638 dicit
1012 580 1143 647 tensione
1159 582 1263 654 privati
1282 599 1288 639 ι
1306 599 1357 656 per
1371 586 1497 643 mortem
1512 600 1579 644 vero
1596 584 1777 654 animarum,
1792 583 1847 642 ho·
1903 577 1913 589 '

131 672 278 731 caelestem
288 669 523 746 praedicationem
535 687 542 729 :
555 686 644 744 quam
654 667 791 727 similiter
801 669 882 726 aitin
893 686 959 726 sau·
1012 668 1127 726 minum
1142 669 1272 746 intellige
1288 670 1438 730 interitum
1458 686 1570 744 eorum,
1583 670 1634 747 qui
1650 671 1680 730 in
1695 669 1746 730 nlla
1761 671 1843 730 clade

129 764 499 843 gainamvcrsam,uteos
523 760 574 834 qui
601 757 771 833 spiritaliter
795 757 958 834 intelligere
1011 758 1100 815 occisi
1120 763 1199 817 sunt.

129 847 958 924 ahenumintelligerecarnaliterostenderet‚quomodo
1010 834 1046 903 '56
1082 850 1263 920 tennerunt
1271 866 1350 908 omne
1358 851 1700 924 prinropenitaminterra
1708 848 1844 927 direpti:

128 946 209 1006 nim
225 941 399 1017 spiritaliter
409 937 615 1013 intelligerent,
626 937 677 1012 qui
691 937 775 995 crant
790 936 957 995 carnalibus
1083 938 1226 994 Primitiae
1245 941 1334 997 omnis
1350 941 1454 1001 iubaris
1477 958 1572 1001 eoram
1598 941 1630 999 in
1654 936 1843 1001 alemoniis

128 1035 268 1097 oeusibm
283 1028 442 1105 occupati?
1119 1025 1213 1083 Ciam.

129 1129 166 1184 50
200 1126 279 1184 linit
295 1122 325 1177 in
341 1136 385 1179 ees
398 1119 579 1191 caenomyiam
592 1126 618 1174 et
630 1115 747 1174 cernedat
760 1132 827 1174 eos:
1048 1114 1069 1170 li
1086 1114 1168 1172 Sicut
1182 1115 1243 1173 baeo
1267 1121 1350 1191 gestu
1373 1116 1402 1175 in
1426 1123 1549 1194 AEgypto
1564 1120 1739 1189 referuntur,
1757 1120 1841 1179 itaet

201 1216 234 1274 dt
247 1228 349 1271 ranam
360 1218 388 1268 et
400 1207 562 1282 disperdidit
575 1223 628 1264 eoa.
1010 1202 1154 1260 Dominus
1183 1204 1365 1279 principatus
1388 1212 1417 1264 et
1440 1212 1600 1283 potestates
1614 1210 1838 1283 demoniorum,

164 1307 189 1362 u
204 1305 236 1362 ln
251 1317 402 1374 coenomya
416 1297 584 1372 cynicorum
606 1300 715 1353 sectam
731 1293 879 1361 iudicavit,
892 1310 956 1367 qun
1011 1290 1071 1348 sive
1085 1291 1232 1362 vitiorum,
1246 1293 1276 1351 in
1292 1294 1347 1352 boo
1359 1298 1470 1354 mundo
1485 1288 1591 1356 delerit
1605 1314 1658 1357 suo
1674 1301 1778 1357 sendo
1789 1299 1841 1356 ad·

130 1395 282 1454 libidinem
298 1394 386 1464 atque
407 1387 554 1445 luxuriam
570 1401 721 1442 summum
745 1383 882 1459 predicat
905 1382 956 1438 bo·
1010 1383 1109 1450 ventu,
1120 1384 1149 1438 et
1163 1381 1355 1457 triumphavit
1370 1385 1398 1442 in
1415 1384 1494 1460 liguo
1515 1390 1622 1451 sanata
1636 1386 1745 1459 crucis,
1758 1387 1788 1446 et
1802 1388 1840 1454 ab

130 1502 212 1544 num.
228 1485 250 1541 C
263 1482 347 1539 liena
365 1481 411 1535 est
434 1474 644 1549 loquacissima
667 1474 783 1531 vanitas
807 1472 956 1530 heretico·
1009 1485 1110 1549 eorum
1122 1470 1208 1529 eorde
1217 1468 1330 1545 depulit
1341 1490 1349 1530 ε
1361 1473 1412 1547 qui
1422 1471 1576 1533 calliditati
1586 1471 1737 1537 diabolice
1748 1472 1839 1537 dediti

127 1591 195 1635 mm
211 1590 218 1630 :
235 1589 302 1646 quas
313 1569 497 1628 commorata
510 1564 634 1623 cannete
649 1562 796 1634 sensibus,
813 1560 956 1637 improbis
1009 1561 1101 1621 erunt.
1119 1559 1190 1632 quia
1216 1559 1306 1618 cnam
1334 1562 1473 1621 calliditas
1499 1562 1717 1638 interpretatur.
1743 1564 1764 1620 t
1784 1562 1841 1625 Par

126 1661 309 1723 fflffl'ibm
319 1657 433 1734 ΜΝ
448 1673 506 1713 11θῦ
521 1653 639 1714 (minii-
1007 1645 1155 1720 primitias
1169 1665 1236 1706 vero
1251 1665 1338 1707 omne
1363 1646 1594 1729 primogenitum
1617 1649 1749 1731 intellige
1760 1670 1768 1710 t
1779 1648 1839 1729 prl-

121 1755 158 1813 5¹
198 1754 232 1811 fl
242 1749 316 1808 ΒΝ
326 1747 447 1819 “titini
458 1746 567 1818 santae
578 1760 674 1801 0⁰t¹tm
687 1759 694 1798 :
1008 1735 1097 1796 mitia
1113 1736 1221 1813 quippe
1235 1737 1370 1798 laborum
1380 1741 1417 1798 ad
1427 1732 1522 1800 totum
1532 1741 1680 1815 pertinent
1689 1739 1835 1816 quidquid

196 1844 231 1900 Β
243 1841 352 1900 1⁴⁶0?ss
365 1852 461 1895 dvm
473 1834 591 1891 locttlae·
970 1787 994 1852 B
1013 1822 1144 1883 humana
1158 1826 1339 1900 possibilitas
1353 1827 1460 1887 habere
1474 1833 1619 1902 potuerat.

155 1936 181 1989 c
191 1931 300 2002 AErugo
308 1929 353 1984 est
363 1940 446 1982 emor
455 1921 754 1994 turpis,honestetem
766 1931 956 1986 consumens,
1012 1913 1048 1969 57
1082 1914 1115 1970 Et
1130 1916 1243 1975 abstulit
1256 1918 1329 1975 sicat
1339 1934 1400 1975 oves
1411 1919 1545 1992 papulam
1559 1936 1641 1981 snam
1658 1937 1666 1976 ι

124 2018 335 2083 minutione
350 2012 473 2073 occulte.
484 2011 610 2067 incude
635 2012 681 2065 est
703 2003 846 2064 malevola
861 2003 957 2063 detra·
1082 2004 1115 2061 Et
1126 2004 1256 2080 perdana't
1266 2022 1309 2063 eos
1321 2011 1453 2082 taaaaom
1466 2024 1576 2080 gregem
1590 2009 1621 2066 in
1632 2007 1745 2073 deserte..

122 2113 195 2180 etio,
206 2113 291 2167 actus
303 2105 414 2163 alienos
429 2100 529 2158 invida
543 2098 727 2158 oblocutione
746 2095 914 2153 corrodens.
1046 2092 1149 2150 CNam
1161 2112 1229 2152 cum
1240 2095 1313 2153 dixit
1321 2112 1390 2153 oves
1398 2100 1427 2154 et
1441 2112 1570 2171 gregem,
1582 2096 1729 2171 signifloti
1743 2114 1838 2171 popu«

120 2204 160 2259 52
196 2202 235 2257 Et
245 2195 346 2260 cecidit
359 2188 536 2265 ingrandiae
549 2189 644 2245 vineas
656 2201 769 2243 eorarn:
1008 2178 1071 2238 lum
1086 2183 1295 2255 Christianum,
1311 2185 1362 2259 qui
1386 2186 1416 2242 iu
1440 2185 1496 2249 boc
1520 2184 1627 2252 seculo
1642 2190 1785 2261 tanquam
1805 2185 1837 2257 in

197 2291 237 2345 Et
248 2299 337 2344 moros
351 2299 446 2341 aeram
457 2282 488 2337 in
500 2279 613 2352 pruine.
1008 2271 1123 2331 deserto
1137 2274 1315 2347 pasoitur,ai
1331 2275 1552 2339 mundanarum
1577 2292 1675 2335 rerum
1691 2268 1838 2339 desideria

157 2377 315 2438 GGrnndo
328 2378 373 2432 eet
386 2368 575 2430 comminatio
590 2366 652 2434 Dei,
663 2381 722 2439 qun
737 2364 870 2420 verberat
883 2377 952 2417 oon-
1007 2358 1064 2416 iton
1081 2367 1223 2435 sequntur
1234 2380 1240 2418 :
1253 2364 1387 2436 quamvis
1403 2366 1440 2421 nd
1455 2364 1584 2423 litterum
1598 2364 1717 2429 taneos
1732 2358 1762 2421 in
1780 2369 1837 2422 ter-

114 2477 268 2528 tumnes.
283 2464 393 2523 Pruina
408 2479 415 2519 :
431 2472 613 2534 procurrens
631 2454 855 2527 anticipansque
871 2447 953 2506 muli·
1005 2467 1069 2507 rom
1084 2451 1289 2525 promissionis
1312 2452 1461 2523 inductos,
1477 2472 1546 2513 oves
1569 2454 1702 2528 accipere
1722 2454 1836 2529 possin

112 2561 253 2633 timon
266 2555 381 2612 labores
399 2549 511 2608 alienos
532 2543 682 2620 pervenire
698 2543 734 2599 ad
750 2540 877 2597 fructum
893 2553 951 2594 non
1004 2540 1102 2597 iumen
1118 2541 1188 2614 quia
1200 2540 1230 2597 in
1251 2542 1400 2615 parabolis
1416 2559 1448 2600 se
1463 2542 1633 2607 locuturum
1658 2541 1742 2612 dixit,
1754 2540 1836 2600 cbri-

113 2643 278 2723 pertinit
1004 2627 1133 2687 alianum
1149 2629 1291 2705 populum
1315 2629 1363 2690 bis
1387 2631 1546 2708 signatum,
1559 2631 1654 2706 magis
1679 2649 1769 2706 quam
1795 2630 1836 2696 ai·
1927 2618 1930 2627 ’

109 2738 156 2797 53
193 2735 229 2793 lt
241 2727 497 2802 tradiditqrandini
505 2725 633 2798 jamma
647 2735 760 2779 aarum
1002 2734 1105 2795 guum,
1121 2719 1270 2777 intellectu
1281 2718 1418 2794 amplecti
1432 2720 1537 2791 tebes;
1553 2737 1623 2784 nam
1638 2721 1773 2795 sequitur
1784 2739 1791 2779 :
1801 2711 1838 2779 iit

191 2821 534 2897 &pemionmeoram
548 2814 617 2885 igni.
1002 2808 1116 2877 eduxit,
1132 2812 1190 2865 ete.

156 2916 231 2973 ttln
253 2911 407 2988 grandine,
422 2904 576 2979 castigatio
600 2900 698 2957 divina
722 2897 949 2955 monstratore
1001 2896 1038 2951 58
1072 2897 1268 2954 litedaaiteos
1283 2900 1480 2970 inopertam
1495 2901 1646 2960 timaernnt
1663 2915 1669 2957 :

112 3008 215 3065 Morte
230 3001 375 3078 pecudum
396 2996 552 3056 stultorum
573 2989 757 3065 significatur
776 3002 909 3044 occasus.
926 2985 948 3041 ll
1070 2986 1103 3041 Et
1118 2987 1244 3042 inimicos
1258 3001 1353 3043 coram
1368 2989 1477 3058 apernit
1490 3004 1583 3050 mara.

114 3096 167 3153 Ab
181 3094 238 3150 bae
253 3096 350 3149 autem
361 3085 541 3163 grandinant
551 3081 755 3154 hoeojumentn
764 3075 949 3144 occiduntur,
1036 3075 1171 3130 Gildueti
1186 3076 1264 3132 enim
1280 3092 1332 3133 nos
1347 3091 1453 3135 sumus
1468 3077 1498 3132 in
1514 3093 1567 3153 spe
1581 3080 1691 3137 eterra
1705 3073 1830 3153 AEgypti,

114 3189 155 3243 ut
170 3197 273 3240 aarum
287 3177 455 3252 insipientia
470 3176 620 3248 arguatur,
632 3168 682 3242 qui
698 3166 831 3224 divinum
843 3179 948 3220 nomen
963 3157 986 3225 G
1004 3163 1033 3233 jd
1048 3166 1093 3220 est
1107 3181 1124 3220 u
1138 3164 1266 3223 tenebris
1283 3168 1480 3238 peccatorum,
1490 3165 1541 3238 qui
1556 3165 1624 3225 lidei
1639 3160 1739 3225 lumen
1755 3181 1835 3229 noce

114 3272 228 3333 hestds
250 3268 466 3327 indideruntti
489 3261 695 3336 ignisquoque
719 3254 900 3320 immittitur,
916 3255 949 3310 ut
1001 3251 1156 3324 pimusiit
1166 3252 1303 3309 inimicos
1314 3253 1431 3326 operuit
1445 3269 1621 3312 mammam
1633 3271 1687 3316 nus
1695 3253 1836 3320 ablueba-

114 3345 946 3421 illumiuanturoordacredentium,etvitiadepascantur.
1001 3357 1068 3396 mur
1087 3343 1116 3397 in
1136 3341 1438 3415 baptismo,druboius
1460 3344 1650 3419 mergebatur
1674 3342 1704 3400 in
1730 3342 1836 3417 abysso

116 3452 204 3509 Sient
219 3449 262 3506 ait
273 3446 417 3504 Dominus
433 3459 440 3498 ε
457 3441 557 3516 Ignem
572 3435 637 3495 veui
653 3436 767 3492 mittere
781 3432 812 3490 in
826 3436 946 3500 terrum,
1001 3443 1069 3487 oum
1084 3431 1228 3487 ministris
1242 3430 1317 3489 suis.
1333 3431 1381 3488 Sic
1401 3431 1461 3488 illis
1476 3432 1506 3489 in
1522 3431 1617 3508 ligura
1638 3433 1739 3493 omnia
1753 3426 1829 3490 lacti

117 3546 150 3598 et
164 3539 236 3613 quid
249 3536 315 3594 volo
329 3533 386 3592 nisi
399 3537 432 3588 ut
445 3528 567 3591 ardeat?
576 3528 652 3600 (Luc.
664 3525 727 3597 ιιι).
1001 3524 1072 3577 sunt
1087 3521 1112 3591 (l
1122 3523 1184 3586 cor,
1194 3520 1234 3593 x),
1247 3524 1280 3576 ut
1294 3520 1335 3577 ait
1348 3518 1513 3593 Apostolus,
1524 3537 1587 3595 que
1603 3526 1708 3582 nostra
1722 3518 1828 3578 salutis

118 3631 156 3688 58
190 3629 265 3686 deit
279 3628 310 3682 in
325 3640 368 3681 eos
382 3625 455 3680 iram
469 3616 669 3691 immaniora
682 3628 752 3672 saae.
999 3609 1112 3688 indicia
1127 3609 1313 3669 nuntiabant.

228 3714 447 3788 indignationem
458 3717 484 3769 et
497 3709 572 3765 iram
582 3710 609 3764 et
623 3704 852 3762 tribulationem:
1001 3699 1040 3756 59
1071 3699 1106 3756 Et
1120 3698 1232 3756 indicent
1244 3715 1288 3757 eoa
1302 3701 1332 3755 in
1347 3707 1466 3757 orontem
1478 3700 1702 3772 sanctificationis
1715 3696 1777 3763 raae'
1790 3719 1800 3757 .·

188 3797 571 3873 mosanenpnannan
581 3795 679 3851 maten
1072 3790 1280 3864 llontemqaem
1293 3791 1439 3869 acqanivit
1452 3789 1567 3849 barna
1581 3792 1651 3865 ejas.

153 3893 264 3952 sstirdo
277 3890 412 3949 vindicte
427 3874 789 3956 verissima-descriptione
802 3882 949 3936 narratur.
1039 3879 1157 3936 CMons
1173 3877 1413 3936 sanctificationis
1428 3897 1434 3935 :
1451 3884 1554 3936 saneta
1569 3878 1698 3937 Emissis
1717 3878 1747 3943 iu
1767 3875 1835 3947 iati-

154 3978 485 4057 Psiusenimltomiuus
500 3974 626 4050 peccatis
634 3970 791 4028 bominum
801 3967 951 4041 irascitur,
1005 3969 1107 4037 rudius
1122 3967 1190 4026 tidoi
1206 3967 1377 4025 sublimata.
1394 3965 1460 4026 Sive
1483 3984 1611 4041 superna
1634 3967 1687 4031 ilia
1709 3967 1835 4027 ooeiestie

126 4064 835 4145 quandonuilaeompuuetioueconvertunturtac
846 4055 951 4114 deiude
1005 4056 1197 4125 Hierusalem,
1214 4057 1245 4114 in
1260 4073 1349 4131 quam
1365 4054 1506 4130 populum
1522 4055 1755 4130 coimaginata
1770 4048 1833 4114 Sai-

127 4161 266 4219 nantem
280 4157 411 4218 bominis
426 4156 458 4216 in
471 4171 528 4215 aaa
539 4150 741 4226 indignatione
756 4152 785 4205 et
798 4146 842 4203 ira
856 4149 885 4204 at
898 4144 950 4202 tri-
1005 4152 1088 4205 rator
1102 4146 1273 4204 introduxit.
1288 4146 1331 4202 Ad
1352 4144 1480 4202 litteram
1494 4161 1563 4207 vero
1587 4160 1672 4209 mons
1686 4143 1766 4213 stoa,
1778 4142 1834 4212 ubi

130 4248 273 4307 bulatione
282 4244 503 4320 derelinquit‚ut
511 4246 660 4317 postremo
671 4237 773 4297 nudati
783 4235 952 4294 defensioue
1006 4237 1084 4294 eirea
1096 4252 1183 4312 quem
1196 4234 1341 4308 templum
1352 4233 1408 4290 init
1420 4233 1607 4302 edificatum,
1618 4236 1663 4289 est
1673 4248 1758 4293 mons
1768 4249 1836 4292 san·

131 4324 867 4413 trinatnpretunaatuntdinboti.c0nsntenim
880 4341 951 4381 cun·
1006 4323 1201 4387 mifieationis.
1827 4318 1830 4322 ’

133 4431 242 4501 eaque
251 4421 590 4494 messanensium
599 4414 787 4493 permissioni
797 4419 849 4471 aut
859 4413 952 4487 impe·
1005 4416 1042 4472 60
1077 4418 1112 4472 Et
1124 4415 1231 4487 ejectio
1244 4413 1425 4485 tacieeoram
1437 4417 1549 4484 amna:

132 4513 512 4589 riosan'aeere.1licitvero
527 4507 745 4566 immissionem
766 4503 848 4560 illam
863 4501 953 4561 mulo.
968 4529 992 4597 D
1078 4501 1301 4561 stenedland
1315 4502 1355 4558 eis
1374 4507 1517 4567 ÷terram
1538 4505 1545 4568 ζ
1566 4499 1597 4557 in
1606 4488 1835 4573 [animlediairi-

135 4605 320 4675 antam
335 4621 389 4678 per
401 4599 521 4677 angelos
535 4597 640 4665 malos,
654 4594 764 4654 scilieet
776 4589 952 4667 indignatio·
1115 4592 1245 4649 balanis.

136 4708 201 4767 uem,
212 4696 241 4751 id
256 4699 311 4766 est,
325 4699 471 4751 tumorem
487 4687 641 4763 superbiae,
656 4686 731 4742 iram
747 4681 886 4748 audaciae,
896 4679 949 4736 tri·
1039 4683 1186 4756 cEjicita
1202 4680 1274 4738 isaie
1286 4684 1388 4738 nostru
1398 4677 1635 4755 gentes,quando
1646 4695 1664 4734 a
1674 4675 1761 4739 nohis
1772 4672 1836 4732 bar·

137 4781 302 4842 bulationem
321 4779 577 4857 desperationis.ii
598 4775 635 4833 Ut
649 4774 699 4849 qui
724 4771 831 4831 divinis
855 4768 949 4844 plagis
1003 4770 1092 4830 barini
1108 4773 1137 4827 el
1152 4769 1282 4825 immites
1297 4758 1438 4845 suguntur
1450 4783 1587 4824 errores:
1600 4761 1704 4825 dividit
1718 4765 1827 4822 tenram

135 4886 182 4930 m
194 4873 406 4948 πωπω,
416 4866 569 4929 diabolicis
582 4863 699 4923 insidiis
714 4861 917 4919 tunderentur.
1004 4878 1072 4920 cum
1088 4876 1139 4933 pro
1155 4875 1210 4916 sua
1223 4857 1317 4933 gratia
1332 4854 1490 4929 unicuique
1510 4855 1627 4912 beatam
1642 4850 1757 4909 dederit
1771 4867 1826 4926 por

133 4960 163 5020 ⁵⁶
195 4962 466 5037 nannetense
480 4960 619 5017 iraesaae:
636 4970 691 5010 non
703 4951 851 5026 pepercita
866 4953 951 5005 nrorte
1004 4951 1115 5011 tionem
1131 4947 1212 5022 regni
1232 4945 1284 5003 Dei
1301 4963 1308 5001 ε
1326 4942 1475 5002 tuniculas
1496 4943 1595 5001 nutem
1617 4939 1836 5007 distributionis

135 5072 158 5109 -e
225 5054 388 5112 animm
400 5065 516 5109 arun:
1005 5040 1048 5098 sia
1063 5037 1160 5094 dictas
1175 5039 1220 5092 ost
1234 5034 1270 5092 ab
1286 5031 1356 5101 illis,
1366 5030 1417 5105 qui
1437 5034 1545 5087 terram
1569 5033 1653 5088 tenso
1677 5026 1746 5088 ltine
1761 5026 1835 5088 diri·

189 5144 225 5202 tt
230 5138 611 5216 immurmurantem
621 5131 762 5192 conclusit.
1010 5127 1129 5185 debant.

159 5227 486 5291 tumentatitios
495 5227 551 5299 ira,
560 5240 630 5283 eum
643 5223 673 5279 in
686 5219 798 5296 peccati
811 5216 954 5277 ultionem
1007 5218 1040 5273 ol
1078 5216 1112 5272 tt
1127 5215 1252 5271 babitare
1264 5212 1329 5285 tecit
1343 5213 1371 5269 in
1388 5209 1573 5268 retentandis
1586 5225 1681 5269 eonem
1695 5226 1703 5269 t

126 5315 668 5394 sunamitenaantiberatantmam
681 5326 766 5369 suam
782 5304 955 5381 naupplieie
1082 5305 1179 5362 Tribus
1192 5302 1287 5361 lsrael.
1739 5369 1743 5374 Ἰ

126 5410 263 5486 &benun
278 5427 286 5468 :
303 5408 348 5468 rai
365 5424 440 5470 eom
459 5403 630 5481 iusipientia
654 5402 729 5476 (que
750 5396 896 5472 jumentis
912 5395 956 5453 esi
1045 5393 1207 5468 Cidystiee,
1215 5390 1352 5450 tribubus
1360 5389 1496 5462 israel,id
1504 5382 1721 5451 estvidentlhu'a
1731 5384 1836 5462 Deum,

124 5500 243 5571 muta)
266 5499 300 5558 in
323 5501 419 5561 morte
434 5495 616 5571 sempiterna
640 5488 834 5553 conciuditur.
849 5489 870 5542 c
883 5488 955 5545 Cum
1010 5484 1092 5544 dabit
1106 5481 1270 5541 iuhaditare
1285 5477 1556 5555 tabernacula,que
1572 5483 1639 5545 ante
1654 5476 1771 5543 ruinam
1787 5493 1836 5542 sn·

120 5590 284 5673 fiturzdiait
297 5588 377 5649 riam
390 5586 501 5650 ierim
522 5584 693 5653 Dominum,
717 5595 776 5657 qua
807 5576 901 5656 possit
919 5575 956 5634 ad
1010 5573 1116 5654 perbie
1132 5570 1228 5632 adhue
1243 5570 1413 5632 innocentes
1427 5568 1523 5647 angeli
1536 5561 1738 5646 possidebant.

286 5717 421 5788 Patron.
443 5714 548 5782 cxtlt
1640 5694 1679 5760 to
