<?xml version="1.0" encoding="UTF-8"?>
<!DOCTYPE html PUBLIC "-//W3C//DTD XHTML 1.0 Transitional//EN"
    "http://www.w3.org/TR/xhtml1/DTD/xhtml1-transitional.dtd">
<html xmlns="http://www.w3.org/1999/xhtml" xml:lang="en" lang="en">
 <head>
  <title>
</title>
<meta http-equiv="Content-Type" content="text/html;charset=utf-8" />
  <meta name='ocr-system' content='tesseract 3.04.00' />
  <meta name='ocr-capabilities' content='ocr_page ocr_carea ocr_par ocr_line ocrx_word'/>
</head>
<body>
  <div class='ocr_page' id='page_1' title='image "./patrologiaecurs64unkngoog_0371.png"; bbox 0 0 3900 6098; ppageno 0'>
   <div class='ocr_carea' id='block_1_1' title="bbox 123 102 1861 193">
    <p class='ocr_par' dir='ltr' id='par_1_1' title="bbox 123 102 1861 193">
     <span class='ocr_line' id='line_1_1' title="bbox 123 102 1861 193; baseline 0.015 -27"><span class='ocrx_word' id='word_1_1' title='bbox 123 102 181 175; x_wconf 68' lang='grc'><strong>137</strong></span> <span class='ocrx_word' id='word_1_2' title='bbox 940 102 1045 172; x_wconf 75' lang='lat' dir='ltr'><strong>vles.</strong></span> <span class='ocrx_word' id='word_1_3' title='bbox 1801 126 1861 193; x_wconf 76' lang='lat'><strong>738</strong></span> 
     </span>
    </p>
   </div>
   <div class='ocr_carea' id='block_1_2' title="bbox 106 229 1862 5312">
    <p class='ocr_par' dir='ltr' id='par_1_2' title="bbox 106 229 1862 5312">
     <span class='ocr_line' id='line_1_2' title="bbox 122 229 1708 327; baseline 0.016 -41"><span class='ocrx_word' id='word_1_4' title='bbox 122 234 195 299; x_wconf 76' lang='lat' dir='ltr'><strong>tus?</strong></span> <span class='ocrx_word' id='word_1_5' title='bbox 210 232 280 307; x_wconf 83' lang='lat' dir='ltr'><strong>Quo</strong></span> <span class='ocrx_word' id='word_1_6' title='bbox 294 229 493 291; x_wconf 73' lang='lat' dir='ltr'><strong>scandalizato</strong></span> <span class='ocrx_word' id='word_1_7' title='bbox 509 248 567 291; x_wconf 88' lang='lat' dir='ltr'><strong>non</strong></span> <span class='ocrx_word' id='word_1_8' title='bbox 583 241 629 293; x_wconf 86' lang='lat' dir='ltr'><strong>cst</strong></span> <span class='ocrx_word' id='word_1_9' title='bbox 645 236 753 293; x_wconf 84' lang='lat' dir='ltr'><strong>ustus?</strong></span> <span class='ocrx_word' id='word_1_10' title='bbox 764 239 810 293; x_wconf 81' lang='lat' dir='ltr'><strong>Sir</strong></span> <span class='ocrx_word' id='word_1_11' title='bbox 827 239 966 296; x_wconf 82' lang='lat' dir='ltr'><strong>nimirum</strong></span> <span class='ocrx_word' id='word_1_12' title='bbox 984 244 1009 309; x_wconf 77' lang='grc' dir='ltr'><strong>Α</strong></span> <span class='ocrx_word' id='word_1_13' title='bbox 1178 243 1247 297; x_wconf 82' lang='lat' dir='ltr'><strong>Car.</strong></span> <span class='ocrx_word' id='word_1_14' title='bbox 1265 242 1298 299; x_wconf 79' lang='grc' dir='ltr'><strong>Χ.</strong></span> <span class='ocrx_word' id='word_1_15' title='bbox 1317 275 1350 285; x_wconf 88' lang='grc'><strong>-</strong></span> <span class='ocrx_word' id='word_1_16' title='bbox 1367 246 1467 318; x_wconf 72' lang='lat' dir='ltr'><strong>Quadis</strong></span> <span class='ocrx_word' id='word_1_17' title='bbox 1482 252 1599 309; x_wconf 82' lang='lat' dir='ltr'><strong>interius</strong></span> <span class='ocrx_word' id='word_1_18' title='bbox 1613 255 1708 327; x_wconf 67' lang='lat' dir='ltr'><strong>fucrit.</strong></span> 
     </span>
     <span class='ocr_line' id='line_1_3' title="bbox 121 322 1861 423; baseline 0.022 -54"><span class='ocrx_word' id='word_1_19' title='bbox 121 323 227 399; x_wconf 61' lang='lat' dir='ltr'><strong>qupp</strong></span> <span class='ocrx_word' id='word_1_20' title='bbox 239 322 411 397; x_wconf 71' lang='lat' dir='ltr'><strong>ipllpmitati</strong></span> <span class='ocrx_word' id='word_1_21' title='bbox 422 322 703 393; x_wconf 71' lang='lat' dir='ltr'><strong>condescensionem</strong></span> <span class='ocrx_word' id='word_1_22' title='bbox 712 325 788 385; x_wconf 92' lang='lat' dir='ltr'><strong>idem</strong></span> <span class='ocrx_word' id='word_1_23' title='bbox 797 328 868 386; x_wconf 91' lang='lat' dir='ltr'><strong>inse</strong></span> <span class='ocrx_word' id='word_1_24' title='bbox 878 333 967 405; x_wconf 88' lang='lat' dir='ltr'><strong>atque</strong></span> <span class='ocrx_word' id='word_1_25' title='bbox 1058 327 1185 387; x_wconf 89' lang='lat' dir='ltr'><strong>interius</strong></span> <span class='ocrx_word' id='word_1_26' title='bbox 1202 333 1304 387; x_wconf 88' lang='lat' dir='ltr'><strong>autem</strong></span> <span class='ocrx_word' id='word_1_27' title='bbox 1320 335 1511 407; x_wconf 76' lang='lat' dir='ltr'>regularibus</span> <span class='ocrx_word' id='word_1_28' title='bbox 1525 340 1661 401; x_wconf 89' lang='lat' dir='ltr'><strong>subditos</strong></span> <span class='ocrx_word' id='word_1_29' title='bbox 1671 345 1861 423; x_wconf 84' lang='lat' dir='ltr'><strong>institutis,ut</strong></span> 
     </span>
     <span class='ocr_line' id='line_1_4' title="bbox 119 412 1860 499; baseline 0.018 -33"><span class='ocrx_word' id='word_1_30' title='bbox 119 412 146 485; x_wconf 79' lang='lat' dir='ltr'><strong>ia</strong></span> <span class='ocrx_word' id='word_1_31' title='bbox 164 412 241 485; x_wconf 83' lang='lat' dir='ltr'><strong>aliis</strong></span> <span class='ocrx_word' id='word_1_32' title='bbox 256 412 418 483; x_wconf 70' lang='lat' dir='ltr'><strong>sentiebat.</strong></span> <span class='ocrx_word' id='word_1_33' title='bbox 1021 417 1216 475; x_wconf 88' lang='lat' dir='ltr'><strong>charissimos</strong></span> <span class='ocrx_word' id='word_1_34' title='bbox 1232 419 1350 477; x_wconf 87' lang='lat' dir='ltr'><strong>lovebnt</strong></span> <span class='ocrx_word' id='word_1_35' title='bbox 1365 424 1459 494; x_wconf 84' lang='lat' dir='ltr'><strong>nti0s;</strong></span> <span class='ocrx_word' id='word_1_36' title='bbox 1472 429 1593 486; x_wconf 79' lang='lat' dir='ltr'><strong>rebelles</strong></span> <span class='ocrx_word' id='word_1_37' title='bbox 1607 437 1639 487; x_wconf 95' lang='lat' dir='ltr'><strong>ut</strong></span> <span class='ocrx_word' id='word_1_38' title='bbox 1654 437 1860 499; x_wconf 86' lang='lat' dir='ltr'><strong>severissimus</strong></span> 
     </span>
     <span class='ocr_line' id='line_1_5' title="bbox 151 501 1862 593; baseline 0.025 -50"><span class='ocrx_word' id='word_1_39' title='bbox 151 501 226 573; x_wconf 52' lang='lat' dir='ltr'><strong>sam</strong></span> <span class='ocrx_word' id='word_1_40' title='bbox 253 501 457 579; x_wconf 71' lang='lat' dir='ltr'><strong>veroqpidin</strong></span> <span class='ocrx_word' id='word_1_41' title='bbox 484 502 685 587; x_wconf 86' lang='lat' dir='ltr'><strong>dispensanda</strong></span> <span class='ocrx_word' id='word_1_42' title='bbox 707 505 824 562; x_wconf 82' lang='lat' dir='ltr'><strong>iatniliae</strong></span> <span class='ocrx_word' id='word_1_43' title='bbox 848 507 966 565; x_wconf 84' lang='lat' dir='ltr'><strong>Domini</strong></span> <span class='ocrx_word' id='word_1_44' title='bbox 1017 506 1108 579; x_wconf 75' lang='lat' dir='ltr'><strong>jaidea</strong></span> <span class='ocrx_word' id='word_1_45' title='bbox 1124 505 1291 580; x_wconf 76' lang='lat' dir='ltr'><strong>disciplinae</strong></span> <span class='ocrx_word' id='word_1_46' title='bbox 1316 509 1416 582; x_wconf 85' lang='lat' dir='ltr'><strong>gladio</strong></span> <span class='ocrx_word' id='word_1_47' title='bbox 1442 517 1700 593; x_wconf 87' lang='lat' dir='ltr'><strong>animadvertebat,</strong></span> <span class='ocrx_word' id='word_1_48' title='bbox 1718 525 1862 586; x_wconf 89' lang='lat' dir='ltr'><strong>inutros·</strong></span> 
     </span>
     <span class='ocr_line' id='line_1_6' title="bbox 115 590 1862 692; baseline 0.021 -53"><span class='ocrx_word' id='word_1_49' title='bbox 115 610 246 667; x_wconf 30' lang='lat' dir='ltr'><strong>appi-ina</strong></span> <span class='ocrx_word' id='word_1_50' title='bbox 261 590 413 665; x_wconf 65' lang='lat' dir='ltr'><strong>diaerimt</strong></span> <span class='ocrx_word' id='word_1_51' title='bbox 430 592 534 649; x_wconf 86' lang='lat' dir='ltr'><strong>Testes</strong></span> <span class='ocrx_word' id='word_1_52' title='bbox 559 596 630 651; x_wconf 89' lang='lat' dir='ltr'><strong>suut</strong></span> <span class='ocrx_word' id='word_1_53' title='bbox 644 611 717 669; x_wconf 89' lang='lat' dir='ltr'><strong>pene</strong></span> <span class='ocrx_word' id='word_1_54' title='bbox 733 600 878 668; x_wconf 75' lang='lat' dir='ltr'>quotquot</span> <span class='ocrx_word' id='word_1_55' title='bbox 899 597 968 653; x_wconf 90' lang='lat' dir='ltr'><strong>Leo·</strong></span> <span class='ocrx_word' id='word_1_56' title='bbox 1021 611 1078 668; x_wconf 90' lang='lat' dir='ltr'><strong>que</strong></span> <span class='ocrx_word' id='word_1_57' title='bbox 1093 595 1216 669; x_wconf 85' lang='lat' dir='ltr'><strong>pietatis</strong></span> <span class='ocrx_word' id='word_1_58' title='bbox 1243 613 1366 656; x_wconf 88' lang='lat' dir='ltr'><strong>servans</strong></span> <span class='ocrx_word' id='word_1_59' title='bbox 1381 603 1512 673; x_wconf 83' lang='lat' dir='ltr'><strong>viscera;</strong></span> <span class='ocrx_word' id='word_1_60' title='bbox 1530 607 1600 663; x_wconf 92' lang='lat' dir='ltr'><strong>dum</strong></span> <span class='ocrx_word' id='word_1_61' title='bbox 1618 609 1671 667; x_wconf 92' lang='lat' dir='ltr'><strong>hos</strong></span> <span class='ocrx_word' id='word_1_62' title='bbox 1686 614 1722 668; x_wconf 89' lang='lat' dir='ltr'><strong>ed</strong></span> <span class='ocrx_word' id='word_1_63' title='bbox 1737 616 1862 692; x_wconf 85' lang='lat' dir='ltr'><strong>meliora</strong></span> 
     </span>
     <span class='ocr_line' id='line_1_7' title="bbox 113 681 1860 772; baseline 0.021 -45"><span class='ocrx_word' id='word_1_64' title='bbox 113 683 206 753; x_wconf 53' lang='grc' dir='ltr'><strong>ὤμω</strong></span> <span class='ocrx_word' id='word_1_65' title='bbox 216 681 655 756; x_wconf 71' lang='lat' dir='ltr'><strong>paraps3quiacumanteeum</strong></span> <span class='ocrx_word' id='word_1_66' title='bbox 667 688 867 749; x_wconf 83' lang='lat' dir='ltr'><strong>onustantum</strong></span> <span class='ocrx_word' id='word_1_67' title='bbox 879 685 967 758; x_wconf 84' lang='lat' dir='ltr'><strong>panis</strong></span> <span class='ocrx_word' id='word_1_68' title='bbox 1020 688 1204 757; x_wconf 82' lang='lat' dir='ltr'><strong>provocaret,</strong></span> <span class='ocrx_word' id='word_1_69' title='bbox 1222 683 1289 745; x_wconf 87' lang='lat' dir='ltr'><strong>illos</strong></span> <span class='ocrx_word' id='word_1_70' title='bbox 1304 704 1372 746; x_wconf 83' lang='lat' dir='ltr'><strong>vero</strong></span> <span class='ocrx_word' id='word_1_71' title='bbox 1389 709 1406 746; x_wconf 90' lang='lat' dir='ltr'><strong>a</strong></span> <span class='ocrx_word' id='word_1_72' title='bbox 1421 694 1561 765; x_wconf 73' lang='lat' dir='ltr'>pravitate</span> <span class='ocrx_word' id='word_1_73' title='bbox 1578 708 1784 772; x_wconf 78' lang='lat' dir='ltr'><strong>compesceret.</strong></span> <span class='ocrx_word' id='word_1_74' title='bbox 1801 706 1860 764; x_wconf 87' lang='lat' dir='ltr'><strong>Nec</strong></span> 
     </span>
     <span class='ocr_line' id='line_1_8' title="bbox 111 769 1859 861; baseline 0.021 -46"><span class='ocrx_word' id='word_1_75' title='bbox 111 770 257 849; x_wconf 59' lang='lat' dir='ltr'><strong>sjpgulip</strong></span> <span class='ocrx_word' id='word_1_76' title='bbox 271 770 414 845; x_wconf 79' lang='lat' dir='ltr'><strong>fratribas</strong></span> <span class='ocrx_word' id='word_1_77' title='bbox 429 769 561 847; x_wconf 83' lang='lat' dir='ltr'><strong>quetidie</strong></span> <span class='ocrx_word' id='word_1_78' title='bbox 575 771 703 840; x_wconf 89' lang='lat' dir='ltr'><strong>deretur,</strong></span> <span class='ocrx_word' id='word_1_79' title='bbox 719 777 749 829; x_wconf 91' lang='lat' dir='ltr'><strong>et</strong></span> <span class='ocrx_word' id='word_1_80' title='bbox 760 790 819 829; x_wconf 91' lang='lat' dir='ltr'><strong>non</strong></span> <span class='ocrx_word' id='word_1_81' title='bbox 835 773 966 848; x_wconf 89' lang='lat' dir='ltr'><strong>amplius</strong></span> <span class='ocrx_word' id='word_1_82' title='bbox 1020 773 1144 830; x_wconf 89' lang='lat' dir='ltr'><strong>timebat</strong></span> <span class='ocrx_word' id='word_1_83' title='bbox 1159 772 1248 830; x_wconf 89' lang='lat' dir='ltr'><strong>miles</strong></span> <span class='ocrx_word' id='word_1_84' title='bbox 1264 774 1374 834; x_wconf 82' lang='lat' dir='ltr'><strong>Christi</strong></span> <span class='ocrx_word' id='word_1_85' title='bbox 1390 781 1414 835; x_wconf 88' lang='lat' dir='ltr'><strong>si</strong></span> <span class='ocrx_word' id='word_1_86' title='bbox 1431 781 1580 840; x_wconf 88' lang='lat' dir='ltr'><strong>hominem</strong></span> <span class='ocrx_word' id='word_1_87' title='bbox 1603 789 1776 861; x_wconf 82' lang='lat' dir='ltr'><strong>offenderet;</strong></span> <span class='ocrx_word' id='word_1_88' title='bbox 1793 798 1859 852; x_wconf 91' lang='lat' dir='ltr'><strong>tan·</strong></span> 
     </span>
     <span class='ocr_line' id='line_1_9' title="bbox 109 860 1859 952; baseline 0.028 -60"><span class='ocrx_word' id='word_1_89' title='bbox 109 877 213 941; x_wconf 54' lang='lat' dir='ltr'><strong>qum</strong></span> <span class='ocrx_word' id='word_1_90' title='bbox 232 860 567 942; x_wconf 53' lang='lat' dir='ltr'><strong>dirggqppgpwatae</strong></span> <span class='ocrx_word' id='word_1_91' title='bbox 585 860 641 934; x_wconf 81' lang='grc'>(18)</span> <span class='ocrx_word' id='word_1_92' title='bbox 657 860 715 917; x_wconf 85' lang='lat' dir='ltr'><strong>vini</strong></span> <span class='ocrx_word' id='word_1_93' title='bbox 731 860 761 917; x_wconf 92' lang='lat' dir='ltr'><strong>in</strong></span> <span class='ocrx_word' id='word_1_94' title='bbox 777 865 850 935; x_wconf 90' lang='lat' dir='ltr'><strong>potu</strong></span> <span class='ocrx_word' id='word_1_95' title='bbox 862 879 966 920; x_wconf 89' lang='lat' dir='ltr'><strong>eorum</strong></span> <span class='ocrx_word' id='word_1_96' title='bbox 1020 864 1084 917; x_wconf 92' lang='lat' dir='ltr'><strong>tum</strong></span> <span class='ocrx_word' id='word_1_97' title='bbox 1101 863 1221 918; x_wconf 89' lang='lat' dir='ltr'><strong>interno</strong></span> <span class='ocrx_word' id='word_1_98' title='bbox 1230 863 1336 935; x_wconf 88' lang='lat' dir='ltr'><strong>judici,</strong></span> <span class='ocrx_word' id='word_1_99' title='bbox 1348 870 1490 927; x_wconf 88' lang='lat' dir='ltr'><strong>servando</strong></span> <span class='ocrx_word' id='word_1_100' title='bbox 1501 890 1616 945; x_wconf 80' lang='lat' dir='ltr'><strong>aquom</strong></span> <span class='ocrx_word' id='word_1_101' title='bbox 1628 882 1657 934; x_wconf 89' lang='lat' dir='ltr'><strong>et</strong></span> <span class='ocrx_word' id='word_1_102' title='bbox 1668 884 1789 952; x_wconf 88' lang='lat' dir='ltr'><strong>rectum,</strong></span> <span class='ocrx_word' id='word_1_103' title='bbox 1800 901 1859 941; x_wconf 91' lang='lat' dir='ltr'><strong>non</strong></span> 
     </span>
     <span class='ocr_line' id='line_1_10' title="bbox 108 948 1860 1041; baseline 0.026 -57"><span class='ocrx_word' id='word_1_104' title='bbox 108 967 170 1027; x_wconf 51' lang='grc' dir='ltr'>Μ</span> <span class='ocrx_word' id='word_1_105' title='bbox 186 967 310 1015; x_wconf 53' lang='grc' dir='ltr'><strong>,πω</strong></span> <span class='ocrx_word' id='word_1_106' title='bbox 325 949 568 1029; x_wconf 58' lang='lat' dir='ltr'><strong>expenderentur,</strong></span> <span class='ocrx_word' id='word_1_107' title='bbox 584 948 632 1006; x_wconf 90' lang='lat' dir='ltr'><strong>hic</strong></span> <span class='ocrx_word' id='word_1_108' title='bbox 645 966 679 1005; x_wconf 83' lang='lat' dir='ltr'><strong>ex</strong></span> <span class='ocrx_word' id='word_1_109' title='bbox 693 949 813 1023; x_wconf 80' lang='lat' dir='ltr'><strong>polenta</strong></span> <span class='ocrx_word' id='word_1_110' title='bbox 828 950 903 1008; x_wconf 87' lang='lat' dir='ltr'><strong>nivei</strong></span> <span class='ocrx_word' id='word_1_111' title='bbox 919 969 967 1010; x_wconf 92' lang='lat' dir='ltr'><strong>co·</strong></span> <span class='ocrx_word' id='word_1_112' title='bbox 1022 950 1203 1024; x_wconf 85' lang='lat' dir='ltr'><strong>displiceret,</strong></span> <span class='ocrx_word' id='word_1_113' title='bbox 1221 969 1392 1013; x_wconf 90' lang='lat' dir='ltr'><strong>memorans</strong></span> <span class='ocrx_word' id='word_1_114' title='bbox 1407 957 1478 1014; x_wconf 88' lang='lat' dir='ltr'><strong>illud</strong></span> <span class='ocrx_word' id='word_1_115' title='bbox 1493 963 1622 1034; x_wconf 85' lang='lat' dir='ltr'><strong>Apostoli</strong></span> <span class='ocrx_word' id='word_1_116' title='bbox 1638 983 1644 1021; x_wconf 92' lang='lat'>:</span> <span class='ocrx_word' id='word_1_117' title='bbox 1660 969 1692 1023; x_wconf 85' lang='lat' dir='ltr'><strong>Si</strong></span> <span class='ocrx_word' id='word_1_118' title='bbox 1703 969 1860 1041; x_wconf 71' lang='lat' dir='ltr'><strong>homicidae</strong></span> 
     </span>
     <span class='ocr_line' id='line_1_11' title="bbox 107 1037 1862 1121; baseline 0.022 -39"><span class='ocrx_word' id='word_1_119' title='bbox 107 1039 192 1114; x_wconf 52' lang='lat'><strong>1952</strong></span> <span class='ocrx_word' id='word_1_120' title='bbox 210 1056 308 1117; x_wconf 66' lang='lat' dir='ltr'><strong>quam</strong></span> <span class='ocrx_word' id='word_1_121' title='bbox 319 1037 446 1097; x_wconf 82' lang='lat' dir='ltr'><strong>similam</strong></span> <span class='ocrx_word' id='word_1_122' title='bbox 459 1042 578 1104; x_wconf 90' lang='lat' dir='ltr'><strong>vocant,</strong></span> <span class='ocrx_word' id='word_1_123' title='bbox 587 1037 719 1112; x_wconf 87' lang='lat' dir='ltr'><strong>quinque</strong></span> <span class='ocrx_word' id='word_1_124' title='bbox 729 1055 845 1097; x_wconf 89' lang='lat' dir='ltr'><strong>marcas</strong></span> <span class='ocrx_word' id='word_1_125' title='bbox 856 1057 967 1114; x_wconf 88' lang='lat' dir='ltr'><strong>appen-</strong></span> <span class='ocrx_word' id='word_1_126' title='bbox 1019 1040 1170 1112; x_wconf 84' lang='lat' dir='ltr'><strong>placerem,</strong></span> <span class='ocrx_word' id='word_1_127' title='bbox 1183 1040 1289 1097; x_wconf 74' lang='lat' dir='ltr'><strong>Christi</strong></span> <span class='ocrx_word' id='word_1_128' title='bbox 1303 1059 1398 1101; x_wconf 70' lang='lat' dir='ltr'><strong>tert’ttt</strong></span> <span class='ocrx_word' id='word_1_129' title='bbox 1410 1063 1463 1104; x_wconf 76' lang='lat' dir='ltr'><strong>neti</strong></span> <span class='ocrx_word' id='word_1_130' title='bbox 1479 1066 1574 1108; x_wconf 75' lang='lat' dir='ltr'><strong>essere.</strong></span> <span class='ocrx_word' id='word_1_131' title='bbox 1587 1054 1621 1109; x_wconf 72' lang='lat' dir='ltr'><strong>let</strong></span> <span class='ocrx_word' id='word_1_132' title='bbox 1635 1054 1706 1121; x_wconf 86' lang='lat' dir='ltr'><strong>illud</strong></span> <span class='ocrx_word' id='word_1_133' title='bbox 1723 1059 1862 1120; x_wconf 87' lang='lat' dir='ltr'><strong>Psalmis·</strong></span> 
     </span>
     <span class='ocr_line' id='line_1_12' title="bbox 109 1125 1861 1220; baseline 0.025 -54"><span class='ocrx_word' id='word_1_134' title='bbox 109 1130 248 1195; x_wconf 61' lang='lat' dir='ltr'><strong>geniem</strong></span> <span class='ocrx_word' id='word_1_135' title='bbox 264 1130 387 1205; x_wconf 65' lang='lat' dir='ltr'><strong>insupep</strong></span> <span class='ocrx_word' id='word_1_136' title='bbox 401 1125 508 1201; x_wconf 68' lang='lat' dir='ltr'><strong>adiecit</strong></span> <span class='ocrx_word' id='word_1_137' title='bbox 520 1143 637 1201; x_wconf 91' lang='lat' dir='ltr'><strong>ponem,</strong></span> <span class='ocrx_word' id='word_1_138' title='bbox 648 1131 828 1201; x_wconf 84' lang='lat' dir='ltr'><strong>centumque</strong></span> <span class='ocrx_word' id='word_1_139' title='bbox 840 1131 968 1203; x_wconf 88' lang='lat' dir='ltr'><strong>quadra·</strong></span> <span class='ocrx_word' id='word_1_140' title='bbox 1021 1133 1057 1184; x_wconf 77' lang='lat' dir='ltr'><strong>ta</strong></span> <span class='ocrx_word' id='word_1_141' title='bbox 1073 1145 1080 1184; x_wconf 71' lang='grc' dir='ltr'>ι</span> <span class='ocrx_word' id='word_1_142' title='bbox 1098 1129 1153 1198; x_wconf 73' lang='lat' dir='ltr'><strong>Qui</strong></span> <span class='ocrx_word' id='word_1_143' title='bbox 1175 1131 1339 1188; x_wconf 80' lang='lat' dir='ltr'><strong>bominibus</strong></span> <span class='ocrx_word' id='word_1_144' title='bbox 1361 1136 1482 1206; x_wconf 84' lang='lat' dir='ltr'><strong>placcat,</strong></span> <span class='ocrx_word' id='word_1_145' title='bbox 1499 1143 1606 1213; x_wconf 76' lang='lat' dir='ltr'><strong>consuet</strong></span> <span class='ocrx_word' id='word_1_146' title='bbox 1628 1154 1701 1213; x_wconf 83' lang='lat' dir='ltr'><strong>sant,</strong></span> <span class='ocrx_word' id='word_1_147' title='bbox 1727 1152 1861 1220; x_wconf 76' lang='lat' dir='ltr'><strong>quatiam</strong></span> 
     </span>
     <span class='ocr_line' id='line_1_13' title="bbox 111 1215 1282 1293; baseline 0.006 -21"><span class='ocrx_word' id='word_1_148' title='bbox 111 1218 208 1293; x_wconf 53' lang='lat' dir='ltr'><strong>&amp;nte</strong></span> <span class='ocrx_word' id='word_1_149' title='bbox 223 1222 358 1275; x_wconf 87' lang='lat' dir='ltr'><strong>carratas</strong></span> <span class='ocrx_word' id='word_1_150' title='bbox 372 1215 431 1272; x_wconf 86' lang='lat' dir='ltr'><strong>vini</strong></span> <span class='ocrx_word' id='word_1_151' title='bbox 456 1232 508 1289; x_wconf 89' lang='lat' dir='ltr'><strong>per</strong></span> <span class='ocrx_word' id='word_1_152' title='bbox 531 1233 642 1272; x_wconf 91' lang='lat' dir='ltr'><strong>annum</strong></span> <span class='ocrx_word' id='word_1_153' title='bbox 667 1215 821 1273; x_wconf 86' lang='lat' dir='ltr'><strong>cellarario</strong></span> <span class='ocrx_word' id='word_1_154' title='bbox 837 1217 966 1275; x_wconf 76' lang='lat' dir='ltr'><strong>fratrum</strong></span> <span class='ocrx_word' id='word_1_155' title='bbox 1022 1218 1091 1274; x_wconf 83' lang='lat' dir='ltr'><strong>Deus</strong></span> <span class='ocrx_word' id='word_1_156' title='bbox 1106 1221 1214 1291; x_wconf 79' lang='lat' dir='ltr'><strong>spreuit</strong></span> <span class='ocrx_word' id='word_1_157' title='bbox 1228 1237 1282 1278; x_wconf 78' lang='lat' dir='ltr'><strong>cce.</strong></span> 
     </span>
     <span class='ocr_line' id='line_1_14' title="bbox 106 1303 1860 1402; baseline 0.024 -58"><span class='ocrx_word' id='word_1_158' title='bbox 106 1308 188 1381; x_wconf 59' lang='lat' dir='ltr'><strong>purg</strong></span> <span class='ocrx_word' id='word_1_159' title='bbox 202 1311 350 1397; x_wconf 57' lang='lat' dir='ltr'><strong>pai-pomp</strong></span> <span class='ocrx_word' id='word_1_160' title='bbox 372 1305 483 1379; x_wconf 73' lang='lat' dir='ltr'><strong>absque</strong></span> <span class='ocrx_word' id='word_1_161' title='bbox 507 1303 568 1377; x_wconf 88' lang='lat' dir='ltr'><strong>ulla</strong></span> <span class='ocrx_word' id='word_1_162' title='bbox 592 1304 755 1365; x_wconf 79' lang='lat' dir='ltr'><strong>sterilitatis</strong></span> <span class='ocrx_word' id='word_1_163' title='bbox 777 1305 969 1363; x_wconf 81' lang='lat' dir='ltr'><strong>excusatione</strong></span> <span class='ocrx_word' id='word_1_164' title='bbox 1059 1307 1141 1364; x_wconf 89' lang='lat' dir='ltr'><strong>Unde</strong></span> <span class='ocrx_word' id='word_1_165' title='bbox 1158 1308 1283 1382; x_wconf 87' lang='lat' dir='ltr'><strong>contigit</strong></span> <span class='ocrx_word' id='word_1_166' title='bbox 1308 1315 1342 1367; x_wconf 92' lang='lat' dir='ltr'><strong>ut</strong></span> <span class='ocrx_word' id='word_1_167' title='bbox 1367 1313 1402 1369; x_wconf 89' lang='lat' dir='ltr'><strong>ab</strong></span> <span class='ocrx_word' id='word_1_168' title='bbox 1427 1316 1625 1377; x_wconf 85' lang='lat' dir='ltr'><strong>detonsionem</strong></span> <span class='ocrx_word' id='word_1_169' title='bbox 1648 1325 1789 1397; x_wconf 88' lang='lat' dir='ltr'><strong>veritatis,</strong></span> <span class='ocrx_word' id='word_1_170' title='bbox 1805 1348 1860 1402; x_wconf 90' lang='lat' dir='ltr'><strong>pro</strong></span> 
     </span>
     <span class='ocr_line' id='line_1_15' title="bbox 112 1392 1860 1486; baseline 0.025 -54"><span class='ocrx_word' id='word_1_171' title='bbox 112 1396 243 1469; x_wconf 39' lang='lat' dir='ltr'><strong>dgna&amp;</strong></span> <span class='ocrx_word' id='word_1_172' title='bbox 255 1394 434 1467; x_wconf 56' lang='lat' dir='ltr'><strong>pppqinpvm</strong></span> <span class='ocrx_word' id='word_1_173' title='bbox 450 1398 598 1467; x_wconf 79' lang='lat' dir='ltr'><strong>quatenus</strong></span> <span class='ocrx_word' id='word_1_174' title='bbox 619 1392 689 1451; x_wconf 92' lang='lat' dir='ltr'><strong>indo</strong></span> <span class='ocrx_word' id='word_1_175' title='bbox 704 1398 734 1450; x_wconf 91' lang='lat' dir='ltr'><strong>et</strong></span> <span class='ocrx_word' id='word_1_176' title='bbox 750 1392 971 1452; x_wconf 78' lang='lat' dir='ltr'><strong>rationabiliter</strong></span> <span class='ocrx_word' id='word_1_177' title='bbox 1025 1412 1083 1468; x_wconf 92' lang='lat' dir='ltr'><strong>qua</strong></span> <span class='ocrx_word' id='word_1_178' title='bbox 1098 1413 1134 1452; x_wconf 89' lang='lat' dir='ltr'><strong>ne</strong></span> <span class='ocrx_word' id='word_1_179' title='bbox 1151 1398 1228 1454; x_wconf 90' lang='lat' dir='ltr'><strong>mori</strong></span> <span class='ocrx_word' id='word_1_180' title='bbox 1243 1398 1364 1470; x_wconf 89' lang='lat' dir='ltr'><strong>quidem</strong></span> <span class='ocrx_word' id='word_1_181' title='bbox 1381 1408 1539 1477; x_wconf 82' lang='lat' dir='ltr'><strong>metuebat,</strong></span> <span class='ocrx_word' id='word_1_182' title='bbox 1556 1427 1768 1486; x_wconf 89' lang='lat' dir='ltr'><strong>nonnunquam</strong></span> <span class='ocrx_word' id='word_1_183' title='bbox 1784 1417 1860 1475; x_wconf 90' lang='lat' dir='ltr'><strong>alio-</strong></span> 
     </span>
     <span class='ocr_line' id='line_1_16' title="bbox 114 1481 1861 1564; baseline 0.025 -43"><span class='ocrx_word' id='word_1_184' title='bbox 114 1502 271 1559; x_wconf 50' lang='lat' dir='ltr'><strong>fflquppp</strong></span> <span class='ocrx_word' id='word_1_185' title='bbox 285 1489 372 1563; x_wconf 71' lang='lat' dir='ltr'><strong>potus</strong></span> <span class='ocrx_word' id='word_1_186' title='bbox 387 1486 554 1559; x_wconf 73' lang='lat' dir='ltr'><strong>augeretur,</strong></span> <span class='ocrx_word' id='word_1_187' title='bbox 570 1486 599 1538; x_wconf 92' lang='lat' dir='ltr'><strong>et</strong></span> <span class='ocrx_word' id='word_1_188' title='bbox 622 1500 656 1539; x_wconf 82' lang='lat' dir='ltr'><strong>ex</strong></span> <span class='ocrx_word' id='word_1_189' title='bbox 682 1483 797 1557; x_wconf 91' lang='lat' dir='ltr'><strong>reliquo</strong></span> <span class='ocrx_word' id='word_1_190' title='bbox 823 1481 971 1541; x_wconf 84' lang='lat' dir='ltr'><strong>tratribus</strong></span> <span class='ocrx_word' id='word_1_191' title='bbox 1026 1501 1101 1551; x_wconf 89' lang='lat' dir='ltr'><strong>rum,</strong></span> <span class='ocrx_word' id='word_1_192' title='bbox 1116 1485 1168 1559; x_wconf 90' lang='lat' dir='ltr'><strong>qui</strong></span> <span class='ocrx_word' id='word_1_193' title='bbox 1183 1492 1305 1542; x_wconf 82' lang='lat' dir='ltr'><strong>terrena</strong></span> <span class='ocrx_word' id='word_1_194' title='bbox 1321 1494 1474 1561; x_wconf 87' lang='lat' dir='ltr'><strong>potestatis</strong></span> <span class='ocrx_word' id='word_1_195' title='bbox 1485 1496 1613 1555; x_wconf 90' lang='lat' dir='ltr'><strong>culmine</strong></span> <span class='ocrx_word' id='word_1_196' title='bbox 1627 1499 1796 1562; x_wconf 68' lang='lat' dir='ltr'><strong>riderentur</strong></span> <span class='ocrx_word' id='word_1_197' title='bbox 1811 1525 1861 1564; x_wconf 91' lang='lat' dir='ltr'><strong>su·</strong></span> 
     </span>
     <span class='ocr_line' id='line_1_17' title="bbox 114 1569 1861 1683; baseline 0.023 -71"><span class='ocrx_word' id='word_1_198' title='bbox 114 1571 332 1645; x_wconf 49' lang='lat' dir='ltr'><strong>eeclesiarum,</strong></span> <span class='ocrx_word' id='word_1_199' title='bbox 341 1570 449 1647; x_wconf 77' lang='lat' dir='ltr'><strong>quibus</strong></span> <span class='ocrx_word' id='word_1_200' title='bbox 459 1571 561 1626; x_wconf 78' lang='lat' dir='ltr'><strong>vinum</strong></span> <span class='ocrx_word' id='word_1_201' title='bbox 572 1587 629 1626; x_wconf 88' lang='lat' dir='ltr'><strong>noo</strong></span> <span class='ocrx_word' id='word_1_202' title='bbox 639 1576 732 1639; x_wconf 88' lang='lat' dir='ltr'><strong>esset,</strong></span> <span class='ocrx_word' id='word_1_203' title='bbox 742 1569 951 1628; x_wconf 88' lang='lat' dir='ltr'><strong>consuleretur</strong></span> <span class='ocrx_word' id='word_1_204' title='bbox 961 1591 970 1644; x_wconf 74' lang='lat'><em>3</em></span> <span class='ocrx_word' id='word_1_205' title='bbox 984 1612 1011 1683; x_wconf 78' lang='lat' dir='ltr'>B</span> <span class='ocrx_word' id='word_1_206' title='bbox 1025 1572 1179 1631; x_wconf 87' lang='lat' dir='ltr'><strong>blimiores</strong></span> <span class='ocrx_word' id='word_1_207' title='bbox 1188 1591 1262 1641; x_wconf 86' lang='lat' dir='ltr'><strong>esse,</strong></span> <span class='ocrx_word' id='word_1_208' title='bbox 1270 1577 1413 1635; x_wconf 82' lang='lat' dir='ltr'><strong>offensam</strong></span> <span class='ocrx_word' id='word_1_209' title='bbox 1424 1582 1579 1641; x_wconf 89' lang='lat' dir='ltr'><strong>incurrerit</strong></span> <span class='ocrx_word' id='word_1_210' title='bbox 1589 1607 1595 1656; x_wconf 92' lang='lat'><strong>;</strong></span> <span class='ocrx_word' id='word_1_211' title='bbox 1606 1590 1677 1646; x_wconf 89' lang='lat' dir='ltr'><strong>adeo</strong></span> <span class='ocrx_word' id='word_1_212' title='bbox 1687 1596 1721 1648; x_wconf 90' lang='lat' dir='ltr'><strong>ut</strong></span> <span class='ocrx_word' id='word_1_213' title='bbox 1730 1592 1772 1649; x_wconf 93' lang='lat' dir='ltr'><strong>illi</strong></span> <span class='ocrx_word' id='word_1_214' title='bbox 1784 1596 1861 1653; x_wconf 92' lang='lat' dir='ltr'><strong>mul·</strong></span> 
     </span>
     <span class='ocr_line' id='line_1_18' title="bbox 115 1658 1858 1754; baseline 0.018 -42"><span class='ocrx_word' id='word_1_215' title='bbox 115 1664 241 1731; x_wconf 72' lang='lat' dir='ltr'><strong>dicens,</strong></span> <span class='ocrx_word' id='word_1_216' title='bbox 251 1663 334 1737; x_wconf 73' lang='lat' dir='ltr'><strong>Juste</strong></span> <span class='ocrx_word' id='word_1_217' title='bbox 348 1679 381 1718; x_wconf 81' lang='lat' dir='ltr'><strong>ex</strong></span> <span class='ocrx_word' id='word_1_218' title='bbox 396 1660 518 1734; x_wconf 86' lang='lat' dir='ltr'><strong>majoris</strong></span> <span class='ocrx_word' id='word_1_219' title='bbox 533 1658 659 1717; x_wconf 86' lang='lat' dir='ltr'><strong>ecclesiae</strong></span> <span class='ocrx_word' id='word_1_220' title='bbox 677 1659 858 1717; x_wconf 90' lang='lat' dir='ltr'><strong>abundantia</strong></span> <span class='ocrx_word' id='word_1_221' title='bbox 871 1660 970 1718; x_wconf 78' lang='lat' dir='ltr'><strong>mino</strong></span> <span class='ocrx_word' id='word_1_222' title='bbox 1024 1661 1140 1719; x_wconf 73' lang='lat' dir='ltr'><strong>timodse</strong></span> <span class='ocrx_word' id='word_1_223' title='bbox 1157 1663 1194 1719; x_wconf 92' lang='lat' dir='ltr'><strong>ob</strong></span> <span class='ocrx_word' id='word_1_224' title='bbox 1211 1663 1265 1718; x_wconf 89' lang='lat' dir='ltr'><strong>hoc</strong></span> <span class='ocrx_word' id='word_1_225' title='bbox 1286 1667 1475 1727; x_wconf 82' lang='lat' dir='ltr'><strong>tenderentur</strong></span> <span class='ocrx_word' id='word_1_226' title='bbox 1499 1673 1621 1745; x_wconf 73' lang='lat' dir='ltr'><strong>insidiae,</strong></span> <span class='ocrx_word' id='word_1_227' title='bbox 1639 1681 1805 1754; x_wconf 73' lang='lat' dir='ltr'><strong>saepiusque</strong></span> <span class='ocrx_word' id='word_1_228' title='bbox 1820 1687 1858 1742; x_wconf 92' lang='lat' dir='ltr'><strong>de</strong></span> 
     </span>
     <span class='ocr_line' id='line_1_19' title="bbox 118 1740 1858 1844; baseline 0.026 -59"><span class='ocrx_word' id='word_1_229' title='bbox 118 1769 192 1825; x_wconf 61' lang='lat' dir='ltr'><strong>rum</strong></span> <span class='ocrx_word' id='word_1_230' title='bbox 207 1740 438 1825; x_wconf 31' lang='lat' dir='ltr'><strong>„gigas-tagum</strong></span> <span class='ocrx_word' id='word_1_231' title='bbox 453 1766 519 1807; x_wconf 75' lang='lat' dir='ltr'><strong>esse</strong></span> <span class='ocrx_word' id='word_1_232' title='bbox 545 1748 807 1822; x_wconf 76' lang='lat' dir='ltr'><strong>suppeditandum.</strong></span> <span class='ocrx_word' id='word_1_233' title='bbox 824 1750 872 1806; x_wconf 90' lang='lat' dir='ltr'><strong>Sic</strong></span> <span class='ocrx_word' id='word_1_234' title='bbox 889 1767 968 1823; x_wconf 82' lang='lat' dir='ltr'><strong>proe-</strong></span> <span class='ocrx_word' id='word_1_235' title='bbox 1023 1752 1087 1807; x_wconf 82' lang='lat' dir='ltr'><strong>vitae</strong></span> <span class='ocrx_word' id='word_1_236' title='bbox 1103 1752 1200 1824; x_wconf 84' lang='lat' dir='ltr'><strong>ipsius</strong></span> <span class='ocrx_word' id='word_1_237' title='bbox 1215 1753 1345 1824; x_wconf 87' lang='lat' dir='ltr'><strong>periculo</strong></span> <span class='ocrx_word' id='word_1_238' title='bbox 1361 1763 1562 1818; x_wconf 84' lang='lat' dir='ltr'><strong>anecessariis</strong></span> <span class='ocrx_word' id='word_1_239' title='bbox 1575 1766 1639 1837; x_wconf 87' lang='lat' dir='ltr'><strong>ejus</strong></span> <span class='ocrx_word' id='word_1_240' title='bbox 1655 1768 1732 1824; x_wconf 91' lang='lat' dir='ltr'><strong>haud</strong></span> <span class='ocrx_word' id='word_1_241' title='bbox 1746 1772 1858 1844; x_wconf 88' lang='lat' dir='ltr'><strong>injuria</strong></span> 
     </span>
     <span class='ocr_line' id='line_1_20' title="bbox 119 1837 1856 1927; baseline 0.028 -57"><span class='ocrx_word' id='word_1_242' title='bbox 119 1842 257 1917; x_wconf 44' lang='lat' dir='ltr'>bennam</span> <span class='ocrx_word' id='word_1_243' title='bbox 269 1841 393 1913; x_wconf 39' lang='lat' dir='ltr'><strong>sappum</strong></span> <span class='ocrx_word' id='word_1_244' title='bbox 405 1843 483 1897; x_wconf 62' lang='lat' dir='ltr'><strong>,eq-0</strong></span> <span class='ocrx_word' id='word_1_245' title='bbox 492 1837 666 1913; x_wconf 67' lang='lat' dir='ltr'><strong>neglectam,</strong></span> <span class='ocrx_word' id='word_1_246' title='bbox 678 1840 840 1912; x_wconf 82' lang='lat' dir='ltr'><strong>paae‚vino</strong></span> <span class='ocrx_word' id='word_1_247' title='bbox 851 1840 965 1911; x_wconf 85' lang='lat' dir='ltr'><strong>addito,</strong></span> <span class='ocrx_word' id='word_1_248' title='bbox 1023 1840 1188 1896; x_wconf 84' lang='lat' dir='ltr'><strong>timeretur.</strong></span> <span class='ocrx_word' id='word_1_249' title='bbox 1204 1841 1258 1895; x_wconf 84' lang='lat' dir='ltr'><strong>Sed</strong></span> <span class='ocrx_word' id='word_1_250' title='bbox 1275 1843 1344 1914; x_wconf 91' lang='lat' dir='ltr'><strong>quia</strong></span> <span class='ocrx_word' id='word_1_251' title='bbox 1359 1862 1393 1901; x_wconf 77' lang='lat' dir='ltr'><strong>ex</strong></span> <span class='ocrx_word' id='word_1_252' title='bbox 1408 1851 1552 1906; x_wconf 84' lang='lat' dir='ltr'><strong>sententia</strong></span> <span class='ocrx_word' id='word_1_253' title='bbox 1575 1853 1750 1927; x_wconf 90' lang='lat' dir='ltr'><strong>Salomonis,</strong></span> <span class='ocrx_word' id='word_1_254' title='bbox 1766 1863 1856 1917; x_wconf 77' lang='lat' dir='ltr'><strong>Frus-</strong></span> 
     </span>
     <span class='ocr_line' id='line_1_21' title="bbox 120 1926 1854 2020; baseline 0.012 -33"><span class='ocrx_word' id='word_1_255' title='bbox 120 1930 252 2004; x_wconf 88' lang='lat' dir='ltr'><strong>insuper</strong></span> <span class='ocrx_word' id='word_1_256' title='bbox 274 1928 393 2005; x_wconf 81' lang='lat' dir='ltr'><strong>largiori</strong></span> <span class='ocrx_word' id='word_1_257' title='bbox 406 1928 533 1986; x_wconf 77' lang='lat' dir='ltr'><strong>vestitus</strong></span> <span class='ocrx_word' id='word_1_258' title='bbox 549 1927 653 1985; x_wconf 87' lang='lat' dir='ltr'><strong>solatio</strong></span> <span class='ocrx_word' id='word_1_259' title='bbox 669 1926 871 2003; x_wconf 79' lang='lat' dir='ltr'><strong>amplificavit,</strong></span> <span class='ocrx_word' id='word_1_260' title='bbox 888 1935 916 1986; x_wconf 89' lang='lat' dir='ltr'><strong>et</strong></span> <span class='ocrx_word' id='word_1_261' title='bbox 932 1947 966 1987; x_wconf 83' lang='lat' dir='ltr'><strong>ex</strong></span> <span class='ocrx_word' id='word_1_262' title='bbox 1021 1930 1184 2001; x_wconf 73' lang='lat' dir='ltr'><strong>trajectae</strong></span> <span class='ocrx_word' id='word_1_263' title='bbox 1199 1938 1255 1986; x_wconf 83' lang='lat' dir='ltr'><strong>rete</strong></span> <span class='ocrx_word' id='word_1_264' title='bbox 1268 1940 1332 1988; x_wconf 70' lang='lat' dir='ltr'><strong>arra</strong></span> <span class='ocrx_word' id='word_1_265' title='bbox 1346 1937 1438 1993; x_wconf 82' lang='lat' dir='ltr'><strong>oratos</strong></span> <span class='ocrx_word' id='word_1_266' title='bbox 1449 1950 1643 2010; x_wconf 67' lang='lat' dir='ltr'><strong>parastatarum,</strong></span> <span class='ocrx_word' id='word_1_267' title='bbox 1660 1944 1725 2014; x_wconf 88' lang='lat' dir='ltr'><strong>iste,</strong></span> <span class='ocrx_word' id='word_1_268' title='bbox 1742 1964 1854 2020; x_wconf 89' lang='lat' dir='ltr'><strong>penna·</strong></span> 
     </span>
     <span class='ocr_line' id='line_1_22' title="bbox 119 2015 1855 2112; baseline 0.012 -36"><span class='ocrx_word' id='word_1_269' title='bbox 119 2020 174 2077; x_wconf 78' lang='lat' dir='ltr'><strong>rili</strong></span> <span class='ocrx_word' id='word_1_270' title='bbox 190 2019 338 2095; x_wconf 89' lang='lat' dir='ltr'><strong>optimam</strong></span> <span class='ocrx_word' id='word_1_271' title='bbox 353 2018 491 2077; x_wconf 85' lang='lat' dir='ltr'><strong>reddidit.</strong></span> <span class='ocrx_word' id='word_1_272' title='bbox 569 2096 572 2102; x_wconf 91' lang='lat'><strong>.</strong></span> <span class='ocrx_word' id='word_1_273' title='bbox 1020 2023 1085 2074; x_wconf 90' lang='lat' dir='ltr'><strong>tum</strong></span> <span class='ocrx_word' id='word_1_274' title='bbox 1102 2015 1211 2075; x_wconf 88' lang='lat' dir='ltr'><strong>animal</strong></span> <span class='ocrx_word' id='word_1_275' title='bbox 1228 2020 1289 2089; x_wconf 90' lang='lat' dir='ltr'><strong>Dei,</strong></span> <span class='ocrx_word' id='word_1_276' title='bbox 1305 2039 1358 2095; x_wconf 90' lang='lat' dir='ltr'><strong>per</strong></span> <span class='ocrx_word' id='word_1_277' title='bbox 1378 2024 1501 2099; x_wconf 86' lang='lat' dir='ltr'><strong>gloriam</strong></span> <span class='ocrx_word' id='word_1_278' title='bbox 1518 2034 1546 2086; x_wconf 87' lang='lat' dir='ltr'><strong>et</strong></span> <span class='ocrx_word' id='word_1_279' title='bbox 1562 2032 1784 2107; x_wconf 83' lang='lat' dir='ltr'><strong>ignobilitatem,</strong></span> <span class='ocrx_word' id='word_1_280' title='bbox 1800 2056 1855 2112; x_wconf 91' lang='lat' dir='ltr'><strong>per</strong></span> 
     </span>
     <span class='ocr_line' id='line_1_23' title="bbox 1019 2107 1851 2200; baseline 0.026 -37"><span class='ocrx_word' id='word_1_281' title='bbox 1019 2107 1174 2163; x_wconf 83' lang='lat' dir='ltr'><strong>infamiam</strong></span> <span class='ocrx_word' id='word_1_282' title='bbox 1186 2112 1214 2163; x_wconf 91' lang='lat' dir='ltr'><strong>et</strong></span> <span class='ocrx_word' id='word_1_283' title='bbox 1225 2110 1331 2167; x_wconf 90' lang='lat' dir='ltr'><strong>bonam</strong></span> <span class='ocrx_word' id='word_1_284' title='bbox 1343 2114 1464 2184; x_wconf 86' lang='lat' dir='ltr'><strong>lamam,</strong></span> <span class='ocrx_word' id='word_1_285' title='bbox 1473 2120 1591 2191; x_wconf 87' lang='lat' dir='ltr'><strong>probra,</strong></span> <span class='ocrx_word' id='word_1_286' title='bbox 1602 2122 1851 2200; x_wconf 72' lang='lat' dir='ltr'><strong>miuaspericula,</strong></span> 
     </span>
     <span class='ocr_line' id='line_1_24' title="bbox 1018 2199 1851 2275; baseline 0.029 -24"><span class='ocrx_word' id='word_1_287' title='bbox 1018 2201 1169 2270; x_wconf 89' lang='lat' dir='ltr'><strong>postremo</strong></span> <span class='ocrx_word' id='word_1_288' title='bbox 1196 2199 1295 2256; x_wconf 89' lang='lat' dir='ltr'><strong>omnia</strong></span> <span class='ocrx_word' id='word_1_289' title='bbox 1318 2201 1417 2260; x_wconf 90' lang='lat' dir='ltr'><strong>virtuti</strong></span> <span class='ocrx_word' id='word_1_290' title='bbox 1443 2207 1616 2266; x_wconf 85' lang='lat' dir='ltr'><strong>obsistentia</strong></span> <span class='ocrx_word' id='word_1_291' title='bbox 1636 2210 1727 2269; x_wconf 91' lang='lat' dir='ltr'><strong>libero</strong></span> <span class='ocrx_word' id='word_1_292' title='bbox 1752 2217 1851 2275; x_wconf 82' lang='lat' dir='ltr'><strong>volatu</strong></span> 
     </span>
     <span class='ocr_line' id='line_1_25' title="bbox 160 2283 1851 2375; baseline 0.028 -58"><span class='ocrx_word' id='word_1_293' title='bbox 160 2288 326 2359; x_wconf 59' lang='lat' dir='ltr'><strong>Duopggpm</strong></span> <span class='ocrx_word' id='word_1_294' title='bbox 338 2286 523 2365; x_wconf 54' lang='lat' dir='ltr'><strong>pauperihus</strong></span> <span class='ocrx_word' id='word_1_295' title='bbox 539 2285 582 2341; x_wconf 69' lang='lat' dir='ltr'><strong>vel</strong></span> <span class='ocrx_word' id='word_1_296' title='bbox 596 2285 758 2360; x_wconf 69' lang='lat' dir='ltr'><strong>peregrinis</strong></span> <span class='ocrx_word' id='word_1_297' title='bbox 771 2285 903 2357; x_wconf 89' lang='lat' dir='ltr'><strong>quotidie</strong></span> <span class='ocrx_word' id='word_1_298' title='bbox 918 2303 963 2344; x_wconf 80' lang='lat' dir='ltr'><strong>ce</strong></span> <span class='ocrx_word' id='word_1_299' title='bbox 1017 2283 1160 2344; x_wconf 89' lang='lat' dir='ltr'><strong>evadebat</strong></span> <span class='ocrx_word' id='word_1_300' title='bbox 1175 2289 1353 2360; x_wconf 87' lang='lat' dir='ltr'><strong>tentamina;</strong></span> <span class='ocrx_word' id='word_1_301' title='bbox 1365 2293 1590 2375; x_wconf 89' lang='lat' dir='ltr'><strong>primoquidem</strong></span> <span class='ocrx_word' id='word_1_302' title='bbox 1602 2302 1805 2373; x_wconf 73' lang='lat' dir='ltr'><strong>equanimiter</strong></span> <span class='ocrx_word' id='word_1_303' title='bbox 1817 2326 1851 2365; x_wconf 91' lang='lat' dir='ltr'><strong>ea</strong></span> 
     </span>
     <span class='ocr_line' id='line_1_26' title="bbox 123 2372 1850 2461; baseline 0.019 -40"><span class='ocrx_word' id='word_1_304' title='bbox 123 2395 190 2437; x_wconf 66' lang='lat' dir='ltr'><strong>mm</strong></span> <span class='ocrx_word' id='word_1_305' title='bbox 207 2375 350 2450; x_wconf 59' lang='lat' dir='ltr'><strong>fratribus</strong></span> <span class='ocrx_word' id='word_1_306' title='bbox 373 2373 543 2447; x_wconf 86' lang='lat' dir='ltr'><strong>¹rellciendis</strong></span> <span class='ocrx_word' id='word_1_307' title='bbox 557 2374 722 2431; x_wconf 84' lang='lat' dir='ltr'><strong>sufficentia</strong></span> <span class='ocrx_word' id='word_1_308' title='bbox 736 2373 878 2431; x_wconf 89' lang='lat' dir='ltr'><strong>alimenta</strong></span> <span class='ocrx_word' id='word_1_309' title='bbox 892 2393 961 2431; x_wconf 87' lang='lat' dir='ltr'><strong>con·</strong></span> <span class='ocrx_word' id='word_1_310' title='bbox 1017 2372 1182 2442; x_wconf 85' lang='lat' dir='ltr'><strong>tolerando,</strong></span> <span class='ocrx_word' id='word_1_311' title='bbox 1194 2394 1247 2433; x_wconf 87' lang='lat' dir='ltr'><strong>suo</strong></span> <span class='ocrx_word' id='word_1_312' title='bbox 1263 2384 1361 2436; x_wconf 89' lang='lat' dir='ltr'><strong>aulem</strong></span> <span class='ocrx_word' id='word_1_313' title='bbox 1378 2381 1439 2440; x_wconf 89' lang='lat' dir='ltr'><strong>loco</strong></span> <span class='ocrx_word' id='word_1_314' title='bbox 1456 2390 1484 2442; x_wconf 90' lang='lat' dir='ltr'><strong>et</strong></span> <span class='ocrx_word' id='word_1_315' title='bbox 1499 2392 1629 2461; x_wconf 86' lang='lat' dir='ltr'><strong>tempore</strong></span> <span class='ocrx_word' id='word_1_316' title='bbox 1644 2391 1747 2449; x_wconf 88' lang='lat' dir='ltr'><strong>eadem</strong></span> <span class='ocrx_word' id='word_1_317' title='bbox 1763 2398 1850 2453; x_wconf 85' lang='lat' dir='ltr'><strong>ralio-</strong></span> 
     </span>
     <span class='ocr_line' id='line_1_27' title="bbox 123 2460 1849 2551; baseline 0.023 -50"><span class='ocrx_word' id='word_1_318' title='bbox 123 2466 236 2540; x_wconf 53' lang='lat' dir='ltr'><strong>saiwai,</strong></span> <span class='ocrx_word' id='word_1_319' title='bbox 244 2482 381 2525; x_wconf 63' lang='lat' dir='ltr'><strong>mei-0123</strong></span> <span class='ocrx_word' id='word_1_320' title='bbox 395 2465 449 2522; x_wconf 77' lang='lat' dir='ltr'><strong>hoc</strong></span> <span class='ocrx_word' id='word_1_321' title='bbox 458 2464 551 2521; x_wconf 75' lang='lat' dir='ltr'><strong>etiam</strong></span> <span class='ocrx_word' id='word_1_322' title='bbox 562 2479 665 2536; x_wconf 83' lang='lat' dir='ltr'><strong>pamm</strong></span> <span class='ocrx_word' id='word_1_323' title='bbox 676 2479 750 2531; x_wconf 90' lang='lat' dir='ltr'><strong>esse,</strong></span> <span class='ocrx_word' id='word_1_324' title='bbox 763 2479 831 2519; x_wconf 89' lang='lat' dir='ltr'><strong>cum</strong></span> <span class='ocrx_word' id='word_1_325' title='bbox 841 2464 960 2523; x_wconf 90' lang='lat' dir='ltr'><strong>traditio</strong></span> <span class='ocrx_word' id='word_1_326' title='bbox 1016 2460 1155 2519; x_wconf 90' lang='lat' dir='ltr'><strong>nabiliter</strong></span> <span class='ocrx_word' id='word_1_327' title='bbox 1178 2467 1423 2540; x_wconf 72' lang='lat' dir='ltr'><strong>coarctantque</strong></span> <span class='ocrx_word' id='word_1_328' title='bbox 1448 2490 1564 2548; x_wconf 87' lang='lat' dir='ltr'><strong>semper</strong></span> <span class='ocrx_word' id='word_1_329' title='bbox 1590 2477 1702 2551; x_wconf 90' lang='lat' dir='ltr'><strong>spiculo</strong></span> <span class='ocrx_word' id='word_1_330' title='bbox 1724 2483 1849 2543; x_wconf 91' lang='lat' dir='ltr'><strong>rationis</strong></span> 
     </span>
     <span class='ocr_line' id='line_1_28' title="bbox 122 2550 1846 2637; baseline 0.037 -69"><span class='ocrx_word' id='word_1_331' title='bbox 122 2560 301 2629; x_wconf 52' lang='lat' dir='ltr'><strong>mmmm</strong></span> <span class='ocrx_word' id='word_1_332' title='bbox 316 2555 435 2615; x_wconf 55' lang='lat' dir='ltr'><strong>patrum</strong></span> <span class='ocrx_word' id='word_1_333' title='bbox 451 2552 606 2625; x_wconf 56' lang='lat' dir='ltr'><strong>dimidiam</strong></span> <span class='ocrx_word' id='word_1_334' title='bbox 622 2556 734 2627; x_wconf 54' lang='lat' dir='ltr'><strong>pamm</strong></span> <span class='ocrx_word' id='word_1_335' title='bbox 748 2550 792 2608; x_wconf 65' lang='lat' dir='ltr'><strong>pel</strong></span> <span class='ocrx_word' id='word_1_336' title='bbox 808 2552 895 2609; x_wconf 65' lang='lat' dir='ltr'><strong>etiam</strong></span> <span class='ocrx_word' id='word_1_337' title='bbox 912 2570 957 2610; x_wconf 72' lang='lat'><strong>00.</strong></span> <span class='ocrx_word' id='word_1_338' title='bbox 1016 2550 1251 2610; x_wconf 86' lang='lat' dir='ltr'><strong>adversariorum</strong></span> <span class='ocrx_word' id='word_1_339' title='bbox 1263 2558 1417 2616; x_wconf 81' lang='lat' dir='ltr'><strong>conludere</strong></span> <span class='ocrx_word' id='word_1_340' title='bbox 1427 2561 1539 2619; x_wconf 90' lang='lat' dir='ltr'><strong>solebat</strong></span> <span class='ocrx_word' id='word_1_341' title='bbox 1548 2569 1676 2637; x_wconf 89' lang='lat' dir='ltr'><strong>pectora.</strong></span> <span class='ocrx_word' id='word_1_342' title='bbox 1688 2567 1756 2626; x_wconf 84' lang='lat' dir='ltr'><strong>Erat</strong></span> <span class='ocrx_word' id='word_1_343' title='bbox 1767 2573 1846 2632; x_wconf 89' lang='lat' dir='ltr'><strong>enim</strong></span> 
     </span>
     <span class='ocr_line' id='line_1_29' title="bbox 123 2639 1845 2732; baseline 0.003 -20"><span class='ocrx_word' id='word_1_344' title='bbox 123 2644 360 2719; x_wconf 62' lang='lat' dir='ltr'><strong>tkssitssiiwttm</strong></span> <span class='ocrx_word' id='word_1_345' title='bbox 370 2642 546 2715; x_wconf 74' lang='lat' dir='ltr'><strong>facultatum</strong></span> <span class='ocrx_word' id='word_1_346' title='bbox 562 2641 740 2717; x_wconf 87' lang='lat' dir='ltr'><strong>pauperibus</strong></span> <span class='ocrx_word' id='word_1_347' title='bbox 755 2645 783 2697; x_wconf 88' lang='lat' dir='ltr'><strong>et</strong></span> <span class='ocrx_word' id='word_1_348' title='bbox 797 2640 959 2716; x_wconf 83' lang='lat' dir='ltr'><strong>peregrinis</strong></span> <span class='ocrx_word' id='word_1_349' title='bbox 1015 2642 1073 2697; x_wconf 91' lang='lat' dir='ltr'><strong>hoc</strong></span> <span class='ocrx_word' id='word_1_350' title='bbox 1088 2639 1117 2695; x_wconf 93' lang='lat' dir='ltr'><strong>in</strong></span> <span class='ocrx_word' id='word_1_351' title='bbox 1132 2658 1176 2712; x_wconf 90' lang='lat' dir='ltr'><strong>eo,</strong></span> <span class='ocrx_word' id='word_1_352' title='bbox 1188 2646 1368 2715; x_wconf 69' lang='lat' dir='ltr'><strong>precatoris</strong></span> <span class='ocrx_word' id='word_1_353' title='bbox 1380 2655 1485 2709; x_wconf 82' lang='lat' dir='ltr'><strong>nostre</strong></span> <span class='ocrx_word' id='word_1_354' title='bbox 1497 2654 1845 2732; x_wconf 62' lang='lat' dir='ltr'><strong>perconsummasset,</strong></span> 
     </span>
     <span class='ocr_line' id='line_1_30' title="bbox 124 2728 1845 2823; baseline 0.024 -55"><span class='ocrx_word' id='word_1_355' title='bbox 124 2737 248 2807; x_wconf 56' lang='lat' dir='ltr'><strong>,emp</strong></span> <span class='ocrx_word' id='word_1_356' title='bbox 262 2730 523 2801; x_wconf 60' lang='lat' dir='ltr'><strong>(apharipraetaraa</strong></span> <span class='ocrx_word' id='word_1_357' title='bbox 534 2729 688 2805; x_wconf 88' lang='lat' dir='ltr'><strong>hospitale,</strong></span> <span class='ocrx_word' id='word_1_358' title='bbox 698 2745 756 2803; x_wconf 92' lang='lat' dir='ltr'><strong>quo</strong></span> <span class='ocrx_word' id='word_1_359' title='bbox 766 2729 960 2789; x_wconf 82' lang='lat' dir='ltr'><strong>conteruntur</strong></span> <span class='ocrx_word' id='word_1_360' title='bbox 1015 2733 1078 2785; x_wconf 89' lang='lat' dir='ltr'><strong>tam</strong></span> <span class='ocrx_word' id='word_1_361' title='bbox 1094 2728 1240 2787; x_wconf 87' lang='lat' dir='ltr'><strong>laudabile</strong></span> <span class='ocrx_word' id='word_1_362' title='bbox 1255 2748 1345 2804; x_wconf 89' lang='lat' dir='ltr'><strong>quam</strong></span> <span class='ocrx_word' id='word_1_363' title='bbox 1367 2737 1510 2807; x_wconf 88' lang='lat' dir='ltr'><strong>mirabile,</strong></span> <span class='ocrx_word' id='word_1_364' title='bbox 1528 2743 1605 2814; x_wconf 90' lang='lat' dir='ltr'><strong>quod</strong></span> <span class='ocrx_word' id='word_1_365' title='bbox 1621 2742 1650 2798; x_wconf 94' lang='lat' dir='ltr'><strong>in</strong></span> <span class='ocrx_word' id='word_1_366' title='bbox 1668 2762 1845 2823; x_wconf 89' lang='lat' dir='ltr'><strong>quocunque</strong></span> 
     </span>
     <span class='ocr_line' id='line_1_31' title="bbox 126 2817 1845 2912; baseline 0.011 -36"><span class='ocrx_word' id='word_1_367' title='bbox 126 2838 212 2897; x_wconf 79' lang='lat' dir='ltr'><strong>nopae</strong></span> <span class='ocrx_word' id='word_1_368' title='bbox 226 2819 289 2893; x_wconf 78' lang='lat' dir='ltr'><strong>eive</strong></span> <span class='ocrx_word' id='word_1_369' title='bbox 311 2820 431 2889; x_wconf 81' lang='lat' dir='ltr'><strong>decime</strong></span> <span class='ocrx_word' id='word_1_370' title='bbox 456 2821 492 2878; x_wconf 88' lang='lat' dir='ltr'><strong>de</strong></span> <span class='ocrx_word' id='word_1_371' title='bbox 516 2818 655 2895; x_wconf 81' lang='lat' dir='ltr'><strong>episcopii</strong></span> <span class='ocrx_word' id='word_1_372' title='bbox 679 2817 769 2893; x_wconf 90' lang='lat' dir='ltr'><strong>agris,</strong></span> <span class='ocrx_word' id='word_1_373' title='bbox 786 2817 880 2891; x_wconf 88' lang='lat' dir='ltr'><strong>ipsius</strong></span> <span class='ocrx_word' id='word_1_374' title='bbox 896 2828 960 2876; x_wconf 86' lang='lat' dir='ltr'><strong>erat</strong></span> <span class='ocrx_word' id='word_1_375' title='bbox 1016 2819 1132 2891; x_wconf 85' lang='lat' dir='ltr'><strong>negotio</strong></span> <span class='ocrx_word' id='word_1_376' title='bbox 1148 2823 1248 2877; x_wconf 89' lang='lat' dir='ltr'><strong>contra</strong></span> <span class='ocrx_word' id='word_1_377' title='bbox 1268 2822 1430 2893; x_wconf 87' lang='lat' dir='ltr'><strong>quemlibet</strong></span> <span class='ocrx_word' id='word_1_378' title='bbox 1451 2832 1580 2885; x_wconf 84' lang='lat' dir='ltr'><strong>sumeret</strong></span> <span class='ocrx_word' id='word_1_379' title='bbox 1604 2836 1845 2912; x_wconf 88' lang='lat' dir='ltr'><strong>controversiam,</strong></span> 
     </span>
     <span class='ocr_line' id='line_1_32' title="bbox 129 2903 1845 2995; baseline 0.022 -47"><span class='ocrx_word' id='word_1_380' title='bbox 129 2910 276 2978; x_wconf 51' lang='lat' dir='ltr'><strong>mitum</strong></span> <span class='ocrx_word' id='word_1_381' title='bbox 299 2906 497 2985; x_wconf 62' lang='lat' dir='ltr'><strong>providentia.</strong></span> <span class='ocrx_word' id='word_1_382' title='bbox 515 2908 596 2976; x_wconf 84' lang='lat' dir='ltr'><strong>Quod</strong></span> <span class='ocrx_word' id='word_1_383' title='bbox 623 2905 747 2964; x_wconf 80' lang='lat' dir='ltr'><strong>illatam</strong></span> <span class='ocrx_word' id='word_1_384' title='bbox 763 2903 959 2965; x_wconf 80' lang='lat' dir='ltr'><strong>tidelitersta-</strong></span> <span class='ocrx_word' id='word_1_385' title='bbox 1015 2906 1252 2981; x_wconf 84' lang='lat' dir='ltr'><strong>inexpugnabilis</strong></span> <span class='ocrx_word' id='word_1_386' title='bbox 1267 2909 1390 2969; x_wconf 89' lang='lat' dir='ltr'><strong>rationis</strong></span> <span class='ocrx_word' id='word_1_387' title='bbox 1406 2931 1459 2987; x_wconf 90' lang='lat' dir='ltr'><strong>ope</strong></span> <span class='ocrx_word' id='word_1_388' title='bbox 1484 2917 1616 2973; x_wconf 90' lang='lat' dir='ltr'><strong>munitus</strong></span> <span class='ocrx_word' id='word_1_389' title='bbox 1639 2930 1845 2995; x_wconf 88' lang='lat' dir='ltr'><strong>assequeretur</strong></span> 
     </span>
     <span class='ocr_line' id='line_1_33' title="bbox 128 2982 1844 3088; baseline 0.024 -56"><span class='ocrx_word' id='word_1_390' title='bbox 128 2998 214 3073; x_wconf 48' lang='lat' dir='ltr'><strong>affin</strong></span> <span class='ocrx_word' id='word_1_391' title='bbox 229 2997 527 3073; x_wconf 55' lang='lat' dir='ltr'><strong>waviqutapigintp</strong></span> <span class='ocrx_word' id='word_1_392' title='bbox 540 3011 682 3075; x_wconf 85' lang='lat' dir='ltr'><strong>pauperes</strong></span> <span class='ocrx_word' id='word_1_393' title='bbox 697 3013 749 3073; x_wconf 90' lang='lat' dir='ltr'><strong>per</strong></span> <span class='ocrx_word' id='word_1_394' title='bbox 763 3011 874 3051; x_wconf 89' lang='lat' dir='ltr'><strong>annum</strong></span> <span class='ocrx_word' id='word_1_395' title='bbox 888 2982 996 3053; x_wconf 84' lang='lat' dir='ltr'><strong>indeC</strong></span> <span class='ocrx_word' id='word_1_396' title='bbox 1015 2995 1177 3053; x_wconf 87' lang='lat' dir='ltr'><strong>victoriam.</strong></span> <span class='ocrx_word' id='word_1_397' title='bbox 1192 2996 1251 3054; x_wconf 89' lang='lat' dir='ltr'><strong>Hoc</strong></span> <span class='ocrx_word' id='word_1_398' title='bbox 1267 3002 1365 3057; x_wconf 88' lang='lat' dir='ltr'><strong>autem</strong></span> <span class='ocrx_word' id='word_1_399' title='bbox 1381 3001 1446 3061; x_wconf 91' lang='lat' dir='ltr'><strong>ideo</strong></span> <span class='ocrx_word' id='word_1_400' title='bbox 1462 3002 1558 3076; x_wconf 83' lang='lat' dir='ltr'><strong>fiebat,</strong></span> <span class='ocrx_word' id='word_1_401' title='bbox 1575 3006 1645 3079; x_wconf 92' lang='lat' dir='ltr'><strong>quia</strong></span> <span class='ocrx_word' id='word_1_402' title='bbox 1664 3008 1844 3088; x_wconf 90' lang='lat' dir='ltr'><strong>circumspe-</strong></span> 
     </span>
     <span class='ocr_line' id='line_1_34' title="bbox 131 3084 1844 3162; baseline 0.016 -28"><span class='ocrx_word' id='word_1_403' title='bbox 131 3086 286 3159; x_wconf 71' lang='lat' dir='ltr'><strong>apippiode</strong></span> <span class='ocrx_word' id='word_1_404' title='bbox 300 3090 545 3156; x_wconf 81' lang='lat' dir='ltr'><strong>sustentarentur,</strong></span> <span class='ocrx_word' id='word_1_405' title='bbox 554 3089 584 3142; x_wconf 90' lang='lat' dir='ltr'><strong>et</strong></span> <span class='ocrx_word' id='word_1_406' title='bbox 592 3102 628 3160; x_wconf 77' lang='lat' dir='ltr'><strong>ex</strong></span> <span class='ocrx_word' id='word_1_407' title='bbox 638 3084 759 3142; x_wconf 87' lang='lat' dir='ltr'><strong>ecclesie</strong></span> <span class='ocrx_word' id='word_1_408' title='bbox 774 3100 864 3157; x_wconf 91' lang='lat' dir='ltr'><strong>quam</strong></span> <span class='ocrx_word' id='word_1_409' title='bbox 880 3084 963 3142; x_wconf 90' lang='lat' dir='ltr'><strong>dom·</strong></span> <span class='ocrx_word' id='word_1_410' title='bbox 1016 3088 1097 3140; x_wconf 90' lang='lat' dir='ltr'><strong>ctum</strong></span> <span class='ocrx_word' id='word_1_411' title='bbox 1112 3086 1241 3141; x_wconf 86' lang='lat' dir='ltr'><strong>exomni</strong></span> <span class='ocrx_word' id='word_1_412' title='bbox 1256 3092 1338 3159; x_wconf 88' lang='lat' dir='ltr'><strong>parte</strong></span> <span class='ocrx_word' id='word_1_413' title='bbox 1353 3090 1462 3149; x_wconf 87' lang='lat' dir='ltr'><strong>animal</strong></span> <span class='ocrx_word' id='word_1_414' title='bbox 1474 3092 1525 3149; x_wconf 85' lang='lat' dir='ltr'><strong>Dei</strong></span> <span class='ocrx_word' id='word_1_415' title='bbox 1540 3100 1607 3151; x_wconf 88' lang='lat' dir='ltr'><strong>aute</strong></span> <span class='ocrx_word' id='word_1_416' title='bbox 1617 3099 1646 3152; x_wconf 89' lang='lat' dir='ltr'><strong>ct</strong></span> <span class='ocrx_word' id='word_1_417' title='bbox 1656 3103 1732 3157; x_wconf 90' lang='lat' dir='ltr'><strong>retro</strong></span> <span class='ocrx_word' id='word_1_418' title='bbox 1742 3103 1844 3162; x_wconf 90' lang='lat' dir='ltr'><strong>oculos</strong></span> 
     </span>
     <span class='ocr_line' id='line_1_35' title="bbox 131 3154 1842 3257; baseline 0.016 -34"><span class='ocrx_word' id='word_1_419' title='bbox 131 3193 185 3249; x_wconf 54' lang='grc' dir='ltr'><strong>ῃ,</strong></span> <span class='ocrx_word' id='word_1_420' title='bbox 200 3154 356 3253; x_wconf 59' lang='lat' dir='ltr'><strong>{spici-taus</strong></span> <span class='ocrx_word' id='word_1_421' title='bbox 381 3176 538 3253; x_wconf 89' lang='lat' dir='ltr'><strong>episeopus</strong></span> <span class='ocrx_word' id='word_1_422' title='bbox 559 3174 663 3250; x_wconf 82' lang='lat' dir='ltr'><strong>viginti</strong></span> <span class='ocrx_word' id='word_1_423' title='bbox 686 3177 812 3248; x_wconf 88' lang='lat' dir='ltr'><strong>quatuor</strong></span> <span class='ocrx_word' id='word_1_424' title='bbox 834 3172 961 3230; x_wconf 88' lang='lat' dir='ltr'><strong>eleemo-</strong></span> <span class='ocrx_word' id='word_1_425' title='bbox 1015 3172 1045 3230; x_wconf 91' lang='lat' dir='ltr'><strong>in</strong></span> <span class='ocrx_word' id='word_1_426' title='bbox 1061 3174 1251 3231; x_wconf 89' lang='lat' dir='ltr'><strong>intentionem</strong></span> <span class='ocrx_word' id='word_1_427' title='bbox 1268 3175 1336 3233; x_wconf 91' lang='lat' dir='ltr'><strong>boni</strong></span> <span class='ocrx_word' id='word_1_428' title='bbox 1353 3179 1508 3255; x_wconf 84' lang='lat' dir='ltr'><strong>direxerat,</strong></span> <span class='ocrx_word' id='word_1_429' title='bbox 1523 3183 1553 3240; x_wconf 88' lang='lat' dir='ltr'><strong>in</strong></span> <span class='ocrx_word' id='word_1_430' title='bbox 1579 3186 1664 3257; x_wconf 77' lang='lat' dir='ltr'><strong>cujus</strong></span> <span class='ocrx_word' id='word_1_431' title='bbox 1687 3205 1753 3247; x_wconf 90' lang='lat' dir='ltr'><strong>sese</strong></span> <span class='ocrx_word' id='word_1_432' title='bbox 1774 3209 1842 3250; x_wconf 79' lang='lat' dir='ltr'><strong>mm</strong></span> 
     </span>
     <span class='ocr_line' id='line_1_36' title="bbox 130 3261 1842 3348; baseline 0.021 -44"><span class='ocrx_word' id='word_1_433' title='bbox 130 3266 260 3344; x_wconf 46' lang='lat' dir='ltr'><strong>,pau-513</strong></span> <span class='ocrx_word' id='word_1_434' title='bbox 272 3265 477 3341; x_wconf 56' lang='lat' dir='ltr'><strong>gumptpqpia</strong></span> <span class='ocrx_word' id='word_1_435' title='bbox 491 3264 698 3337; x_wconf 79' lang='lat' dir='ltr'><strong>destinaverat,</strong></span> <span class='ocrx_word' id='word_1_436' title='bbox 711 3262 865 3320; x_wconf 90' lang='lat' dir='ltr'><strong>duodecim</strong></span> <span class='ocrx_word' id='word_1_437' title='bbox 881 3261 961 3320; x_wconf 91' lang='lat' dir='ltr'><strong>insu·</strong></span> <span class='ocrx_word' id='word_1_438' title='bbox 1014 3263 1133 3321; x_wconf 89' lang='lat' dir='ltr'><strong>veritate</strong></span> <span class='ocrx_word' id='word_1_439' title='bbox 1157 3269 1186 3320; x_wconf 92' lang='lat' dir='ltr'><strong>et</strong></span> <span class='ocrx_word' id='word_1_440' title='bbox 1210 3264 1320 3323; x_wconf 88' lang='lat' dir='ltr'><strong>ratione</strong></span> <span class='ocrx_word' id='word_1_441' title='bbox 1344 3269 1385 3325; x_wconf 89' lang='lat' dir='ltr'><strong>ita</strong></span> <span class='ocrx_word' id='word_1_442' title='bbox 1409 3270 1558 3343; x_wconf 85' lang='lat' dir='ltr'><strong>dettxerat,</strong></span> <span class='ocrx_word' id='word_1_443' title='bbox 1578 3277 1609 3330; x_wconf 90' lang='lat' dir='ltr'><strong>ut</strong></span> <span class='ocrx_word' id='word_1_444' title='bbox 1630 3291 1682 3334; x_wconf 92' lang='lat' dir='ltr'><strong>nec</strong></span> <span class='ocrx_word' id='word_1_445' title='bbox 1696 3278 1772 3348; x_wconf 91' lang='lat' dir='ltr'><strong>odio,</strong></span> <span class='ocrx_word' id='word_1_446' title='bbox 1790 3300 1842 3341; x_wconf 92' lang='lat' dir='ltr'><strong>nec</strong></span> 
     </span>
     <span class='ocr_line' id='line_1_37' title="bbox 129 3350 1841 3441; baseline 0.017 -40"><span class='ocrx_word' id='word_1_447' title='bbox 129 3354 343 3429; x_wconf 64' lang='lat' dir='ltr'><strong>pprreltaiapdi</strong></span> <span class='ocrx_word' id='word_1_448' title='bbox 357 3355 564 3441; x_wconf 68' lang='lat' dir='ltr'><strong>adjicerentur,</strong></span> <span class='ocrx_word' id='word_1_449' title='bbox 580 3369 683 3413; x_wconf 90' lang='lat' dir='ltr'><strong>omnes</strong></span> <span class='ocrx_word' id='word_1_450' title='bbox 697 3350 842 3427; x_wconf 74' lang='lat' dir='ltr'><strong>peregrini</strong></span> <span class='ocrx_word' id='word_1_451' title='bbox 857 3367 959 3425; x_wconf 90' lang='lat' dir='ltr'><strong>super·</strong></span> <span class='ocrx_word' id='word_1_452' title='bbox 1013 3352 1108 3427; x_wconf 89' lang='lat' dir='ltr'><strong>gratia</strong></span> <span class='ocrx_word' id='word_1_453' title='bbox 1122 3352 1190 3410; x_wconf 90' lang='lat' dir='ltr'><strong>inde</strong></span> <span class='ocrx_word' id='word_1_454' title='bbox 1206 3356 1313 3411; x_wconf 88' lang='lat' dir='ltr'><strong>moveri</strong></span> <span class='ocrx_word' id='word_1_455' title='bbox 1327 3364 1428 3429; x_wconf 90' lang='lat' dir='ltr'><strong>posset</strong></span> <span class='ocrx_word' id='word_1_456' title='bbox 1443 3378 1449 3417; x_wconf 93' lang='lat'><strong>:</strong></span> <span class='ocrx_word' id='word_1_457' title='bbox 1465 3378 1497 3417; x_wconf 90' lang='lat' dir='ltr'><strong>ac</strong></span> <span class='ocrx_word' id='word_1_458' title='bbox 1513 3363 1537 3418; x_wconf 88' lang='lat' dir='ltr'><strong>si</strong></span> <span class='ocrx_word' id='word_1_459' title='bbox 1557 3362 1656 3422; x_wconf 90' lang='lat' dir='ltr'><strong>videas</strong></span> <span class='ocrx_word' id='word_1_460' title='bbox 1672 3373 1841 3429; x_wconf 88' lang='lat' dir='ltr'><strong>contemne-</strong></span> 
     </span>
     <span class='ocr_line' id='line_1_38' title="bbox 127 3441 1841 3527; baseline 0.027 -53"><span class='ocrx_word' id='word_1_461' title='bbox 127 3443 666 3521; x_wconf 46' lang='lat' dir='ltr'><strong>nmmum,,qujgoepipeientpa</strong></span> <span class='ocrx_word' id='word_1_462' title='bbox 677 3459 726 3499; x_wconf 82' lang='lat' dir='ltr'><strong>ecs</strong></span> <span class='ocrx_word' id='word_1_463' title='bbox 737 3441 864 3515; x_wconf 91' lang='lat' dir='ltr'><strong>quicum</strong></span> <span class='ocrx_word' id='word_1_464' title='bbox 875 3443 960 3513; x_wconf 88' lang='lat' dir='ltr'><strong>cquis</strong></span> <span class='ocrx_word' id='word_1_465' title='bbox 1015 3457 1045 3497; x_wconf 93' lang='lat' dir='ltr'><strong>re</strong></span> <span class='ocrx_word' id='word_1_466' title='bbox 1061 3447 1173 3509; x_wconf 80' lang='lat' dir='ltr'><strong>ventos,</strong></span> <span class='ocrx_word' id='word_1_467' title='bbox 1185 3460 1264 3512; x_wconf 78' lang='lat' dir='ltr'><strong>saxa,</strong></span> <span class='ocrx_word' id='word_1_468' title='bbox 1278 3445 1432 3521; x_wconf 83' lang='lat' dir='ltr'><strong>Rhodopes</strong></span> <span class='ocrx_word' id='word_1_469' title='bbox 1445 3468 1451 3520; x_wconf 92' lang='lat'>;</span> <span class='ocrx_word' id='word_1_470' title='bbox 1465 3456 1515 3507; x_wconf 89' lang='lat' dir='ltr'><strong>aut</strong></span> <span class='ocrx_word' id='word_1_471' title='bbox 1530 3469 1582 3509; x_wconf 91' lang='lat' dir='ltr'><strong>ceu</strong></span> <span class='ocrx_word' id='word_1_472' title='bbox 1598 3456 1734 3527; x_wconf 85' lang='lat' dir='ltr'><strong>procellis</strong></span> <span class='ocrx_word' id='word_1_473' title='bbox 1745 3461 1841 3520; x_wconf 88' lang='lat' dir='ltr'><strong>obstat</strong></span> 
     </span>
     <span class='ocr_line' id='line_1_39' title="bbox 125 3529 1286 3608; baseline 0.003 -22"><span class='ocrx_word' id='word_1_474' title='bbox 125 3535 282 3595; x_wconf 82' lang='lat' dir='ltr'><strong>venissent</strong></span> <span class='ocrx_word' id='word_1_475' title='bbox 309 3533 436 3608; x_wconf 87' lang='lat' dir='ltr'><strong>recipere</strong></span> <span class='ocrx_word' id='word_1_476' title='bbox 462 3538 625 3601; x_wconf 84' lang='lat' dir='ltr'><strong>autumans</strong></span> <span class='ocrx_word' id='word_1_477' title='bbox 653 3531 781 3606; x_wconf 83' lang='lat' dir='ltr'><strong>episcopi</strong></span> <span class='ocrx_word' id='word_1_478' title='bbox 806 3529 957 3588; x_wconf 86' lang='lat' dir='ltr'><strong>iuteresse.</strong></span> <span class='ocrx_word' id='word_1_479' title='bbox 1013 3530 1160 3605; x_wconf 88' lang='lat' dir='ltr'><strong>Marpesia</strong></span> <span class='ocrx_word' id='word_1_480' title='bbox 1175 3538 1286 3590; x_wconf 88' lang='lat' dir='ltr'><strong>cautes.</strong></span> 
     </span>
     <span class='ocr_line' id='line_1_40' title="bbox 119 3617 1838 3713; baseline 0.023 -54"><span class='ocrx_word' id='word_1_481' title='bbox 119 3624 206 3697; x_wconf 43' lang='grc' dir='ltr'><strong>ΑΨ)</strong></span> <span class='ocrx_word' id='word_1_482' title='bbox 221 3621 370 3699; x_wconf 55' lang='lat' dir='ltr'><strong>sacrilegii</strong></span> <span class='ocrx_word' id='word_1_483' title='bbox 386 3640 468 3689; x_wconf 65' lang='lat' dir='ltr'><strong>popm</strong></span> <span class='ocrx_word' id='word_1_484' title='bbox 483 3623 618 3695; x_wconf 64' lang='lat' dir='ltr'><strong>appetat,</strong></span> <span class='ocrx_word' id='word_1_485' title='bbox 633 3621 656 3678; x_wconf 91' lang='lat' dir='ltr'><strong>si</strong></span> <span class='ocrx_word' id='word_1_486' title='bbox 673 3621 831 3680; x_wconf 87' lang='lat' dir='ltr'><strong>commissa</strong></span> <span class='ocrx_word' id='word_1_487' title='bbox 845 3617 901 3675; x_wconf 91' lang='lat' dir='ltr'><strong>sibi</strong></span> <span class='ocrx_word' id='word_1_488' title='bbox 918 3622 958 3678; x_wconf 89' lang='lat' dir='ltr'><strong>os·</strong></span> <span class='ocrx_word' id='word_1_489' title='bbox 1047 3621 1145 3679; x_wconf 91' lang='lat' dir='ltr'><strong>Vitam</strong></span> <span class='ocrx_word' id='word_1_490' title='bbox 1168 3639 1251 3679; x_wconf 90' lang='lat' dir='ltr'><strong>suam</strong></span> <span class='ocrx_word' id='word_1_491' title='bbox 1268 3624 1326 3682; x_wconf 89' lang='lat' dir='ltr'><strong>Deo</strong></span> <span class='ocrx_word' id='word_1_492' title='bbox 1342 3627 1456 3702; x_wconf 89' lang='lat' dir='ltr'><strong>sibique</strong></span> <span class='ocrx_word' id='word_1_493' title='bbox 1472 3636 1572 3688; x_wconf 84' lang='lat' dir='ltr'><strong>notam</strong></span> <span class='ocrx_word' id='word_1_494' title='bbox 1586 3633 1627 3691; x_wconf 89' lang='lat' dir='ltr'><strong>ita</strong></span> <span class='ocrx_word' id='word_1_495' title='bbox 1642 3622 1838 3713; x_wconf 77' lang='lat' dir='ltr'><strong>disposuerat,</strong></span> 
     </span>
     <span class='ocr_line' id='line_1_41' title="bbox 120 3710 1837 3801; baseline 0.017 -43"><span class='ocrx_word' id='word_1_496' title='bbox 120 3713 194 3785; x_wconf 63' lang='lat' dir='ltr'><strong>chp</strong></span> <span class='ocrx_word' id='word_1_497' title='bbox 218 3729 275 3777; x_wconf 76' lang='lat' dir='ltr'><strong>spo</strong></span> <span class='ocrx_word' id='word_1_498' title='bbox 301 3710 399 3771; x_wconf 82' lang='lat' dir='ltr'><strong>labore</strong></span> <span class='ocrx_word' id='word_1_499' title='bbox 423 3729 481 3781; x_wconf 81' lang='lat' dir='ltr'><strong>pou</strong></span> <span class='ocrx_word' id='word_1_500' title='bbox 504 3712 719 3789; x_wconf 77' lang='lat' dir='ltr'><strong>augmentaret.</strong></span> <span class='ocrx_word' id='word_1_501' title='bbox 742 3711 866 3778; x_wconf 86' lang='lat' dir='ltr'><strong>Interea,</strong></span> <span class='ocrx_word' id='word_1_502' title='bbox 883 3725 916 3765; x_wconf 89' lang='lat' dir='ltr'><strong>ac</strong></span> <span class='ocrx_word' id='word_1_503' title='bbox 932 3710 957 3766; x_wconf 91' lang='lat' dir='ltr'><strong>si</strong></span> <span class='ocrx_word' id='word_1_504' title='bbox 1011 3714 1044 3765; x_wconf 93' lang='lat' dir='ltr'><strong>ut</strong></span> <span class='ocrx_word' id='word_1_505' title='bbox 1057 3713 1550 3790; x_wconf 83' lang='lat' dir='ltr'><strong>noctesatquediespraterhorem</strong></span> <span class='ocrx_word' id='word_1_506' title='bbox 1562 3725 1657 3779; x_wconf 88' lang='lat' dir='ltr'><strong>somni</strong></span> <span class='ocrx_word' id='word_1_507' title='bbox 1670 3732 1757 3801; x_wconf 89' lang='lat' dir='ltr'><strong>atque</strong></span> <span class='ocrx_word' id='word_1_508' title='bbox 1769 3731 1837 3801; x_wconf 91' lang='lat' dir='ltr'><strong>cibi,</strong></span> 
     </span>
     <span class='ocr_line' id='line_1_42' title="bbox 116 3796 1838 3879; baseline 0.02 -37"><span class='ocrx_word' id='word_1_509' title='bbox 116 3800 205 3879; x_wconf 54' lang='lat' dir='ltr'><strong>hosti</strong></span> <span class='ocrx_word' id='word_1_510' title='bbox 231 3800 434 3879; x_wconf 60' lang='lat' dir='ltr'><strong>infestissimo,</strong></span> <span class='ocrx_word' id='word_1_511' title='bbox 460 3803 628 3876; x_wconf 83' lang='lat' dir='ltr'><strong>frequentes</strong></span> <span class='ocrx_word' id='word_1_512' title='bbox 651 3799 764 3874; x_wconf 89' lang='lat' dir='ltr'><strong>corpori</strong></span> <span class='ocrx_word' id='word_1_513' title='bbox 786 3796 957 3856; x_wconf 87' lang='lat' dir='ltr'><strong>indicuntur</strong></span> <span class='ocrx_word' id='word_1_514' title='bbox 1011 3799 1838 3878; x_wconf 73' lang='lat' dir='ltr'><strong>autpsallendo,autlegendoautrationabilibusexcau-</strong></span> 
     </span>
     <span class='ocr_line' id='line_1_43' title="bbox 117 3888 1837 3979; baseline 0.017 -43"><span class='ocrx_word' id='word_1_515' title='bbox 117 3891 323 3963; x_wconf 51' lang='lat' dir='ltr'><strong>qbgaipentiae,</strong></span> <span class='ocrx_word' id='word_1_516' title='bbox 341 3891 519 3967; x_wconf 87' lang='lat' dir='ltr'><strong>pauperibus</strong></span> <span class='ocrx_word' id='word_1_517' title='bbox 534 3890 641 3967; x_wconf 72' lang='lat' dir='ltr'><strong>Christi</strong></span> <span class='ocrx_word' id='word_1_518' title='bbox 656 3888 796 3965; x_wconf 82' lang='lat' dir='ltr'><strong>largiores</strong></span> <span class='ocrx_word' id='word_1_519' title='bbox 811 3892 957 3962; x_wconf 88' lang='lat' dir='ltr'><strong>augentur</strong></span> <span class='ocrx_word' id='word_1_520' title='bbox 1009 3888 1051 3945; x_wconf 89' lang='lat' dir='ltr'><strong>sis</strong></span> <span class='ocrx_word' id='word_1_521' title='bbox 1066 3889 1254 3963; x_wconf 90' lang='lat' dir='ltr'><strong>disputando,</strong></span> <span class='ocrx_word' id='word_1_522' title='bbox 1271 3893 1300 3948; x_wconf 90' lang='lat' dir='ltr'><strong>in</strong></span> <span class='ocrx_word' id='word_1_523' title='bbox 1316 3894 1367 3950; x_wconf 87' lang='lat' dir='ltr'><strong>Dei</strong></span> <span class='ocrx_word' id='word_1_524' title='bbox 1391 3895 1528 3954; x_wconf 90' lang='lat' dir='ltr'><strong>laudibus</strong></span> <span class='ocrx_word' id='word_1_525' title='bbox 1551 3901 1837 3979; x_wconf 79' lang='lat' dir='ltr'><strong>continuaretltaro</strong></span> 
     </span>
     <span class='ocr_line' id='line_1_44' title="bbox 117 3975 1837 4069; baseline 0.022 -55"><span class='ocrx_word' id='word_1_526' title='bbox 117 3982 279 4069; x_wconf 52' lang='lat' dir='ltr'><strong>puppem,</strong></span> <span class='ocrx_word' id='word_1_527' title='bbox 305 3980 485 4051; x_wconf 65' lang='lat' dir='ltr'><strong>Reprepntur</strong></span> <span class='ocrx_word' id='word_1_528' title='bbox 506 3978 637 4054; x_wconf 84' lang='lat' dir='ltr'><strong>quotidie</strong></span> <span class='ocrx_word' id='word_1_529' title='bbox 651 3978 767 4051; x_wconf 90' lang='lat' dir='ltr'><strong>utrique</strong></span> <span class='ocrx_word' id='word_1_530' title='bbox 792 3975 954 4037; x_wconf 90' lang='lat' dir='ltr'><strong>assidentes</strong></span> <span class='ocrx_word' id='word_1_531' title='bbox 1009 3983 1061 4035; x_wconf 91' lang='lat' dir='ltr'><strong>aut</strong></span> <span class='ocrx_word' id='word_1_532' title='bbox 1083 3979 1254 4052; x_wconf 89' lang='lat' dir='ltr'><strong>neutiquam</strong></span> <span class='ocrx_word' id='word_1_533' title='bbox 1277 3984 1410 4051; x_wconf 88' lang='lat' dir='ltr'><strong>accessit,</strong></span> <span class='ocrx_word' id='word_1_534' title='bbox 1427 3985 1477 4057; x_wconf 91' lang='lat' dir='ltr'><strong>qui</strong></span> <span class='ocrx_word' id='word_1_535' title='bbox 1500 4004 1558 4044; x_wconf 91' lang='lat' dir='ltr'><strong>non</strong></span> <span class='ocrx_word' id='word_1_536' title='bbox 1574 4005 1703 4064; x_wconf 88' lang='lat' dir='ltr'><strong>congrua</strong></span> <span class='ocrx_word' id='word_1_537' title='bbox 1718 3995 1793 4050; x_wconf 80' lang='lat' dir='ltr'><strong>atati</strong></span> <span class='ocrx_word' id='word_1_538' title='bbox 1808 4000 1837 4053; x_wconf 91' lang='lat' dir='ltr'><strong>et</strong></span> 
     </span>
     <span class='ocr_line' id='line_1_45' title="bbox 116 4066 1835 4153; baseline 0.012 -33"><span class='ocrx_word' id='word_1_539' title='bbox 116 4069 221 4145; x_wconf 63' lang='lat' dir='ltr'><strong>lateri,</strong></span> <span class='ocrx_word' id='word_1_540' title='bbox 247 4068 318 4143; x_wconf 76' lang='lat' dir='ltr'><strong>piac</strong></span> <span class='ocrx_word' id='word_1_541' title='bbox 341 4066 524 4141; x_wconf 82' lang='lat' dir='ltr'><strong>clericorum,</strong></span> <span class='ocrx_word' id='word_1_542' title='bbox 541 4069 610 4135; x_wconf 82' lang='lat' dir='ltr'><strong>hinc</strong></span> <span class='ocrx_word' id='word_1_543' title='bbox 633 4084 797 4143; x_wconf 87' lang='lat' dir='ltr'><strong>pauperum</strong></span> <span class='ocrx_word' id='word_1_544' title='bbox 822 4068 952 4131; x_wconf 81' lang='lat' dir='ltr'><strong>caterva.</strong></span> <span class='ocrx_word' id='word_1_545' title='bbox 1008 4072 1119 4124; x_wconf 79' lang='lat' dir='ltr'><strong>natura</strong></span> <span class='ocrx_word' id='word_1_546' title='bbox 1134 4085 1194 4125; x_wconf 81' lang='lat' dir='ltr'><strong>sua</strong></span> <span class='ocrx_word' id='word_1_547' title='bbox 1209 4071 1395 4129; x_wconf 90' lang='lat' dir='ltr'><strong>condimenta</strong></span> <span class='ocrx_word' id='word_1_548' title='bbox 1410 4073 1551 4132; x_wconf 85' lang='lat' dir='ltr'><strong>retulerit.</strong></span> <span class='ocrx_word' id='word_1_549' title='bbox 1563 4078 1649 4135; x_wconf 89' lang='lat' dir='ltr'><strong>Lacte</strong></span> <span class='ocrx_word' id='word_1_550' title='bbox 1659 4083 1835 4153; x_wconf 77' lang='lat' dir='ltr'><strong>potabatis·</strong></span> 
     </span>
     <span class='ocr_line' id='line_1_46' title="bbox 119 4154 1834 4234; baseline 0.02 -38"><span class='ocrx_word' id='word_1_551' title='bbox 119 4156 304 4231; x_wconf 41' lang='lat' dir='ltr'><strong>peraguntur</strong></span> <span class='ocrx_word' id='word_1_552' title='bbox 318 4158 355 4217; x_wconf 61' lang='lat' dir='ltr'><strong>ab</strong></span> <span class='ocrx_word' id='word_1_553' title='bbox 367 4160 434 4232; x_wconf 71' lang='lat' dir='ltr'><strong>pjus</strong></span> <span class='ocrx_word' id='word_1_554' title='bbox 448 4175 552 4231; x_wconf 63' lang='lat' dir='ltr'><strong>pransa</strong></span> <span class='ocrx_word' id='word_1_555' title='bbox 562 4158 714 4231; x_wconf 83' lang='lat' dir='ltr'><strong>utriusque</strong></span> <span class='ocrx_word' id='word_1_556' title='bbox 729 4154 858 4213; x_wconf 89' lang='lat' dir='ltr'><strong>hominis</strong></span> <span class='ocrx_word' id='word_1_557' title='bbox 874 4155 952 4212; x_wconf 88' lang='lat' dir='ltr'><strong>ciba·</strong></span> <span class='ocrx_word' id='word_1_558' title='bbox 1007 4157 1119 4227; x_wconf 90' lang='lat' dir='ltr'><strong>llrmos,</strong></span> <span class='ocrx_word' id='word_1_559' title='bbox 1135 4174 1210 4232; x_wconf 89' lang='lat' dir='ltr'><strong>pane</strong></span> <span class='ocrx_word' id='word_1_560' title='bbox 1226 4159 1342 4219; x_wconf 91' lang='lat' dir='ltr'><strong>cibabat</strong></span> <span class='ocrx_word' id='word_1_561' title='bbox 1359 4162 1491 4234; x_wconf 87' lang='lat' dir='ltr'><strong>validos;</strong></span> <span class='ocrx_word' id='word_1_562' title='bbox 1508 4165 1574 4223; x_wconf 81' lang='lat' dir='ltr'><strong>vino</strong></span> <span class='ocrx_word' id='word_1_563' title='bbox 1590 4170 1618 4224; x_wconf 90' lang='lat' dir='ltr'><strong>et</strong></span> <span class='ocrx_word' id='word_1_564' title='bbox 1633 4170 1771 4229; x_wconf 88' lang='lat' dir='ltr'><strong>carnibus</strong></span> <span class='ocrx_word' id='word_1_565' title='bbox 1787 4190 1834 4230; x_wconf 87' lang='lat' dir='ltr'><strong>ve-</strong></span> 
     </span>
     <span class='ocr_line' id='line_1_47' title="bbox 119 4244 1835 4335; baseline 0.013 -38"><span class='ocrx_word' id='word_1_566' title='bbox 119 4250 176 4321; x_wconf 69' lang='lat' dir='ltr'><strong>ria,</strong></span> <span class='ocrx_word' id='word_1_567' title='bbox 197 4249 322 4325; x_wconf 72' lang='lat' dir='ltr'><strong>ipseqpe</strong></span> <span class='ocrx_word' id='word_1_568' title='bbox 344 4246 448 4311; x_wconf 87' lang='lat' dir='ltr'><strong>hilaris</strong></span> <span class='ocrx_word' id='word_1_569' title='bbox 463 4247 584 4311; x_wconf 77' lang='lat' dir='ltr'><strong>conviva</strong></span> <span class='ocrx_word' id='word_1_570' title='bbox 597 4246 769 4321; x_wconf 85' lang='lat' dir='ltr'><strong>parcissime</strong></span> <span class='ocrx_word' id='word_1_571' title='bbox 784 4244 909 4301; x_wconf 85' lang='lat' dir='ltr'><strong>relectus</strong></span> <span class='ocrx_word' id='word_1_572' title='bbox 925 4250 954 4303; x_wconf 91' lang='lat' dir='ltr'><strong>et</strong></span> <span class='ocrx_word' id='word_1_573' title='bbox 1006 4262 1102 4317; x_wconf 88' lang='lat' dir='ltr'><strong>scens,</strong></span> <span class='ocrx_word' id='word_1_574' title='bbox 1120 4251 1151 4303; x_wconf 92' lang='lat' dir='ltr'><strong>ut</strong></span> <span class='ocrx_word' id='word_1_575' title='bbox 1165 4251 1295 4307; x_wconf 86' lang='lat' dir='ltr'><strong>attestari</strong></span> <span class='ocrx_word' id='word_1_576' title='bbox 1310 4250 1424 4309; x_wconf 89' lang='lat' dir='ltr'><strong>solebat</strong></span> <span class='ocrx_word' id='word_1_577' title='bbox 1447 4253 1539 4312; x_wconf 88' lang='lat' dir='ltr'><strong>abbas</strong></span> <span class='ocrx_word' id='word_1_578' title='bbox 1555 4256 1613 4330; x_wconf 81' lang='lat'>(19)</span> <span class='ocrx_word' id='word_1_579' title='bbox 1630 4257 1737 4335; x_wconf 88' lang='lat' dir='ltr'><strong>Poppe,</strong></span> <span class='ocrx_word' id='word_1_580' title='bbox 1753 4262 1835 4321; x_wconf 89' lang='lat' dir='ltr'><strong>solus</strong></span> 
     </span>
     <span class='ocr_line' id='line_1_48' title="bbox 121 4333 1832 4427; baseline 0.018 -47"><span class='ocrx_word' id='word_1_581' title='bbox 121 4339 182 4401; x_wconf 55' lang='grc' dir='ltr'><strong>[οη</strong></span> <span class='ocrx_word' id='word_1_582' title='bbox 192 4338 329 4427; x_wconf 55' lang='lat' dir='ltr'><strong>quppup,</strong></span> <span class='ocrx_word' id='word_1_583' title='bbox 356 4336 489 4411; x_wconf 81' lang='lat' dir='ltr'><strong>esuriens</strong></span> <span class='ocrx_word' id='word_1_584' title='bbox 503 4351 619 4411; x_wconf 86' lang='lat' dir='ltr'><strong>semper</strong></span> <span class='ocrx_word' id='word_1_585' title='bbox 633 4340 663 4392; x_wconf 89' lang='lat' dir='ltr'><strong>et</strong></span> <span class='ocrx_word' id='word_1_586' title='bbox 676 4334 780 4393; x_wconf 87' lang='lat' dir='ltr'><strong>sitiens</strong></span> <span class='ocrx_word' id='word_1_587' title='bbox 791 4333 950 4409; x_wconf 86' lang='lat' dir='ltr'><strong>justitiam,</strong></span> <span class='ocrx_word' id='word_1_588' title='bbox 967 4357 991 4423; x_wconf 79' lang='lat' dir='ltr'><strong>p</strong></span> <span class='ocrx_word' id='word_1_589' title='bbox 1006 4337 1200 4411; x_wconf 89' lang='lat' dir='ltr'><strong>quorumdam</strong></span> <span class='ocrx_word' id='word_1_590' title='bbox 1210 4344 1389 4397; x_wconf 91' lang='lat' dir='ltr'><strong>secretorum</strong></span> <span class='ocrx_word' id='word_1_591' title='bbox 1399 4342 1832 4417; x_wconf 80' lang='lat' dir='ltr'><strong>ejusconscius,monachorum</strong></span> 
     </span>
     <span class='ocr_line' id='line_1_49' title="bbox 121 4416 1831 4512; baseline 0.027 -58"><span class='ocrx_word' id='word_1_592' title='bbox 121 4416 194 4487; x_wconf 49' lang='lat'>&#39;15⁰3&#39;</span> <span class='ocrx_word' id='word_1_593' title='bbox 208 4426 395 4501; x_wconf 48' lang='lat' dir='ltr'><strong>mmmm,</strong></span> <span class='ocrx_word' id='word_1_594' title='bbox 412 4424 541 4501; x_wconf 43' lang='lat' dir='ltr'><strong>expiato,</strong></span> <span class='ocrx_word' id='word_1_595' title='bbox 556 4425 730 4495; x_wconf 70' lang='lat' dir='ltr'><strong>dimittebat.</strong></span> <span class='ocrx_word' id='word_1_596' title='bbox 746 4423 868 4495; x_wconf 83' lang='lat' dir='ltr'><strong>Divitias</strong></span> <span class='ocrx_word' id='word_1_597' title='bbox 881 4441 951 4483; x_wconf 90' lang='lat' dir='ltr'><strong>suas</strong></span> <span class='ocrx_word' id='word_1_598' title='bbox 1005 4425 1138 4491; x_wconf 86' lang='lat' dir='ltr'><strong>omnium</strong></span> <span class='ocrx_word' id='word_1_599' title='bbox 1160 4426 1216 4484; x_wconf 91' lang='lat' dir='ltr'><strong>sibi</strong></span> <span class='ocrx_word' id='word_1_600' title='bbox 1236 4430 1419 4503; x_wconf 88' lang='lat' dir='ltr'><strong>cognitorum</strong></span> <span class='ocrx_word' id='word_1_601' title='bbox 1445 4433 1580 4492; x_wconf 88' lang='lat' dir='ltr'><strong>vincebat</strong></span> <span class='ocrx_word' id='word_1_602' title='bbox 1602 4438 1831 4512; x_wconf 67' lang='lat' dir='ltr'><strong>abstinentiam</strong></span> 
     </span>
     <span class='ocr_line' id='line_1_50' title="bbox 121 4511 1833 4599; baseline 0.015 -39"><span class='ocrx_word' id='word_1_603' title='bbox 121 4513 273 4585; x_wconf 60' lang='lat' dir='ltr'><strong>mmmupi</strong></span> <span class='ocrx_word' id='word_1_604' title='bbox 284 4512 403 4587; x_wconf 70' lang='lat' dir='ltr'><strong>ptilitati</strong></span> <span class='ocrx_word' id='word_1_605' title='bbox 414 4531 503 4591; x_wconf 85' lang='lat' dir='ltr'><strong>quam</strong></span> <span class='ocrx_word' id='word_1_606' title='bbox 514 4513 570 4573; x_wconf 91' lang='lat' dir='ltr'><strong>sibi</strong></span> <span class='ocrx_word' id='word_1_607' title='bbox 581 4513 725 4571; x_wconf 73' lang='lat' dir='ltr'><strong>deservire</strong></span> <span class='ocrx_word' id='word_1_608' title='bbox 735 4511 951 4586; x_wconf 88' lang='lat' dir='ltr'><strong>malebat,quas</strong></span> <span class='ocrx_word' id='word_1_609' title='bbox 1004 4515 1076 4570; x_wconf 90' lang='lat' dir='ltr'><strong>dom</strong></span> <span class='ocrx_word' id='word_1_610' title='bbox 1088 4532 1144 4572; x_wconf 92' lang='lat' dir='ltr'><strong>non</strong></span> <span class='ocrx_word' id='word_1_611' title='bbox 1156 4517 1225 4589; x_wconf 90' lang='lat' dir='ltr'><strong>quid</strong></span> <span class='ocrx_word' id='word_1_612' title='bbox 1237 4516 1261 4574; x_wconf 92' lang='lat' dir='ltr'><strong>si</strong></span> <span class='ocrx_word' id='word_1_613' title='bbox 1266 4535 1301 4575; x_wconf 91' lang='lat' dir='ltr'><strong>ne</strong></span> <span class='ocrx_word' id='word_1_614' title='bbox 1312 4520 1557 4594; x_wconf 89' lang='lat' dir='ltr'><strong>concupiscentia,</strong></span> <span class='ocrx_word' id='word_1_615' title='bbox 1570 4527 1619 4582; x_wconf 91' lang='lat' dir='ltr'><strong>sed</strong></span> <span class='ocrx_word' id='word_1_616' title='bbox 1632 4532 1776 4599; x_wconf 89' lang='lat' dir='ltr'><strong>quantum</strong></span> <span class='ocrx_word' id='word_1_617' title='bbox 1787 4546 1833 4586; x_wconf 90' lang='lat' dir='ltr'><strong>ce·</strong></span> 
     </span>
     <span class='ocr_line' id='line_1_51' title="bbox 123 4594 1831 4690; baseline 0.018 -45"><span class='ocrx_word' id='word_1_618' title='bbox 123 4603 151 4660; x_wconf 68' lang='lat' dir='ltr'><strong>qn</strong></span> <span class='ocrx_word' id='word_1_619' title='bbox 163 4604 269 4678; x_wconf 62' lang='lat' dir='ltr'><strong>omnip</strong></span> <span class='ocrx_word' id='word_1_620' title='bbox 281 4603 401 4681; x_wconf 59' lang='lat' dir='ltr'><strong>pietatis</strong></span> <span class='ocrx_word' id='word_1_621' title='bbox 422 4594 514 4679; x_wconf 83' lang='lat' dir='ltr'><strong>&#39;opera</strong></span> <span class='ocrx_word' id='word_1_622' title='bbox 527 4602 675 4660; x_wconf 86' lang='lat' dir='ltr'><strong>inflectere</strong></span> <span class='ocrx_word' id='word_1_623' title='bbox 689 4602 828 4676; x_wconf 88' lang='lat' dir='ltr'><strong>optabat;</strong></span> <span class='ocrx_word' id='word_1_624' title='bbox 844 4602 949 4660; x_wconf 88' lang='lat' dir='ltr'><strong>sentie-</strong></span> <span class='ocrx_word' id='word_1_625' title='bbox 1004 4604 1133 4667; x_wconf 88' lang='lat' dir='ltr'><strong>mederet</strong></span> <span class='ocrx_word' id='word_1_626' title='bbox 1140 4608 1444 4679; x_wconf 86' lang='lat' dir='ltr'><strong>pensans,saturitatis</strong></span> <span class='ocrx_word' id='word_1_627' title='bbox 1453 4612 1565 4671; x_wconf 89' lang='lat' dir='ltr'><strong>malum</strong></span> <span class='ocrx_word' id='word_1_628' title='bbox 1576 4616 1693 4673; x_wconf 90' lang='lat' dir='ltr'><strong>cautius</strong></span> <span class='ocrx_word' id='word_1_629' title='bbox 1701 4617 1831 4690; x_wconf 85' lang='lat' dir='ltr'><strong>viperino</strong></span> 
     </span>
     <span class='ocr_line' id='line_1_52' title="bbox 123 4690 1829 4776; baseline 0.011 -32"><span class='ocrx_word' id='word_1_630' title='bbox 123 4690 188 4761; x_wconf 74' lang='lat' dir='ltr'><strong>bant</strong></span> <span class='ocrx_word' id='word_1_631' title='bbox 198 4692 418 4770; x_wconf 76' lang='lat' dir='ltr'><strong>humanitatem</strong></span> <span class='ocrx_word' id='word_1_632' title='bbox 429 4690 690 4767; x_wconf 75' lang='lat' dir='ltr'><strong>eiusagritudiues</strong></span> <span class='ocrx_word' id='word_1_633' title='bbox 699 4690 948 4763; x_wconf 86' lang='lat' dir='ltr'><strong>decumbentium,</strong></span> <span class='ocrx_word' id='word_1_634' title='bbox 1004 4694 1147 4767; x_wconf 89' lang='lat' dir='ltr'><strong>sanguine</strong></span> <span class='ocrx_word' id='word_1_635' title='bbox 1163 4695 1312 4753; x_wconf 85' lang='lat' dir='ltr'><strong>devitaret.</strong></span> <span class='ocrx_word' id='word_1_636' title='bbox 1326 4697 1428 4755; x_wconf 89' lang='lat' dir='ltr'><strong>Vestes</strong></span> <span class='ocrx_word' id='word_1_637' title='bbox 1444 4716 1513 4757; x_wconf 90' lang='lat' dir='ltr'><strong>suas</strong></span> <span class='ocrx_word' id='word_1_638' title='bbox 1528 4702 1600 4758; x_wconf 89' lang='lat' dir='ltr'><strong>adeo</strong></span> <span class='ocrx_word' id='word_1_639' title='bbox 1615 4703 1829 4776; x_wconf 87' lang='lat' dir='ltr'><strong>moderebatur,</strong></span> 
     </span>
     <span class='ocr_line' id='line_1_53' title="bbox 123 4777 1832 4864; baseline 0.016 -38"><span class='ocrx_word' id='word_1_640' title='bbox 123 4777 234 4861; x_wconf 52' lang='lat' dir='ltr'><strong>apag-pp</strong></span> <span class='ocrx_word' id='word_1_641' title='bbox 248 4781 406 4853; x_wconf 57' lang='lat' dir='ltr'><strong>appiam</strong></span> <span class='ocrx_word' id='word_1_642' title='bbox 423 4781 503 4841; x_wconf 87' lang='lat' dir='ltr'><strong>senio</strong></span> <span class='ocrx_word' id='word_1_643' title='bbox 525 4780 659 4851; x_wconf 84' lang='lat' dir='ltr'><strong>contecti,</strong></span> <span class='ocrx_word' id='word_1_644' title='bbox 675 4797 693 4838; x_wconf 92' lang='lat' dir='ltr'><strong>a</strong></span> <span class='ocrx_word' id='word_1_645' title='bbox 707 4778 816 4837; x_wconf 87' lang='lat' dir='ltr'><strong>divitiis</strong></span> <span class='ocrx_word' id='word_1_646' title='bbox 831 4779 860 4836; x_wconf 90' lang='lat' dir='ltr'><strong>in</strong></span> <span class='ocrx_word' id='word_1_647' title='bbox 876 4797 950 4856; x_wconf 91' lang='lat' dir='ltr'><strong>pau·</strong></span> <span class='ocrx_word' id='word_1_648' title='bbox 1003 4783 1036 4836; x_wconf 89' lang='lat' dir='ltr'><strong>ut</strong></span> <span class='ocrx_word' id='word_1_649' title='bbox 1052 4797 1104 4837; x_wconf 87' lang='lat' dir='ltr'><strong>nec</strong></span> <span class='ocrx_word' id='word_1_650' title='bbox 1119 4788 1185 4839; x_wconf 88' lang='lat' dir='ltr'><strong>ante</strong></span> <span class='ocrx_word' id='word_1_651' title='bbox 1199 4783 1271 4841; x_wconf 88' lang='lat' dir='ltr'><strong>alios</strong></span> <span class='ocrx_word' id='word_1_652' title='bbox 1286 4785 1461 4856; x_wconf 86' lang='lat' dir='ltr'><strong>ambitiosis,</strong></span> <span class='ocrx_word' id='word_1_653' title='bbox 1472 4790 1522 4845; x_wconf 92' lang='lat' dir='ltr'><strong>sed</strong></span> <span class='ocrx_word' id='word_1_654' title='bbox 1538 4806 1591 4847; x_wconf 90' lang='lat' dir='ltr'><strong>nec</strong></span> <span class='ocrx_word' id='word_1_655' title='bbox 1606 4790 1767 4864; x_wconf 90' lang='lat' dir='ltr'><strong>plurimum</strong></span> <span class='ocrx_word' id='word_1_656' title='bbox 1783 4797 1832 4852; x_wconf 92' lang='lat' dir='ltr'><strong>ab·</strong></span> 
     </span>
     <span class='ocr_line' id='line_1_54' title="bbox 122 4854 1830 4955; baseline 0.021 -49"><span class='ocrx_word' id='word_1_657' title='bbox 122 4854 263 4951; x_wconf 50' lang='lat' dir='ltr'><strong>mm,</strong></span> <span class='ocrx_word' id='word_1_658' title='bbox 288 4870 427 4949; x_wconf 51' lang='lat' dir='ltr'><strong>agappa,</strong></span> <span class='ocrx_word' id='word_1_659' title='bbox 444 4871 643 4944; x_wconf 57' lang='lat' dir='ltr'><strong>indesinenter</strong></span> <span class='ocrx_word' id='word_1_660' title='bbox 664 4871 729 4945; x_wconf 82' lang='lat' dir='ltr'><strong>ejus</strong></span> <span class='ocrx_word' id='word_1_661' title='bbox 753 4868 864 4927; x_wconf 89' lang='lat' dir='ltr'><strong>sullulti</strong></span> <span class='ocrx_word' id='word_1_662' title='bbox 880 4874 950 4928; x_wconf 90' lang='lat' dir='ltr'><strong>sunt</strong></span> <span class='ocrx_word' id='word_1_663' title='bbox 999 4869 1086 4941; x_wconf 87' lang='lat' dir='ltr'><strong>jectis</strong></span> <span class='ocrx_word' id='word_1_664' title='bbox 1113 4871 1246 4943; x_wconf 86' lang='lat' dir='ltr'><strong>indatus,</strong></span> <span class='ocrx_word' id='word_1_665' title='bbox 1271 4873 1362 4931; x_wconf 90' lang='lat' dir='ltr'><strong>totius</strong></span> <span class='ocrx_word' id='word_1_666' title='bbox 1386 4876 1603 4948; x_wconf 87' lang='lat' dir='ltr'><strong>superstitionis</strong></span> <span class='ocrx_word' id='word_1_667' title='bbox 1629 4882 1752 4955; x_wconf 58' lang='lat' dir='ltr'><strong>taphum</strong></span> <span class='ocrx_word' id='word_1_668' title='bbox 1767 4901 1785 4941; x_wconf 87' lang='lat' dir='ltr'><strong>a</strong></span> <span class='ocrx_word' id='word_1_669' title='bbox 1799 4902 1830 4945; x_wconf 89' lang='lat' dir='ltr'><strong>se</strong></span> 
     </span>
     <span class='ocr_line' id='line_1_55' title="bbox 120 4959 1829 5046; baseline 0.022 -54"><span class='ocrx_word' id='word_1_670' title='bbox 120 4962 271 5045; x_wconf 49' lang='lat' dir='ltr'><strong>,afflig</strong></span> <span class='ocrx_word' id='word_1_671' title='bbox 287 4959 835 5041; x_wconf 51' lang='lat' dir='ltr'><strong>5034„,1,00012paaaus,0mnibus</strong></span> <span class='ocrx_word' id='word_1_672' title='bbox 850 4961 949 5017; x_wconf 88' lang='lat' dir='ltr'><strong>omnia</strong></span> <span class='ocrx_word' id='word_1_673' title='bbox 1002 4963 1170 5016; x_wconf 87' lang='lat' dir='ltr'><strong>constanter</strong></span> <span class='ocrx_word' id='word_1_674' title='bbox 1185 4961 1335 5034; x_wconf 86' lang='lat' dir='ltr'><strong>abjiceret,</strong></span> <span class='ocrx_word' id='word_1_675' title='bbox 1344 4964 1437 5020; x_wconf 89' lang='lat' dir='ltr'><strong>satius</strong></span> <span class='ocrx_word' id='word_1_676' title='bbox 1448 4965 1557 5024; x_wconf 89' lang='lat' dir='ltr'><strong>ducens</strong></span> <span class='ocrx_word' id='word_1_677' title='bbox 1568 4971 1695 5042; x_wconf 86' lang='lat' dir='ltr'><strong>petentis</strong></span> <span class='ocrx_word' id='word_1_678' title='bbox 1707 4971 1829 5046; x_wconf 91' lang='lat' dir='ltr'><strong>imperio</strong></span> 
     </span>
     <span class='ocr_line' id='line_1_56' title="bbox 115 5044 1829 5129; baseline 0.029 -59"><span class='ocrx_word' id='word_1_679' title='bbox 115 5044 225 5127; x_wconf 46' lang='lat' dir='ltr'>smus,</span> <span class='ocrx_word' id='word_1_680' title='bbox 239 5049 348 5124; x_wconf 51' lang='lat' dir='ltr'>mulus</span> <span class='ocrx_word' id='word_1_681' title='bbox 360 5054 424 5123; x_wconf 53' lang='lat' dir='ltr'><strong>pm</strong></span> <span class='ocrx_word' id='word_1_682' title='bbox 437 5067 512 5123; x_wconf 45' lang='grc' dir='ltr'><strong>φφ</strong></span> <span class='ocrx_word' id='word_1_683' title='bbox 523 5054 552 5121; x_wconf 59' lang='lat' dir='ltr'><strong>gp</strong></span> <span class='ocrx_word' id='word_1_684' title='bbox 560 5066 612 5127; x_wconf 63' lang='lat'><strong>99,</strong></span> <span class='ocrx_word' id='word_1_685' title='bbox 622 5049 744 5120; x_wconf 48' lang='lat' dir='ltr'><strong>,laudm</strong></span> <span class='ocrx_word' id='word_1_686' title='bbox 756 5049 834 5106; x_wconf 77' lang='lat' dir='ltr'><strong>hunc</strong></span> <span class='ocrx_word' id='word_1_687' title='bbox 844 5048 949 5125; x_wconf 82' lang='lat' dir='ltr'><strong>pupilli</strong></span> <span class='ocrx_word' id='word_1_688' title='bbox 1002 5048 1104 5118; x_wconf 88' lang='lat' dir='ltr'><strong>animi,</strong></span> <span class='ocrx_word' id='word_1_689' title='bbox 1117 5065 1205 5125; x_wconf 86' lang='lat' dir='ltr'><strong>quam</strong></span> <span class='ocrx_word' id='word_1_690' title='bbox 1217 5053 1372 5125; x_wconf 87' lang='lat' dir='ltr'><strong>asperitate</strong></span> <span class='ocrx_word' id='word_1_691' title='bbox 1382 5052 1469 5110; x_wconf 91' lang='lat' dir='ltr'><strong>cilicii</strong></span> <span class='ocrx_word' id='word_1_692' title='bbox 1485 5058 1614 5129; x_wconf 85' lang='lat' dir='ltr'><strong>corporis</strong></span> <span class='ocrx_word' id='word_1_693' title='bbox 1629 5061 1761 5118; x_wconf 89' lang='lat' dir='ltr'><strong>membra</strong></span> <span class='ocrx_word' id='word_1_694' title='bbox 1777 5063 1829 5119; x_wconf 91' lang='lat' dir='ltr'><strong>do-</strong></span> 
     </span>
     <span class='ocr_line' id='line_1_57' title="bbox 110 5137 1827 5233; baseline 0.016 -53"><span class='ocrx_word' id='word_1_695' title='bbox 110 5145 284 5217; x_wconf 48' lang='lat' dir='ltr'><strong>pmnum,</strong></span> <span class='ocrx_word' id='word_1_696' title='bbox 297 5138 380 5217; x_wconf 66' lang='lat' dir='ltr'><strong>pppa</strong></span> <span class='ocrx_word' id='word_1_697' title='bbox 400 5139 494 5211; x_wconf 71' lang='lat' dir='ltr'><strong>piduae</strong></span> <span class='ocrx_word' id='word_1_698' title='bbox 514 5137 653 5213; x_wconf 82' lang='lat' dir='ltr'><strong>invenero</strong></span> <span class='ocrx_word' id='word_1_699' title='bbox 672 5139 821 5197; x_wconf 88' lang='lat' dir='ltr'><strong>maritum.</strong></span> <span class='ocrx_word' id='word_1_700' title='bbox 838 5138 947 5197; x_wconf 76' lang='lat' dir='ltr'><strong>Haecin</strong></span> <span class='ocrx_word' id='word_1_701' title='bbox 1002 5137 1086 5207; x_wconf 90' lang='lat' dir='ltr'><strong>mari,</strong></span> <span class='ocrx_word' id='word_1_702' title='bbox 1103 5137 1211 5211; x_wconf 88' lang='lat' dir='ltr'><strong>quibus</strong></span> <span class='ocrx_word' id='word_1_703' title='bbox 1226 5156 1377 5219; x_wconf 87' lang='lat' dir='ltr'><strong>nunquam</strong></span> <span class='ocrx_word' id='word_1_704' title='bbox 1393 5141 1552 5215; x_wconf 89' lang='lat' dir='ltr'><strong>lavacrum,</strong></span> <span class='ocrx_word' id='word_1_705' title='bbox 1569 5163 1634 5204; x_wconf 90' lang='lat' dir='ltr'><strong>raro</strong></span> <span class='ocrx_word' id='word_1_706' title='bbox 1651 5149 1737 5215; x_wconf 89' lang='lat' dir='ltr'><strong>molle</strong></span> <span class='ocrx_word' id='word_1_707' title='bbox 1752 5168 1827 5233; x_wconf 79' lang='lat' dir='ltr'><strong>pra-</strong></span> 
     </span>
     <span class='ocr_line' id='line_1_58' title="bbox 110 5225 1827 5312; baseline 0.029 -62"><span class='ocrx_word' id='word_1_708' title='bbox 110 5228 380 5304; x_wconf 40' lang='lat' dir='ltr'><strong>ggmipipuppgno</strong></span> <span class='ocrx_word' id='word_1_709' title='bbox 394 5228 580 5303; x_wconf 56' lang='lat' dir='ltr'><strong>gxqgmfpm,</strong></span> <span class='ocrx_word' id='word_1_710' title='bbox 1002 5225 1089 5283; x_wconf 87' lang='lat' dir='ltr'><strong>bebat</strong></span> <span class='ocrx_word' id='word_1_711' title='bbox 1098 5229 1235 5284; x_wconf 89' lang='lat' dir='ltr'><strong>stratum.</strong></span> <span class='ocrx_word' id='word_1_712' title='bbox 1248 5229 1282 5286; x_wconf 82' lang='lat' dir='ltr'><strong>lit</strong></span> <span class='ocrx_word' id='word_1_713' title='bbox 1292 5231 1369 5305; x_wconf 89' lang='lat' dir='ltr'><strong>quod</strong></span> <span class='ocrx_word' id='word_1_714' title='bbox 1380 5230 1444 5291; x_wconf 87' lang='lat' dir='ltr'><strong>sine</strong></span> <span class='ocrx_word' id='word_1_715' title='bbox 1458 5231 1595 5312; x_wconf 75' lang='lat' dir='ltr'><strong>lacrymis</strong></span> <span class='ocrx_word' id='word_1_716' title='bbox 1608 5238 1757 5298; x_wconf 87' lang='lat' dir='ltr'><strong>reminisci</strong></span> <span class='ocrx_word' id='word_1_717' title='bbox 1768 5255 1827 5298; x_wconf 88' lang='lat' dir='ltr'><strong>noa</strong></span> 
     </span>
    </p>
   </div>
   <div class='ocr_carea' id='block_1_3' title="bbox 160 5335 990 5493">
    <p class='ocr_par' dir='ltr' id='par_1_3' title="bbox 160 5335 990 5493">
     <span class='ocr_line' id='line_1_59' title="bbox 160 5335 670 5410; baseline 0.012 -8"><span class='ocrx_word' id='word_1_718' title='bbox 160 5337 206 5403; x_wconf 74' lang='lat'><strong>(¹8</strong></span> <span class='ocrx_word' id='word_1_719' title='bbox 230 5336 288 5407; x_wconf 71' lang='lat' dir='ltr'><strong>tt&#39;</strong></span> <span class='ocrx_word' id='word_1_720' title='bbox 307 5336 360 5407; x_wconf 78' lang='lat' dir='ltr'><strong>tul</strong></span> <span class='ocrx_word' id='word_1_721' title='bbox 373 5335 467 5408; x_wconf 69' lang='lat' dir='ltr'><strong>eant</strong></span> <span class='ocrx_word' id='word_1_722' title='bbox 503 5337 670 5410; x_wconf 47' lang='lat' dir='ltr'><strong>,renem</strong></span> 
     </span>
     <span class='ocr_line' id='line_1_60' title="bbox 165 5352 990 5493; baseline 0.012 -33"><span class='ocrx_word' id='word_1_723' title='bbox 165 5407 208 5477; x_wconf 71' lang='lat' dir='ltr'><strong>(te</strong></span> <span class='ocrx_word' id='word_1_724' title='bbox 233 5398 266 5464; x_wconf 76' lang='lat' dir='ltr'><strong>aa</strong></span> <span class='ocrx_word' id='word_1_725' title='bbox 279 5352 340 5466; x_wconf 55' lang='lat' dir='ltr'><strong>bec</strong></span> <span class='ocrx_word' id='word_1_726' title='bbox 354 5406 515 5485; x_wconf 82' lang='lat' dir='ltr'><strong>pretermis</strong></span> <span class='ocrx_word' id='word_1_727' title='bbox 527 5412 538 5466; x_wconf 93' lang='lat' dir='ltr'><strong>t</strong></span> <span class='ocrx_word' id='word_1_728' title='bbox 552 5409 680 5469; x_wconf 86' lang='lat' dir='ltr'><strong>auctoris</strong></span> <span class='ocrx_word' id='word_1_729' title='bbox 690 5410 783 5493; x_wconf 81' lang='lat' dir='ltr'><strong>nostri</strong></span> <span class='ocrx_word' id='word_1_730' title='bbox 797 5408 990 5471; x_wconf 79' lang='lat' dir='ltr'><strong>abbreviator.</strong></span> 
     </span>
    </p>
   </div>
   <div class='ocr_carea' id='block_1_4' title="bbox 171 2161 920 2236">
    <p class='ocr_par' dir='ltr' id='par_1_4' title="bbox 171 2161 920 2236">
     <span class='ocr_line' id='line_1_61' title="bbox 171 2161 920 2236; baseline 0.001 -17"><span class='ocrx_word' id='word_1_731' title='bbox 171 2165 246 2220; x_wconf 79' lang='lat' dir='ltr'><strong>Car.</strong></span> <span class='ocrx_word' id='word_1_732' title='bbox 262 2162 308 2219; x_wconf 87' lang='lat' dir='ltr'><strong>lX.</strong></span> <span class='ocrx_word' id='word_1_733' title='bbox 324 2194 359 2204; x_wconf 94' lang='lat'>-</span> <span class='ocrx_word' id='word_1_734' title='bbox 374 2163 506 2236; x_wconf 83' lang='lat' dir='ltr'><strong>Qualiter</strong></span> <span class='ocrx_word' id='word_1_735' title='bbox 520 2162 656 2217; x_wconf 73' lang='lat' dir='ltr'><strong>exteriora</strong></span> <span class='ocrx_word' id='word_1_736' title='bbox 671 2161 920 2220; x_wconf 74' lang='lat' dir='ltr'><strong>calministrcuerit.</strong></span> 
     </span>
    </p>
   </div>
   <div class='ocr_carea' id='block_1_5' title="bbox 0 0 1954 6098">
    <p class='ocr_par' dir='ltr' id='par_1_5' title="bbox 0 0 1954 6098">
     <span class='ocr_line' id='line_1_62' title="bbox 0 0 1954 6098; baseline 0 0"><span class='ocrx_word' id='word_1_737' title='bbox 0 0 1954 6098; x_wconf 95' lang='lat' dir='ltr'><strong> </strong></span> 
     </span>
    </p>
   </div>
  </div>
 </body>
</html>
