3884 6084
76 288 121 349 ill
263 313 270 320 ·
667 278 878 344 utpcrslrlu
902 279 1158 379 restituatur.
1276 286 1279 290 ’
1565 227 1572 239 ·
1700 277 1773 343 seo

74 433 165 493 snper
183 412 351 492 opponitur.
363 412 515 491 Significat
538 411 617 472 euim
631 429 730 472 rerum
746 416 875 488 caputet
888 413 917 483 Α
932 412 968 473 de
982 428 1040 489 qno
1055 417 1086 474 et
1101 413 1170 472 olibi
1185 412 1301 489 legitur,
1316 411 1427 490 pupillo
1443 416 1471 472 ct
1485 413 1581 472 uidua
1594 417 1625 472 tn
1639 414 1697 473 eris
1712 415 1763 473 eo.

77 508 186 568 eternale
201 506 394 581 peincipium,
406 505 558 579 sicutipse
571 503 644 561 dixit
658 505 688 561 in
702 503 875 578 Evangelio:
929 507 1114 579 jutor‘(l'ccl.
1130 510 1181 574 rx).

74 602 129 671 drgo
155 596 333 670 principium
355 597 529 666 (loomin).
552 595 575 651 H
603 595 748 659 Psalmus‚
774 606 878 667 op'ere;
951 597 968 650 6
1005 600 1077 651 Doce
1092 597 1122 652 iu
1138 597 1194 652 loco
1208 603 1302 651 sancto
1316 610 1374 651 sco.

71 687 192 744 canticum
208 684 441 758 intelligentiam
465 683 573 740 mentis
597 682 879 755 significetcPsol·
1004 683 1247 741 ceus'intncirnre
1260 686 1327 756 [croit
1343 686 1523 741 crimineris
1538 685 1567 739 in
1582 683 1671 740 domo.
1769 724 1770 728 ,

69 790 117 830 nus
129 777 226 829 eutem
242 771 352 828 cantici
368 776 413 827 ost
425 776 469 842 (ut
480 772 544 843 jem
558 771 669 826 dictum
685 776 751 842 est),
763 773 813 845 qui
830 770 881 826 bu·
970 773 1080 828 CDeus
1096 773 1125 828 in
1142 773 1205 829 loco
1228 778 1328 829 sancto
1354 790 1417 841 suo,
1443 772 1680 830 subaudiendum
1705 779 1759 841 est,

72 878 140 918 nene
153 864 269 916 tentum
284 860 360 917 solet
374 877 442 916 voce
457 859 580 916 canteri.
935 861 986 933 qui
1000 860 1215 918 immutabilem
1232 865 1328 918 servat
1340 860 1524 930 sententium,
1537 865 1570 917 ut
1585 865 1704 918 sanctus
1715 863 1762 918 lir-

82 953 92 1007 l
121 950 256 1022 wcryot
270 955 342 1006 Deus
356 949 562 1022 ctdusipeotcr
579 950 691 1005 inimici
704 950 787 1022 ejus:
936 966 1004 1007 mus
1019 950 1205 1023 dicetur,qui
1229 954 1322 1007 mutat
1336 955 1480 1023 tempora,
1496 966 1555 1006 nou
1577 954 1672 1006 motat
1693 967 1761 1008 con·

120 1041 152 1095 Et
164 1040 277 1110 sapiunt
290 1040 340 1112 poi
354 1039 469 1094 odorent
484 1055 546 1094 euro
562 1055 580 1093 u
594 1040 666 1108 socie
680 1038 748 1110 ejus.
937 1038 1012 1095 silio.
1024 1039 1047 1094 ll
1063 1039 1113 1096 Vel
1131 1044 1206 1096 Deus
1224 1038 1254 1094 in
1278 1037 1341 1095 loco
1356 1041 1457 1095 sancto
1472 1054 1535 1105 suo,
1551 1036 1579 1093 ld
1596 1042 1641 1095 est
1663 1040 1763 1096 enims

94 1128 203 1186 Al’etit
216 1127 361 1200 Propheta
380 1127 623 1184 resurrectionem
644 1127 762 1194 Christi,
778 1127 808 1184 in
824 1144 883 1200 qua
937 1128 1025 1198 ssdeli,
1038 1128 1206 1201 ubicunque
1221 1127 1299 1184 enim
1324 1128 1467 1184 sanctitas
1480 1126 1587 1195 est,ibi
1609 1127 1761 1184 babitacu-

63 1218 265 1291 dissiparsntur
287 1217 459 1282 adversarii,
487 1215 597 1272 scilicet
620 1217 723 1272 Judaei.
745 1218 884 1291 Sequitur
937 1216 999 1273 lum
1016 1216 1064 1273 Dei
1087 1215 1207 1281 estoui
1233 1214 1398 1272 inhabitare
1427 1215 1497 1271 lecit
1523 1215 1553 1271 in
1576 1216 1714 1284 Ecclesia,
1732 1216 1762 1272 in

57 1306 260 1363 inestimabilis
275 1323 361 1380 poena
381 1306 606 1377 maledictionis,
627 1309 659 1361 ut
679 1306 714 1361 eb
729 1307 795 1378 ejus
809 1307 883 1363 lucie
939 1322 997 1379 qua
1012 1306 1135 1362 lideliler
1147 1304 1387 1373 consistentibus,
1401 1302 1536 1376 spiritum
1552 1303 1704 1361 cheritetis
1721 1305 1765 1364 in·

57 1396 168 1469 logium,
181 1396 269 1467 cujus
283 1396 393 1468 ubique
404 1400 594 1452 constatesse
612 1389 884 1467 prenitentiem.0ui
939 1395 1044 1465 fundit,
1061 1395 1112 1467 qui
1131 1395 1221 1450 unius
1245 1393 1336 1449 moris
1364 1396 1444 1458 sunt,
1460 1395 1489 1448 et
1517 1409 1574 1448 non
1601 1397 1779 1463 mutantur‚·

55 1485 168 1541 oderem
182 1501 263 1552 eum,
279 1501 329 1541 cos
355 1484 504 1557 significet
518 1485 568 1557 qui
594 1482 625 1540 in
652 1501 707 1540 sua
724 1484 886 1557 pertinacia
939 1485 1091 1557 Siquidem
1103 1485 1205 1556 justus
1216 1501 1274 1539 nun
1287 1486 1430 1541 mutetur.
1441 1481 1511 1553 quie
1522 1480 1611 1537 semel
1623 1481 1766 1553 judicavit

62 1574 260 1630 constiterant.
939 1572 969 1628 in
982 1573 1099 1644 justitia
1112 1590 1166 1629 sua
1178 1588 1359 1644 permanere.
1371 1571 1404 1626 ln
1414 1569 1534 1626 Hebraeo
1545 1585 1611 1625 vero
1621 1569 1764 1627 babetur:

77 1667 93 1718 2
123 1662 584 1736 Sicutdeficitscmucdeficiont:
808 1689 810 1692 ·
940 1662 1083 1718 Dominus
1099 1660 1262 1717 inhabitare
1284 1659 1354 1716 lecit
1375 1657 1536 1714 monachos
1551 1657 1590 1731 (id
1606 1657 1766 1715 estsolite-

117 1752 196 1809 Sicut
208 1753 274 1822 licit
287 1769 350 1809 coro
369 1754 471 1825 esoces
484 1755 558 1824 iperi
571 1755 611 1809 sic
623 1763 737 1826 pereunt
757 1761 880 1827 peccem·
941 1751 1010 1818 rios,
1028 1750 1089 1824 qui,
1105 1749 1217 1806 scilicet
1231 1747 1295 1813 soli,
1313 1747 1457 1821 segregati
1472 1751 1542 1804 sunt
1556 1764 1574 1804 e
1586 1746 1677 1814 vitiis,
1693 1752 1722 1804 et
1736 1747 1767 1804 in

124 1858 168 1897 roc
181 1858 200 1897 c
213 1842 287 1914 socie
301 1843 362 1899 Dei.
937 1840 1047 1914 quibus
1062 1856 1120 1895 non
1140 1836 1253 1894 habitet
1273 1837 1436 1910 peccatum)
1451 1835 1481 1892 ln
1497 1837 1595 1892 domo.
1611 1835 1767 1893 Solitarius

86 1931 474 1989 Gl'umusestsxllemma
494 1948 619 2006 surgens
641 1933 823 2006 corruptibili
839 1938 881 1990 te-
937 1928 1016 1987 enim
1042 1928 1192 1985 nwnoclcr
1221 1926 1439 1999 interpretatur,
1456 1929 1489 1982 ut
1517 1924 1556 1982 sit
1583 1922 1665 1982 solus
1683 1925 1766 1982 stab

68 2021 183 2077 nebross
196 2020 394 2092 conglobatio,
412 2036 477 2093 que
494 2025 639 2094 quantum
656 2021 723 2094 plus
737 2022 884 2081 extollitur
938 2018 1018 2075 omni
1034 2021 1151 2090 pecceto
1166 2015 1289 2072 divisus.

59 2113 160 2165 tantum
170 2107 320 2183 perinane
336 2109 541 2167 tenemurtsio
552 2115 718 2183 peccatores
729 2112 883 2184 producun
955 2110 973 2162 7
1008 2114 1035 2174 ÷
1055 2108 1108 2175 Qui
1128 2113 1135 2173 ζ
1156 2105 1364 2162 educitutoctcc
1378 2103 1587 2176 infortitudine
1602 2122 1611 2159 ε

58 2197 202 2255 fumiferas
212 2198 427 2272 actionesque
443 2198 510 2256 lieet
521 2200 558 2255 ed
570 2199 674 2256 altiora
686 2202 825 2273 superbia
840 2203 884 2258 la·
1010 2195 1145 2253 Similiter
1158 2211 1201 2252 eos
1215 2197 1265 2269 put
1287 2197 1453 2265 exasperent
1467 2194 1516 2267 qui
1529 2194 1654 2251 lectitari
1678 2195 1709 2250 in
1731 2209 1771 2251 cc·

59 2287 144 2344 ciente
154 2290 349 2360 consurgant,
359 2303 479 2346 necesse
489 2292 534 2344 est
544 2292 577 2344 ut
592 2290 622 2345 in
635 2307 690 2346 suu
705 2289 829 2348 elutione
838 2292 886 2348 de·
1045 2287 1161 2359 pulcris.

59 2377 158 2434 ficiunt.
170 2377 220 2434 Sin
238 2376 328 2432 etism
344 2377 499 2449 injudicio
514 2378 675 2450 depereunt
690 2385 855 2451 peccatores
870 2397 888 2436 e
976 2375 997 2431 C
1011 2375 1117 2431 Eduxit
1139 2373 1261 2442 vinctos,
1283 2373 1353 2446 quin
1379 2371 1496 2448 alligato
1521 2373 1636 2431 diabolo
1658 2373 1771 2432 vinctos

57 2467 122 2522 facie
137 2467 217 2538 ejns,
231 2466 484 2538 quemadmodum
495 2483 560 2522 ecre
573 2483 590 2522 a
603 2466 676 2523 secie
691 2468 768 2541 ignis
782 2485 888 2527 consu.
942 2465 979 2521 ab
1007 2464 1121 2520 interno
1148 2462 1292 2532 liberavit,
1304 2466 1333 2520 et
1364 2463 1400 2519 ed
1427 2463 1536 2537 gaudie
1561 2463 1660 2521 sterni
1689 2465 1772 2540 regni

59 2556 154 2612 mitur.
166 2555 234 2611 Non
250 2555 322 2611 dicit
341 2559 439 2612 sutem
454 2572 506 2613 eos
519 2555 653 2612 consumi
668 2574 754 2629 posse
768 2559 888 2633 penitus
942 2554 1072 2611 elevavit.
1097 2552 1240 2610 Similiter
1265 2569 1314 2610 eos
1342 2553 1392 2625 qui
1422 2556 1605 2626 exasperant,
1621 2553 1651 2610 id
1674 2559 1719 2611 est
1743 2555 1771 2610 ln
1888 2597 1890 2600 Α

56 2645 101 2717 qui
120 2643 352 2718 perpetuo-igne
376 2644 531 2716 torquendi
557 2645 700 2711 sunt-‚sed
717 2662 733 2700 e
749 2646 888 2703 lacieDei
944 2644 1016 2699 irem
1038 2646 1197 2715 provocent
1222 2643 1378 2697 [lominum
1408 2641 1602 2715 blasphemie.
1620 2644 1677 2718 lpsi
1703 2647 1773 2700 sunt

57 2732 510 2802 tollendos.ll[lereenim,lieet
525 2735 560 2789 ab
575 2733 793 2807 ignoscuntur,
806 2741 901 2792 netu·⁴
943 2733 992 2805 qui
1009 2732 1144 2788 habitent
1167 2730 1197 2786 in
1216 2729 1375 2802 sepulcris.
1392 2731 1422 2786 ld
1438 2734 1484 2787 cst
1502 2731 1554 2804 qui
1578 2731 1608 2787 in
1633 2730 1723 2790 fetide
1744 2736 1774 2790 et

56 2839 115 2878 ram
132 2839 194 2879 non
210 2821 316 2896 perdit,
328 2821 551 2894 ita'peccatores
566 2822 889 2897 mollescentepeocsti
943 2820 1052 2878 corneli
1069 2820 1181 2876 ectione
1193 2817 1299 2891 sepulti
1312 2821 1391 2875 sunt.
1403 2818 1426 2874 H
1439 2817 1489 2875 Vel
1499 2818 1614 2876 vinctos
1627 2819 1658 2876 in
1673 2837 1774 2895 pecce-

56 2910 162 2968 duritie
175 2914 206 2968 et
217 2911 383 2984 penitentia
401 2911 505 2979 duent,
520 2916 553 2968 ut
568 2911 727 2968 salventur.
943 2909 981 2966 tis
997 2909 1102 2982 ligatos
1119 2906 1227 2979 accipe.

69 3002 85 3056 3
119 3002 155 3057 st
172 3001 246 3074 iusti
257 3001 404 3075 eputentur
418 3002 594 3057 etcxcultent
608 3003 640 3057 in
655 3011 799 3074 rouperto
815 3006 889 3081 Dei:
959 3000 977 3054 8
1015 3001 1168 3064 beccum
1181 2995 1328 3066 accedero
1342 2997 1374 3052 ie
1388 3005 1530 3068 conspectu
1542 2999 1639 3071 populi
1653 3000 1718 3056 tui:

120 3091 157 3147 st
169 3089 341 3147 dckctmtar
353 3091 385 3145 io
400 3090 511 3148 teritio.
1016 3088 1083 3144 Cum
1095 3087 1292 3160 pertransieris
1306 3087 1335 3140 in
1350 3085 1464 3141 deserto.
1479 3087 1653 3159 Drepsclmc.

87 3178 376 3252 llEpulentnrJnsti
388 3179 439 3250 qui
455 3183 630 3252 permanent
644 3180 674 3235 in
693 3197 748 3237 sus
759 3158 926 3263 justitiae
970 3178 1002 3241 ,C
1017 3175 1171 3250 Egreditur
1192 3174 1271 3231 culm
1295 3189 1393 3231 00ΐᾶῐῦ
1418 3174 1535 3248 populo,
1547 3177 1666 3248 qnando
1691 3194 1774 3234 rccu-

58 3269 148 3342 etqui
161 3268 309 3325 vitianon
324 3266 444 3324 babent.
458 3270 637 3326 Delmtemur
652 3271 683 3325 in
697 3271 820 3328 Domino.
837 3272 892 3328 llx-
946 3266 1091 3324 scitentur
1114 3264 1165 3337 qul
1187 3264 1217 3319 in
1242 3262 1386 3335 sepulcris
1410 3263 1553 3320 hubitant.
1570 3264 1669 3338 lpsum
1693 3266 1773 3323 enirn

59 3356 167 3414 nullent
181 3357 214 3413 in
228 3360 386 3432 conspeetu
398 3357 459 3414 Dei.
471 3357 492 3414 G
503 3357 541 3414 Ut
555 3356 641 3414 illum
655 3375 743 3431 quem
758 3359 893 3433 hicjuste
946 3360 1101 3413 contuetur
1115 3352 1222 3418 fidelis,
1238 3353 1355 3425 quando
1377 3352 1408 3409 5¹1
1424 3351 1562 3434 operibup
1578 3354 1694 3428 magnis
1708 3357 1774 3429 ejus

58 3449 201 3513 metuont,
216 3445 314 3519 ipsius
328 3461 451 3502 munere
466 3445 663 3513 liberari,sub
682 3448 746 3519 ejus
760 3450 893 3522 potentia
947 3447 1084 3519 pietatem
1113 3442 1272 3516 cognoscit.
1296 3442 1512 3516 Transgressus
1545 3446 1590 3501 est
1616 3443 1647 3500 in
1675 3444 1775 3502 deser-

60 3536 214 3607 gsndesnt.
225 3535 258 3592 ln
270 3534 543 3608 lotitimquiedum
554 3533 686 3592 letitiam
697 3553 783 3593 suem
794 3538 893 3594 sciunt
947 3541 1021 3603 tum,
1038 3534 1155 3607 quando
1169 3533 1205 3588 ed
1227 3533 1328 3606 gentes
1350 3532 1439 3601 venit,
1456 3548 1530 3606 que,
1547 3532 1626 3590 velut
1646 3544 1774 3603 ommes,

60 3623 133 3679 nullo
148 3624 209 3680 fine
224 3623 432 3691 claudendum,
445 3622 566 3680 suevius
582 3628 612 3680 ln
628 3640 662 3680 ee
676 3623 869 3681 delectantur.
945 3622 1083 3681 desolate
1098 3641 1116 3678 e
1128 3623 1217 3679 verbo
1241 3621 1292 3678 Dei
1316 3621 1515 3679 reddebantur
1535 3621 1645 3690 eliens,
1662 3626 1691 3680 st
1703 3627 1775 3680 tunc
1870 3659 1873 3663 -

71 3713 85 3768 l
102 3714 222 3770 catate
235 3715 299 3779 Dec,
312 3713 452 3785 molinum
466 3711 551 3768 cete
565 3714 674 3769 nomini
688 3713 748 3786 rjus
763 3730 772 3768 .·
946 3712 1155 3787 (supplendum
1179 3711 1234 3784 est)
1254 3711 1373 3784 quondo
1398 3710 1459 3768 hec
1482 3711 1596 3782 leceris,
1611 3727 1774 3786 cognosce·

119 3803 177 3859 lter
189 3803 277 3873 sorite
294 3803 322 3857 ei
336 3803 386 3874 qui
401 3801 523 3857 accendit
537 3817 620 3874 super
635 3817 760 3859 occasum
773 3821 784 3857 .·
799 3804 890 3859 Domi·
946 3802 998 3860 ris.

160 3907 216 3946 use
231 3905 333 3947 nomen
346 3890 402 3946 illi.
963 3892 981 3948 9
1020 3894 1189 3949 terremotu
1202 3897 1242 3947 cst
1256 3897 1302 3955 .·÷
1319 3891 1421 3947 etenim
1441 3896 1449 3956 ζ
1466 3890 1528 3947 coti
1541 3890 1776 3950 dubitaveram

85 3979 228 4038 t'rfflntet
235 3977 316 4036 enim
327 3978 462 4047 Domino,
474 3978 598 4051 quietus
609 3979 885 4052 contemplationem
1051 3981 1124 4052 socie
1137 3980 1186 4034 Dei
1200 3979 1281 4034 Sinni
1295 3997 1304 4033 e

53 4085 125 4141 puro
136 4082 256 4142 πωρον
266 4072 297 4126 et
306 4066 386 4126 fideli
397 4068 498 4124 animo
509 4071 675 4124 contuetur.
686 4068 838 4126 Psalmum
850 4071 893 4125 di·
1017 4072 1035 4127 A
1051 4071 1124 4143 secie
1140 4070 1190 4124 Dei
1203 4068 1299 4123 lsrael.

54 4157 101 4226 cit,
117 4158 168 4230 qni
184 4172 273 4231 opere
287 4158 359 4214 iecit
372 4174 437 4231 qus
452 4155 501 4214 ille
517 4157 664 4230 precepit.
677 4157 734 4213 lter
750 4159 889 4241 leciteei,
981 4161 1101 4218 (l'lerre
1112 4160 1192 4213 mota
1203 4160 1256 4223 cst,
1268 4155 1296 4211 id
1314 4159 1359 4212 est
1373 4155 1480 4212 terreni
1496 4155 1632 4215 homines
1647 4158 1773 4216 videndo

53 4245 145 4302 idest
158 4246 248 4303 corde
262 4248 360 4302 vestre
375 4243 701 4318 purillcstapreparete
711 4262 776 4318 que
789 4246 891 4322 digne-
946 4255 1006 4307 tam
1022 4265 1131 4321 magne
1151 4244 1293 4301 miracula
1316 4244 1512 4302 crediderunt.
1524 4244 1591 4303 Coeli
1614 4246 1772 4305 distillave-

51 4337 100 4390 tnr
116 4338 195 4391 Deus
208 4334 342 4401 introire,
354 4334 405 4407 qui
430 4333 564 4391 escendit
585 4349 674 4406 super
697 4351 847 4393 occasum.
863 4336 888 4393 H
945 4343 1024 4396 runt.
1036 4338 1059 4393 H
1070 4336 1187 4392 Scilicet
1196 4349 1315 4390 menne.
1328 4333 1419 4401 Sinni,
1430 4333 1640 4408 interpretatur
1648 4339 1771 4395 oeutstio.

49 4423 172 4481 Scilicet
185 4423 302 4492 mortis,
314 4427 345 4481 et
357 4423 450 4480 victor
469 4423 610 4480 remeavit
624 4439 658 4480 ex
673 4422 797 4481 intorno.
808 4425 830 4482 G
842 4425 890 4480 Di·
944 4430 965 4486 G
982 4430 1036 4499 Qui
1057 4426 1187 4498 firmauit,
1204 4423 1312 4496 quando
1326 4424 1367 4480 ibi
1381 4424 1481 4498 Moyses
1497 4427 1530 4481 io
1543 4425 1650 4484 ductus
1672 4428 1775 4485 tabulis

52 4511 92 4567 eit
103 4528 111 4567 :
124 4508 270 4569 Dominus
278 4526 387 4571 nomen
399 4511 452 4581 llll,
466 4516 500 4568 ut
514 4528 601 4571 nemo
617 4512 774 4580 dubitemt,
786 4513 885 4570 Domi·
900 4532 924 4598 Ι)
940 4524 1026 4592 sepem
1039 4516 1152 4588 occepit.
1168 4514 1237 4570 lter
1256 4513 1304 4570 ille
1323 4515 1373 4586 pei
1393 4521 1459 4570 tunc
1480 4514 1627 4573 ludoicum
1640 4518 1774 4592 populum

52 4617 128 4657 num
142 4598 397 4658 emsahstorem
408 4600 648 4672 stlleum‚qusm
662 4599 755 4657 iudei
765 4606 798 4658 nt
808 4617 886 4658 com·
936 4607 1121 4683 presencie
1140 4603 1252 4672 decerto
1269 4602 1349 4659 tedio
1368 4603 1400 4659 io
1421 4601 1572 4676 Eccupclio
1585 4604 1694 4663 &certe
1706 4623 1773 4678 pen-
1848 4594 1857 4602 ”

56 4703 179 4745 munem
194 4688 345 4746 hominem
359 4689 552 4747 occidendum
567 4690 721 4762 putabunt.
944 4699 1015 4754 tium
1028 4694 1162 4759 obticuit.
1177 4699 1204 4749 ct
1217 4693 1266 4765 qui
1284 4699 1349 4749 tunc
1368 4709 1482 4763 monne,
1498 4694 1548 4751 itte
1561 4694 1640 4751 lodie
1653 4697 1774 4768 corperis

70 4780 90 4834 6
126 4787 156 4850 y
173 4779 209 4834 Et
224 4785 234 4846 ζ
252 4779 389 4837 malicie
409 4781 441 4835 in
454 4787 597 4853 compecto
608 4780 722 4852 ejcr:÷
740 4780 890 4839 ceraton·
943 4786 1139 4858 canonicoque
1152 4796 1258 4837 manco
1272 4781 1356 4838 dedit.

164 4872 215 4922 tor
225 4883 246 4922 c
258 4868 332 4940 soce
341 4867 403 4940 sicr
419 4873 427 4935 ζ
449 4883 456 4923 :
945 4876 979 4931 10
1015 4872 1144 4930 Plocium
1158 4870 1345 4925 rolcrmriom
1357 4870 1519 4941 caprenciis
1530 4871 1601 4927 oeus
1615 4869 1773 4929 taereditoti

128 4955 573 5030 consummatissimus
586 4956 745 5012 uiduarum.
1051 4964 1217 5024 eam-,³122
1237 4957 1480 5028 :infirmatatem

88 5044 111 5100 C
128 5043 280 5101 Exsultare
294 5062 354 5102 non
377 5046 409 5103 in
430 5045 522 5119 bajus
536 5045 636 5102 seculi
651 5046 762 5102 cedccs
777 5044 887 5118 letitia,
1016 5053 1094 5117 To÷
1112 5062 1175 5104 uero
1196 5052 1203 5112 ζ
1217 5047 1395 5118 persecuti-1·
1411 5062 1472 5103 eom
1491 5054 1498 5116 ζ
1521 5063 1528 5103 :

54 5134 105 5189 sed
121 5134 151 5189 in
166 5138 328 5207 conspeetu
343 5134 417 5206 ejus,
432 5135 484 5191 ubi
502 5139 552 5192 est
568 5133 680 5209 jugiter
694 5151 762 5192 vers
776 5135 887 5194 letitia.
979 5141 1000 5196 C
1015 5137 1138 5212 Exponit
1161 5132 1234 5190 illud
1259 5133 1338 5206 quod
1358 5135 1422 5206 jem
1447 5134 1543 5193 dixit:
1559 5137 1623 5196 cosli
1647 5137 1770 5200 distille-

59 5222 184 5279 'l'nrbsti
198 5227 298 5280 subm
313 5228 343 5281 et
361 5221 487 5281 nimium
501 5225 706 5296 formidantes,
717 5242 735 5280 a
748 5225 822 5283 lacis
836 5226 888 5283 Dei
942 5233 1056 5288 verunt.
1073 5225 1174 5284 Pluvia
1199 5222 1365 5280 voluntaria
1392 5224 1467 5297 ipse,
1487 5225 1544 5285 luit
1571 5224 1691 5298 menna}
1711 5245 1770 5286 non

56 5311 312 5387 experimur-(qni
322 5312 471 5388 orphanos
480 5318 509 5372 et
518 5313 634 5382 viduos,
644 5329 719 5371 scere
729 5315 888 5387 cupiditate
941 5321 999 5377 iste
1020 5333 1083 5392 que
1108 5313 1281 5389 generelitcr
1304 5312 1412 5387 ubique
1436 5315 1714 5386 diffundituronod
1728 5336 1772 5377 se·

54 5399 229 5479 dilacerent)
243 5416 312 5459 cum
333 5403 500 5462 sudierint:
515 5405 558 5462 lte
573 5405 602 5461 in
618 5405 718 5478 ignem
734 5408 885 5462 eternum.
940 5407 1081 5484 gregavit,
1098 5403 1167 5478 quia
1190 5419 1247 5458 non
1272 5401 1328 5459 boc
1352 5401 1419 5460 aliis
1441 5407 1578 5478 gentibus
1602 5407 1690 5465 dedit.
1706 5408 1768 5465 lle·

53 5490 235 5555 Qnisautsm
249 5493 290 5549 sit
303 5492 369 5562 iste,
381 5511 399 5550 a
412 5495 497 5568 cujus
512 5494 585 5551 lacis
595 5493 789 5566 expelluntur,
802 5511 887 5568 expo·
941 5497 1050 5554 reditas
1071 5494 1164 5567 ipsius
1187 5492 1252 5556 lull,
1277 5491 1403 5565 populus
1428 5493 1625 5567 chraeorum‚
1641 5514 1707 5568 qus
1730 5497 1766 5553 ad

55 5579 108 5649 nit,
118 5581 149 5638 id
165 5586 212 5639 est
224 5577 322 5655 petris
332 5583 533 5658 orphanorum
548 5588 577 5643 et
594 5583 704 5655 judicis
718 5583 884 5643 viduarum.
940 5591 1057 5660 tempus
1074 5583 1222 5640 infirmate
1245 5585 1299 5650 cst,
1315 5581 1439 5641 Domino
1464 5584 1586 5644 minime
1610 5586 1767 5656 credendo,
