3900 6098
721 228 940 299 EPIS'POLAE.
1618 240 1681 319 '¹122

85 358 249 432 sideralioc
263 386 344 447 ergo,
368 368 429 428 rita
452 365 541 427 nobis
569 364 701 436 comite,
725 366 800 424 dum
814 366 843 437 Α
856 371 961 445 spicere
972 377 1041 446 neti,
1066 395 1152 454 usqae
1177 380 1314 455 [αιίφειϊι
1339 379 1404 440 dam
1432 382 1468 443 ci
1489 400 1520 445 eo
1542 390 1679 463 argiaris.

86 480 125 521 us
139 464 274 537 perlicere
288 453 652 534 quibo,gratulabundus
664 474 716 515 vas
726 455 801 515 facie
856 460 959 522 Adhuc
973 483 1099 543 namque
1114 468 1189 528 inter
1202 488 1284 545 spem
1299 475 1329 531 et
1352 477 1463 531 metum
1487 476 1611 549 positus,
1625 494 1678 553 pro

85 570 105 611 n
120 552 240 611 visurus
253 550 351 608 adibo.
855 557 1018 634 vestrarum
1034 575 1130 615 rerum
1146 564 1224 617 statu
1234 560 1313 617 hune
1324 550 1677 639 brevemvobismittens,

247 656 424 715 gpps‘pogg
443 656 477 713 11,
854 643 1005 704 veritatem
1020 663 1191 721 cognoscere
1205 649 1290 723 cupio
1305 650 1457 725 praesentis
1466 640 1555 727 legati
1571 655 1677 714 relatu.

222 763 257 805 A„
274 762 316 802 w·
336 761 507 804 mmm,
854 726 972 806 igoma
986 734 1048 809 ipse
1064 736 1204 794 nimirum
1219 754 1278 795 non
1293 740 1442 797 dillerrem
1456 758 1507 800 ves
1528 742 1635 812 videre,
1652 746 1678 803 si

87 840 240 913 mmm,
254 851 367 893 moram
392 850 503 893 ,nomm
524 831 560 886 in
581 839 728 888 certorum
751 848 799 889 ω.
853 819 971 895 aliquod
987 824 1137 882 eharitatis
1162 827 1271 909 pignus
1293 831 1395 907 vestrae
1417 826 1542 887 almitati
1558 849 1677 904 possem

213 910 303 965 diem
317 907 524 980 perscriptione.
852 912 1020 982 praeberent
1032 914 1088 971 nisi
1103 932 1156 988 pro
1171 914 1342 972 adillcandc
1365 917 1395 974 S.
1412 917 1524 982 Quirini
1544 920 1677 978 coenobio

85 1016 103 1057 o
130 997 260 1073 pontillci
282 998 338 1052 W.
361 995 494 1052 omnium
516 989 629 1065 jubare
654 993 795 1050 virtutum
850 1016 947 1057 essem
963 1006 1131 1077 occupatus,
1147 1008 1246 1077 atque,
1263 1005 1500 1064 ntvob'isnoturb
1514 1009 1677 1078 estnimie·

91 1086 268 1161 cunctisque
282 1083 316 1140 in
340 1086 429 1142 domo
441 1080 557 1142 Domini
577 1082 687 1155 positis
702 1083 797 1139 instar
849 1089 908 1146 tate
922 1092 1103 1164 paupertatis
1115 1093 1246 1167 undiquc
1261 1093 1508 1153 circumvallatus.

85 1176 166 1243 enti,
182 1176 212 1233 S.
227 1173 276 1232 Dei
290 1172 393 1246 gratia
405 1174 435 1229 in
450 1171 660 1246 'tegrinseensi
673 1170 794 1246 collegio
1139 1198 1315 1257 gpngghq
1333 1200 1380 1257 qv·

85 1280 174 1323 mons
192 1261 317 1334 abbatis,
344 1280 406 1319 una
429 1278 498 1318 cum
521 1260 665 1333 subjectis
683 1259 795 1334 jugiter
1042 1305 1079 1345 ΑΒ
1095 1291 1245 1345 nmmum
1258 1305 1474 1347 mmmm·
1540 1290 1542 1295 ,

85 1354 112 1411 ’ω
127 1357 255 1426 umque
269 1350 392 1408 hmine
416 1351 551 1423 P⁰f³¹¹¹¹³⁸
576 1348 686 1423 gaudia
702 1348 792 1405 sm·
849 1374 931 1431 litam
958 1384 1036 1447 repat
1061 1385 1089 1433 et
1114 1378 1264 1434 obtestetur
1288 1394 1324 1435 ae
1345 1380 1543 1436 moamtertum
1558 1378 1676 1451 ledern-

882 1462 975 1503 scenee
988 1448 1043 1503 alli
1057 1450 1088 1504 in
1108 1450 1269 1519 benficium
1292 1449 1428 1517 sammai,
1454 1452 1486 1506 ιιι·
1508 1453 1602 1508 omnia
1624 1468 1674 1508 sce

85 1546 107 1589 n
121 1530 219 1591 Deum
232 1530 344 1599 invoco,
361 1528 468 1603 presul
484 1527 684 1598 dilectissime,
698 1518 790 1601 quod,
883 1518 1085 1578 indwlriaetctt
1093 1521 1204 1592 pietatis
1215 1536 1297 1592 opero
1310 1520 1379 1577 velit
1391 1521 1510 1577 diruere}

103 1618 187 1687 mro,
209 1618 327 1691 semper
355 1618 439 1675 vobis
466 1617 622 1691 omnigena
652 1619 791 1673 servituto
882 1624 1076 1681 laviotissimo
1091 1625 1290 1683 Romanorum
1306 1626 1621 1701 imperatoriliugnsto
1636 1628 1672 1685 li.

85 1707 344 1783 idnpinicmnium
359 1707 516 1767 hominum
531 1707 731 1765 devotissime.
747 1710 789 1764 Ad
846 1712 965 1786 speciali
980 1713 1122 1771 virtmuin
1137 1714 1367 1789 diademateprss
1378 1714 1613 1773 liliislromintrm
1623 1716 1672 1773 ie·

85 1812 122 1855 m
136 1813 205 1855 cum
221 1795 362 1854 iratribus
373 1797 448 1854 mais
459 1801 518 1854 toto
529 1796 626 1854 cordis
636 1798 790 1854 conanime
846 1805 945 1871 nusto,
961 1803 991 1859 S.
1007 1818 1099 1876 supra
1123 1802 1245 1875 Legium
1270 1802 1302 1875 [s.
1319 1802 1497 1876 eollegium],
1510 1804 1541 1860 S.
1555 1804 1672 1872 Quirini

85 1888 157 1943 nter
171 1882 312 1959 deprecor
325 1890 420 1942 Deam
434 1903 488 1960 pro
508 1887 603 1944 salute
624 1884 712 1942 vestri
728 1902 790 1943 cor·
845 1890 1128 1948 administratorium
1153 1902 1258 1963 gerens
1272 1894 1383 1949 statam
1403 1892 1463 1948 nna
1476 1894 1671 1962 camertem,

97 1973 224 2049 anima.
256 1974 414 2048 Magnifica
441 1974 533 2049 igitur
561 1992 697 2045 munera,
726 1991 789 2047 qna
845 1983 911 2053 post
925 1979 1089 2054 longarum
1105 1966 1198 2037 lelicis
1208 1979 1324 2053 imperii
1336 1980 1534 2054 principatum
1545 1980 1672 2039 coelestis

85 2080 121 2121 ar
134 2061 315 2121 exhibuistis
330 2067 434 2121 sancto
444 2064 701 2138 Quirin0,penitus
713 2080 791 2121 com·
844 2069 931 2124 curiae
946 2071 1092 2126 sanatum.

85 2150 154 2229 lunt
169 2168 222 2211 nos
237 2151 354 2210 Christo
369 2154 537 2227 supplicare
548 2171 601 2228 pro
613 2152 790 2220 vobis,velut
880 2157 953 2224 Quia
967 2168 1110 2231 pauperes
1125 2161 1154 2213 et
1168 2156 1251 2230 egeni
1267 2168 1423 2215 numerum
1446 2158 1618 2215 excedentes
1633 2160 1671 2216 ad

85 2240 117 2321 ili
132 2240 242 2299 diuino.
257 2240 368 2325 Verum
383 2242 560 2316 suppliciter
574 2242 675 2317 flagito
686 2247 788 2299 vestrae
842 2250 1024 2304 voscurrnnt
1032 2245 1063 2303 in
1072 2244 1198 2302 miseriis
1209 2262 1268 2302 sure
1277 2245 1500 2313 calamitatis‚sc
1510 2255 1563 2318 pr'o'
1570 2256 1673 2304 amore

85 2330 153 2389 'iam
166 2330 315 2400 bonitatis,
332 2347 370 2387 ne
384 2330 513 2405 aliquam
525 2332 637 2391 mentis
651 2331 788 2389 ollensio·
843 2337 908 2409 ejus
923 2335 974 2409 qui
988 2350 1039 2391 vos
1050 2333 1105 2391 sibi
1120 2334 1150 2389 in
1166 2333 1295 2391 Ecclesia
1309 2333 1451 2391 vicarium
1473 2332 1591 2407 delegit,
1606 2350 1671 2392 om-

85 2419 414 2497 tra-meumcnenobium
421 2422 530 2494 geratis
544 2438 665 2480 moroso
676 2424 788 2494 tempo
842 2425 931 2481 nibus
945 2423 993 2480 his
1004 2420 1179 2497 patrissatis,
1197 2422 1233 2477 ob
1249 2422 1278 2477 id
1294 2425 1323 2479 et
1338 2421 1458 2495 nos,qui
1468 2421 1671 2495 mundoob'je·

85 2506 250 2589 dalininibi
265 2525 324 2587 nen
340 2511 412 2565 sunt
425 2508 522 2566 adbuc
547 2508 704 2585 prescripti
720 2508 786 2565 libri
842 2512 891 2581 eti,
908 2526 994 2586 grave
1017 2509 1198 2585 paupertatis
1221 2526 1297 2568 onus
1321 2508 1499 2582 subivimus,
1513 2509 1545 2566 in
1568 2512 1672 2570 nostra

85 2595 360 2679 italabatis.Sadula
375 2613 443 2670 ergo
458 2596 518 2656 illic
539 2596 720 2675 permutatio
735 2599 786 2655 ab·
841 2616 972 2658 erumna
983 2601 1020 2658 sd
1027 2604 1129 2659 vestrae
1139 2599 1281 2656 almitatis
1293 2599 1516 2673 asylum,Gatear
1524 2596 1670 2673 piissime,

85 2702 193 2745 ,senon
204 2703 257 2761 pro
267 2685 392 2743 diversis
406 2687 570 2745 scribendis
585 2686 787 2744 voluminibus
841 2688 1039 2763 confugimus.
1055 2689 1128 2744 Nam
1146 2691 1212 2760 post
1227 2688 1320 2745 Deum
1335 2684 1495 2745 cumomni
1513 2685 1670 2758 solamine,

85 2775 141 2833 eris
164 2775 340 2833 mandatum
364 2774 448 2831 valde
469 2776 638 2850 impediunt
657 2775 785 2833 votivum
840 2780 960 2850 excepto
983 2782 1257 2845 vestro,careamns,
1278 2780 1385 2833 nostrae
1405 2774 1556 2849 religionis
1579 2779 1670 2849 atque

103 2862 301 2923 ministrando
325 2864 504 2922 desiderium
530 2867 703 2924 eorumdem
727 2866 785 2922 sna·
841 2866 947 2924 salutis
961 2866 1170 2922 detrimentum
1185 2864 1394 2933 acceleramus,
1410 2863 1475 2920 siln
1491 2863 1602 2922 nostris
1615 2864 1672 2922 Do·

350 3023 355 3035 ¹
840 2956 922 3014 mine
936 2954 1073 3029 precibus
1082 2954 1349 3011 vescemmendara
1359 2964 1492 3026 unquam
1501 2966 1667 3011 cessamus.

248 3040 425 3100 llPlS'l'OLA
439 3041 489 3098 111.
841 3047 903 3111 Qua
917 3045 954 3101 de
968 3050 1000 3101 ιο
1014 3050 1067 3118 pio
1082 3046 1162 3099 certo
1171 3042 1284 3111 scitote,
1301 3043 1332 3098 in
1347 3056 1436 3115 regno
1456 3040 1606 3098 neminem
1620 3058 1669 3100 vs-

85 3146 181 3189 arcsars
204 3148 349 3197 asserant,
372 3147 410 3187 ur
433 3148 567 3204 unsrun,
588 3148 782 3189 wrnsanuunr.
799 3117 821 3184 G
841 3138 902 3192 stro
916 3133 1091 3191 commorari
1108 3131 1159 3204 qul
1173 3128 1509 3204 plusnobisgliscatdie
1520 3130 1670 3204 noctuque

85 3222 150 3277 brat
162 3221 294 3277 miseram
308 3220 452 3277 Fctdcnais
466 3222 589 3278 aetesiae
603 3224 716 3277 stetu-m.
840 3221 1012 3296 lacrymosis
1026 3210 1186 3296 gemitibus
1197 3236 1250 3292 pro
1264 3219 1394 3292 longaeva
1407 3213 1611 3277 incolumitate
1620 3236 1669 3278 ve·

85 3308 163 3365 ando
177 3309 275 3365 abbati
293 3314 321 3375 †,
337 3307 519 3365 diversarum
538 3309 683 3366 virtutum
706 3309 784 3366 iloni-
840 3314 902 3368 stra
923 3309 1072 3367 Christum
1088 3308 1248 3382 deprecari,
1266 3312 1297 3365 et
1314 3312 1347 3364 nt
1361 3308 1398 3364 de
1413 3306 1484 3365 eaelo
1499 3321 1566 3381 pax,
1582 3308 1670 3366 victo

85 3395 459 3471 ntespreeetlentiahbates
470 3396 580 3453 nostris
592 3397 783 3471 temporibus,
839 3399 941 3472 risque
954 3398 1038 3455 robis
1062 3397 1294 3468 administretur,
1312 3410 1348 3454 ne
1364 3394 1507 3453 securitas
1527 3395 1669 3454 Christia-

85 3484 259 3543 cirocabulo
270 3485 398 3558 pastoris
417 3485 623 3558 'l'egrinscensi
635 3484 701 3542 ovili
715 3503 786 3559 pra·
841 3487 941 3545 nitatis
957 3486 1018 3545 ulls
1031 3486 1175 3544 bellorum
1190 3489 1365 3561 tempestate
1380 3485 1542 3561 quatiatur.

85 3591 123 3632 na
136 3591 204 3632 cum
219 3576 320 3631 cedem
332 3574 444 3648 jugiter
454 3575 564 3631 orando
575 3574 701 3632 coeleetis
711 3592 784 3649 gau·
876 3576 984 3653 Verum
1017 3576 1137 3634 sinister
1175 3591 1276 3631 rumor
1313 3573 1499 3631 conturbavit
1536 3578 1668 3632 nestram

85 3668 148 3721 tus.
840 3666 943 3723 orandi
958 3665 1161 3730 intentionem,
1173 3662 1259 3719 nobis
1272 3660 1489 3721 amarissimam
1502 3660 1667 3720 intimando

85 3769 152 3827 ique
166 3753 253 3810 vestri
268 3753 397 3810 bominis
422 3754 596 3827 proiectum,
609 3754 693 3810 Pater
716 3753 785 3810 cha·
839 3755 1081 3812 lamentationem
1097 3770 1104 3808 :
1120 3770 1172 3809 vos
1196 3751 1307 3809 scilieet
1322 3753 1401 3809 istud
1415 3751 1488 3809 velle
1502 3750 1667 3809 caenobium

101 3843 139 3901 ed
155 3842 306 3917 proprium
317 3840 389 3899 valle
404 3842 434 3898 in
449 3842 572 3898 Domino
588 3858 705 3916 semper
719 3859 785 3914 pro·
841 3845 954 3901 tradere
969 3845 1000 3900 in
1015 3842 1242 3914 beneficium,sd
1258 3846 1365 3898 nostra
1388 3840 1556 3915 exiguitatis
1571 3840 1667 3897 inoes-

85 3948 145 3989 non
159 3948 240 3989 cessa
254 3949 408 4009 proposse
420 3948 454 3988 ac
469 3949 556 3988 nosse
581 3931 692 3988 intimis
713 3948 785 4004 prae-
841 3932 934 3989 sabile
949 3931 1128 4006 supplicium
1141 3929 1185 3986 vel
1196 3929 1358 4002 justitium.
1373 3929 1403 3983 si
1418 3945 1486 3984 vere
1502 3929 1574 3984 istos
1590 3926 1668 3984 ullus

85 4036 127 4079 rm
140 4020 278 4094 suspiriis
302 4019 524 4094 deprecariScd
542 4036 600 4076 nen
617 4019 681 4076 sine
696 4020 787 4093 lucry-
841 4019 1001 4078 coenobitas
1016 4019 1145 4076 vindicat
1160 4018 1189 4074 in
1206 4017 1517 4091 servitutem,prolecto
1529 4016 1578 4073 bic
1597 4016 1668 4073 deil-

85 4126 155 4167 sum
180 4109 275 4167 dicere
299 4112 443 4183 quantum
466 4126 513 4164 me
528 4110 608 4164 lama
633 4109 668 4166 de
680 4109 786 4166 vestris
842 4111 898 4166 ciot
912 4125 998 4167 omne
1013 4107 1129 4166 artilicii
1154 4107 1335 4175 exercitium,
1357 4104 1427 4178 quia
1441 4103 1577 4177 posthinc
1593 4120 1668 4176 quoe

85 4214 95 4255 ι
109 4188 194 4257 triete
205 4198 342 4256 nuntium
355 4200 475 4271 pontana
490 4196 564 4254 solet
578 4197 703 4254 allicere.
728 4199 786 4255 Du·
843 4198 929 4255 taedet
942 4195 1165 4265 vivere,nullum
1180 4194 1227 4252 his
1241 4191 1420 4252 desiderium
1431 4198 1476 4250 est
1485 4192 1606 4267 pingere
1618 4196 1670 4249 adt

85 4286 129 4369 im
148 4287 275 4361 comperi
288 4284 500 4345 monasterinm
523 4290 552 4340 S.
569 4285 709 4344 Bonilncii
725 4303 786 4342 om·
842 4286 1034 4343 scriberessed
1051 4286 1108 4341 buc
1122 4283 1250 4356 illucque
1265 4283 1480 4356 dispergentur,
1495 4278 1532 4337 n'e
1556 4279 1668 4354 aliquid

85 4374 250 4433 eclesiarum
263 4374 416 4449 speculum
428 4374 569 4431 hactenus
576 4376 644 4447 jure
656 4376 788 4432 nomina·
843 4369 1669 4446 adedificationemspiritualemoperenturlstudquippe

85 4480 118 4521 nc
131 4480 200 4521 cum
223 4463 370 4538 contiguis
394 4463 523 4519 adificiis
540 4480 604 4520 esse
619 4480 787 4520 concrema·
802 4487 826 4550 D
846 4463 1056 4521 monasterium
1078 4463 1106 4519 in
1122 4461 1177 4519 hac
1191 4459 1339 4534 provincia
1353 4458 1606 4532 antiquissimum,
1620 4475 1668 4514 va·

85 4568 182 4627 cergo
192 4552 305 4609 cunctis
320 4551 564 4625 cognoscentibus
584 4557 629 4608 est
649 4552 789 4609 lamenta·
843 4552 944 4626 rieqne
959 4552 1108 4626 quondam
1124 4556 1229 4607 ornatu
1244 4548 1610 4623 splendidissimum,sicut
1624 4563 1668 4605 re-

86 4642 96 4699 i
123 4645 153 4699 ct
168 4644 269 4715 optant
294 4640 389 4715 gratia
413 4640 464 4696 Dei
491 4640 589 4713 ipsum
613 4642 788 4714 quandoque
842 4641 902 4714 gali
917 4637 1593 4713 auctoritate,legilimadonatumestlibcrtnte
1607 4636 1669 4708 pri-

98 4730 203 4788 decore
219 4731 279 4787 lieri
295 4728 468 4804 reparabile.
484 4730 615 4786 Necdum
636 4734 704 4787 reio
718 4730 788 4787 hine
843 4731 900 4787 mis
916 4732 1048 4803 ejusdem
1065 4727 1326 4786 intervenientibus
1344 4726 1560 4795 fundatoribus,
1577 4724 1619 4780 sic
1634 4723 1668 4779 li·

85 4818 157 4877 mibi
172 4819 306 4894 lacryma
317 4822 401 4875 erant
415 4818 539 4886 siccata,
556 4819 699 4876 etiterum
716 4819 787 4875 sini·
842 4820 995 4876 beraeam
1014 4817 1174 4892 privilegiis
1188 4816 1355 4873 conditione
1377 4814 1569 4872 sublimatum
1594 4816 1670 4869 csta

85 4926 139 4966 nor
152 4908 251 4966 attulit
265 4925 316 4964 vos
331 4912 412 4981 peste
424 4907 576 4980 turgidum
588 4908 651 4979 jam
669 4909 697 4965 in
714 4925 787 4964 mor·
840 4906 1206 4974 vestrisnnteeessoribus.

93 4997 251 5056 vicinitate.
266 4996 376 5054 Verum
400 4997 436 5053 ad
463 4997 524 5053 haic
538 4997 701 5054 infortunia
714 4999 786 5054 dum
877 5003 961 5055 Nunc
974 4997 1064 5071 igitur
1077 4990 1436 5069 elllagitamusipsumqui
1449 4990 1478 5046 in
1490 4993 1670 5047 manutenet

91 5084 240 5163 cerperale
249 5086 388 5144 solatium
402 5085 538 5141 exhibere
552 5085 634 5141 vobis
643 5086 687 5142 vel
700 5086 789 5143 medi·
844 5106 898 5144 suu
913 5085 1045 5144 emnium
1062 5083 1149 5141 corda
1162 5100 1275 5157 regum,
1292 5080 1438 5154 quatenus
1452 5079 1533 5136 cordi
1547 5077 1671 5153 inspiret

84 5172 320 5251 nui,suppllcans
335 5166 449 5232 tantum
464 5173 578 5231 Christo
594 5192 646 5246 pru
660 5176 788 5231 remedio
842 5183 939 5234 vestro
958 5193 1016 5232 non
1040 5189 1177 5248 spernere
1203 5176 1369 5228 nostrarum
1391 5168 1592 5227 humilitatem
1608 5185 1670 5243 pre-

85 5254 154 5322 titud
169 5265 257 5322 etiam
272 5262 501 5321 consolatorium
512 5264 605 5318 sancti
616 5262 715 5319 laeebi
727 5282 790 5335 pro·
843 5283 921 5321 curn.
935 5264 1130 5321 obsecramus
1154 5260 1273 5334 quidem
1297 5258 1618 5333 luctuosisgemitibus
1633 5258 1669 5314 ob

85 5357 257 5411 coementum
275 5371 281 5408 :
300 5352 384 5409 Omne
397 5352 530 5425 peculiam
544 5353 707 5419 cristiinnlc,
724 5353 789 5408 itam
843 5355 908 5425 cJus
923 5352 1051 5408 nominis
1066 5347 1537 5422 sanctitudinem,qnivos,regum
1549 5348 1669 5421 optime,

85 5436 168 5500 dom
181 5445 271 5500 nanas
293 5442 463 5509 incideritis;
478 5441 548 5496 dum
574 5445 602 5495 el
624 5439 696 5496 alias
715 5441 789 5496 scri·
844 5444 880 5498 ad
895 5446 1005 5498 tantam
1021 5440 1157 5515 perduxit
1181 5438 1396 5505 celsitudinem,
1413 5455 1465 5495 seu
1489 5442 1607 5510 propter
1623 5453 1670 5509 pa-

85 5541 143 5587 osee
165 5531 321 5591 noveritis:
338 5530 394 5588 Fili
415 5529 591 5602 disciplinam
612 5530 722 5586 Domini
743 5529 789 5603 dc-
846 5537 962 5589 rentum
992 5534 1166 5599 aestrorum,
1185 5527 1333 5603 vestrique
1358 5525 1556 5601 elemosynam
1583 5529 1670 5597 atque
