3884 6084
116 260 181 320 ute
572 253 604 316 S.
627 249 826 315 BRUNONIS
849 246 1162 311 HlllilthOLllNSlS
1183 243 1372 313 sersaoni.
1770 248 1833 309 260

122 393 204 455 dixit,
223 394 255 447 ut
270 389 405 446 effectum
422 387 525 444 mortis
546 387 723 453 ostenderet,
738 398 826 458 quem
850 383 946 440 crucis
960 381 989 451 Α
1003 398 1190 456 nequaquam
1206 382 1311 440 redimi
1335 362 1504 458 poteramus
1526 381 1654 438 obnoxii.
1669 380 1733 437 Non
1752 379 1833 438 enim

121 482 289 556 dignatione
315 476 454 550 suscepit.
476 475 697 549 Exprobrnbant
720 472 808 530 ctiam
836 472 914 529 Patri
939 487 946 528 ε
1001 488 1090 545 parva
1105 471 1306 531 misericordia
1321 471 1387 542 fuit,
1403 475 1544 548 quatum
1559 468 1689 545 ingentia
1713 475 1836 544 peccata

121 588 188 627 cnm
203 569 352 626 Christum
367 565 497 624 dicerent
509 563 619 638 loseph
635 562 710 621 fabri
725 578 789 620 essa
802 560 948 630 fllium,et
1001 561 1161 636 superauit.
1177 560 1287 620 Exaudi
1302 578 1360 629 me,
1385 565 1468 636 rogat
1493 560 1618 629 Patrem,
1642 575 1702 617 non
1726 563 1836 618 natura

120 658 298 718 demonium
322 655 413 712 habes
439 655 549 728 (11111111.
564 657 637 724 run),
653 651 844 727 opprobrium
868 650 948 708 enim
1001 650 1193 725 deitatisque
1207 649 1234 707 ei
1249 650 1371 724 equalis
1386 655 1431 708 est
1448 666 1455 705 ι
1472 650 1524 707 sod
1539 665 1575 707 ex
1589 648 1763 707 infirmitate
1777 647 1834 707 bu·

121 747 193 806 Filio
208 747 331 813 dictum,
347 742 422 801 redit
435 742 465 799 in
477 743 603 800 Patrem.
839 782 844 789 ,
1002 755 1099 797 mana.
1115 740 1146 795 in
1162 756 1221 812 qua
1235 738 1332 795 minor
1347 741 1392 797 est
1406 739 1500 797 Patre.

121 839 155 896 13
191 839 224 894 lit
237 835 333 908 operui
346 834 376 889 in
388 832 497 906 jejunio
511 833 636 890 culmum
648 847 739 888 uuum
755 848 764 886 .·
1001 827 1036 885 18
1072 829 1154 902 Eripe
1167 845 1211 885 me
1224 829 1257 885 de
1271 829 1328 885 luto
1342 837 1374 885 ut
1385 845 1441 887 uon
1456 829 1578 902 iufiqcr:

189 927 223 982 Et
236 926 341 997 sectum
354 929 395 980 est
408 924 439 979 iu
454 923 632 996 opprobrium
642 921 723 977 milti.
1073 917 1172 975 litera
1184 934 1228 975 me
1239 917 1274 974 ut
1289 917 1333 974 itis
1348 920 1396 992 qui
1407 917 1523 975 oderunt
1536 934 1580 975 me
1601 925 1628 975 et
1647 916 1680 974 de
1691 919 1835 992 metuatis

153 1016 174 1072 e
189 1012 311 1089 Operuit
321 1011 436 1085 jejunio
451 1010 667 1084 auimam‚quia
680 1008 834 1067 bominum
845 1007 947 1077 fidem,
1107 1023 1256 1080 uquarum.

119 1122 208 1180 quam
222 1102 307 1160 valde
321 1101 479 1171 esuriebat,
496 1099 620 1157 minime
633 1101 748 1174 potarat
761 1096 904 1164 invenire,
919 1099 949 1153 et
1036 1097 1057 1153 G
1084 1096 1222 1170 Exposuit
1245 1094 1379 1153 Christus
1405 1113 1439 1153 ex
1462 1100 1544 1169 parte
1568 1096 1782 1165 membrorum,
1797 1101 1832 1155 ut

116 1195 182 1252 ideo
190 1191 274 1267 quasi
283 1191 381 1264 aliquo
389 1189 477 1264 pallio
487 1189 613 1246 tristitia
622 1187 805 1246 circumdedit
814 1184 946 1244 animam
1001 1184 1100 1242 anima
1114 1187 1179 1257 ejus
1194 1202 1211 1241 a
1225 1185 1378 1242 desideriis
1394 1182 1492 1254 luteis,
1506 1185 1535 1241 id
1551 1188 1597 1242 est
1615 1184 1706 1258 hujus
1725 1186 1831 1243 mnndi

118 1301 202 1341 suam
214 1281 328 1355 jejunio
342 1278 394 1336 tali
409 1278 685 1352 amicumscmper
698 1276 767 1334 boni
792 1274 879 1333 malis
894 1291 946 1349 op·
1000 1273 1212 1348 cupiditatibus
1228 1274 1369 1331 reddatur
1382 1273 1597 1331 aliena.Libera
1612 1290 1660 1331 mc
1671 1274 1768 1332 abbis
1780 1274 1831 1349 qui

117 1372 269 1446 probrium
281 1371 363 1436 sunt,
379 1367 449 1441 quia
463 1366 586 1424 minime
599 1381 702 1423 eorum
718 1362 878 1423 sceleribus
897 1378 946 1420 ac·
1000 1380 1047 1420 me
1062 1363 1228 1433 oderunt‚id
1244 1368 1288 1421 est
1303 1382 1320 1420 a
1334 1364 1497 1421 ludaismo
1512 1364 1657 1436 profundo
1673 1380 1830 1439 aquarum,

118 1461 316 1535 quiescunt,et
330 1456 389 1513 illis
403 1457 534 1514 studiose
550 1454 719 1519 detrahunt,
735 1454 844 1528 quibua
864 1450 947 1511 nulla
1000 1451 1036 1510 ad
1052 1452 1135 1509 illurn
1151 1452 1294 1527 populum
1310 1452 1446 1526 pertinet,
1464 1453 1513 1526 qui
1534 1458 1563 1509 et
1586 1451 1754 1529 profundus
1770 1458 1832 1512 erat

118 1550 255 1608 societate
265 1549 445 1620 junguntur.
999 1543 1121 1601 consilio
1137 1541 1329 1616 malignitatis
1343 1546 1373 1599 et
1386 1542 1581 1600 seditionibus
1594 1540 1785 1601 turbulentis.

118 1640 154 1695 14
189 1640 223 1695 st
234 1636 315 1710 posui
328 1637 521 1692 uestimentum
534 1649 626 1691 neum
639 1633 784 1690 cilicium:
999 1631 1034 1686 fil
1070 1632 1129 1688 Non
1143 1648 1187 1688 me
1200 1631 1339 1704 demerqct
1354 1639 1495 1705 temperius
1509 1646 1711 1706 uquae:neque
1737 1633 1831 1691 ceser-

189 1729 222 1784 m
235 1729 324 1800 iccius
338 1741 400 1781 sum
415 1725 473 1781 illis
487 1725 517 1781 iu
530 1723 703 1797 porciolam.
1108 1722 1168 1777 deut
1181 1738 1224 1778 me
1235 1721 1425 1794 profundum:

153 1817 241 1875 CPer
254 1814 384 1873 cilicium
399 1812 521 1872 tristitia
539 1811 723 1887 significatur
746 1814 775 1866 et
799 1810 943 1884 lacrymo,
1071 1811 1162 1883 Neque
1176 1819 1273 1881 urqeut
1286 1827 1369 1884 super
1382 1828 1426 1868 me
1437 1819 1537 1884 puteus
1551 1827 1579 1867 cs
1592 1827 1683 1868 suum.

117 1907 235 1982 quando
250 1904 393 1963 Dominus
406 1903 530 1960 hnmani
545 1898 945 1976 generisimbecillitateper·
1034 1900 1058 1955 H
1073 1901 1135 1956 Non
1150 1916 1197 1957 me
1211 1900 1371 1973 demerget,
1384 1899 1414 1956 id
1430 1904 1476 1957 est
1489 1899 1550 1957 bac
1562 1899 1709 1973 passionis
1720 1903 1829 1974 tempa-

118 2002 226 2062 motus,
251 1993 450 2051 suscitaturus
473 1995 616 2048 lazarum
639 1990 716 2048 flevit
731 1989 819 2064 (locu.
835 1991 887 2059 111),
900 1987 944 2044 di·
999 1994 1060 2069 stas
1074 2005 1132 2046 uon
1148 2004 1212 2045 eam
1227 1989 1258 2045 in
1274 1989 1473 2062 profunditate
1487 1989 1585 2063 abyssi
1602 1984 1828 2047 retineat'infer·

116 2081 366 2145 centibusludais
378 2100 385 2139 :
397 2082 468 2138 ileos
480 2079 944 2154 quomodoamabateumd'actus
999 2076 1085 2134 nalis.
1101 2077 1122 2134 G
1137 2077 1317 2134 Profundum
1343 2066 1442 2152 itaque
1466 2084 1511 2135 est
1534 2083 1733 2153 peccatorum,
1750 2079 1828 2152 quod

117 2180 162 2232 est
176 2189 292 2246 quoque
306 2171 416 2228 ludaeis
430 2169 461 2225 in
477 2165 657 2242 parabolem,
669 2166 785 2239 quando
801 2183 853 2240 per
864 2167 945 2223 simi·
998 2165 1123 2239 deglutit
1137 2166 1253 2223 animas
1267 2166 1436 2240 impiorum,
1453 2168 1494 2223 ita
1510 2171 1542 2223 ut
1556 2169 1591 2225 ad
1613 2167 1827 2242 poenitudinem

116 2263 255 2321 litudines
270 2261 412 2335 quasdam
429 2257 576 2315 carnalem
592 2256 734 2331 populum
749 2255 852 2313 doecre
867 2255 944 2312 vide·
998 2255 1092 2312 redire
1107 2261 1264 2329 nequeant.
1280 2256 1533 2330 Urgere‚dicimus
1547 2256 1760 2314 concluderent
1775 2256 1826 2315 Pe·

116 2353 204 2409 batur
220 2369 226 2407 :
243 2350 319 2407 siout
334 2349 364 2404 in
380 2346 534 2421 Evangelio
551 2345 667 2420 legitur,
679 2344 752 2403 dixit
765 2345 852 2403 lesus
862 2362 945 2419 para·
996 2344 1113 2418 litargo
1128 2350 1162 2401 ut
1176 2346 1274 2402 aditus
1288 2345 1441 2404 infernalia
1451 2363 1508 2402 non
1522 2346 1679 2404 concludat
1691 2362 1727 2403 oa
1737 2362 1826 2404 suum

116 2442 215 2499 bolam
248 2439 284 2496 ad
313 2437 440 2494 turbam.
470 2437 522 2492 list
553 2439 650 2492 autem
680 2433 820 2509 parabola
837 2439 943 2490 natura
997 2451 1086 2506 super
1099 2451 1167 2491 eum
1183 2434 1243 2491 sive
1256 2434 1400 2492 diabolus.

116 2528 348 2604 discrepantium
365 2541 473 2594 rerum,
489 2525 545 2582 sub
560 2521 867 2596 aliquasimilitudiue
882 2523 940 2579 fac·
1032 2522 1176 2580 CPuteus
1192 2527 1291 2580 autem
1306 2529 1442 2582 excavata
1464 2529 1548 2581 terra
1563 2525 1750 2598 profunditas
1765 2528 1822 2596 est,
1866 2517 1867 2521 ’

114 2624 145 2677 ta
159 2615 418 2693 comparatioldco
432 2630 500 2671 vero
515 2612 557 2671 sic
571 2611 756 2685 loquabatur.
772 2615 805 2669 ut
818 2611 868 2684 qui
882 2628 941 2668 coe·
996 2610 1047 2684 qui
1061 2615 1089 2668 et
1103 2611 1133 2668 in
1148 2612 1224 2669 bono
1239 2618 1267 2669 et
1286 2613 1364 2670 malo
1388 2613 1418 2670 in
1442 2613 1594 2688 Scriptura
1613 2614 1749 2687 punitum
1776 2614 1825 2671 bic

114 2707 200 2765 festia
214 2721 318 2779 capere
331 2720 389 2760 non
405 2707 549 2779 poterant,
557 2717 610 2775 per
623 2706 754 2760 terrenas
769 2700 940 2757 similitudi·
995 2718 1061 2758 vero
1076 2701 1106 2757 in
1122 2701 1200 2759 malo
1215 2701 1366 2775 accipitur.

114 2814 167 2854 nes
180 2793 387 2869 intelligerent.
993 2791 1029 2846 20
1065 2791 1241 2860 fraudium,
1256 2792 1380 2862 Douriue,
1397 2793 1527 2866 quonium
1542 2792 1661 2864 denique
1679 2800 1720 2850 est
1739 2794 1824 2851 mise·

113 2887 149 2943 15
184 2886 333 2959 Adversum
344 2900 387 2940 me
402 2881 582 2954 loquebantur
595 2881 646 2955 qui
658 2878 785 2936 sedebunt
799 2881 829 2936 iu
841 2885 940 2951 portu:
1100 2880 1221 2937 ricerdis
1233 2884 1282 2937 tua
1297 2897 1305 2935 ε

183 2976 217 3031 Et
237 2974 306 3039 ÷in
320 2988 363 3028 me
383 2974 391 3040 ζ
412 2970 566 3045 psallebant
579 2971 628 3042 qui
643 2968 769 3026 bibebant
782 2970 889 3025 uiuum.
1064 2969 1217 3026 Smndum
1244 2969 1451 3027 multitudinem
1477 2972 1680 3029 miserationem
1707 2981 1821 3029 tucrum

147 3063 168 3119 G
184 3064 269 3119 Porta
284 3059 392 3134 quippe
405 3058 549 3127 dictami,
565 3074 599 3114 eo
614 3057 692 3130 quod
708 3056 776 3113 inde
786 3060 940 3130 portantur
1099 3060 1202 3131 respice
1217 3061 1247 3115 iu
1260 3076 1313 3116 me.

112 3150 222 3210 omnia.
238 3150 269 3208 ln
286 3153 370 3223 porta
383 3151 481 3206 autem
497 3147 609 3215 sedent,
624 3145 674 3219 qui
689 3145 879 3202 conventibus
889 3130 974 3203 tro—G
1028 3147 1052 3204 H
1068 3147 1133 3205 Haec
1143 3149 1477 3206 secundumhumanam
1489 3149 1677 3224 fragilitatem
1689 3150 1822 3226 postulat

64 3293 67 3296 ,
112 3241 227 3298 minum
242 3238 345 3296 sedula
359 3234 939 3308 curiositatemiscentur.Rrgodicitpas·
992 3236 1170 3306 dicens:Qui
1184 3237 1257 3294 alios
1273 3254 1339 3295 mea
1353 3237 1489 3311 passione
1504 3238 1685 3308 redimis,me
1703 3256 1822 3314 quoque

112 3331 315 3387 sioncmsuam
326 3324 545 3400 gentiludaicee
552 3323 645 3382 fuisse
652 3322 793 3380 fabulam.
804 3323 834 3379 ln
847 3326 939 3379 [11111111
992 3331 1188 3398 precurrente
1203 3327 1404 3384 misericordia
1414 3328 1621 3402 contemplare.

111 3417 244 3492 psallunt
258 3416 284 3471 si
298 3415 327 3471 iu
344 3414 456 3471 bonum
470 3412 622 3485 accipitur,
639 3411 689 3485 qui
702 3411 816 3469 actione
831 3411 939 3484 proba·
992 3416 1024 3471 21
1064 3418 1102 3472 Et
1114 3430 1149 3472 ne
1162 3423 1269 3472 avertas
1283 3417 1384 3488 sceiere
1398 3424 1475 3473 tuam
1487 3435 1504 3473 c
1517 3433 1603 3491 puero
1616 3426 1672 3488 tue,

111 3506 162 3562 bili
177 3503 468 3578 diriguntur.Vinum
484 3499 635 3569 similiter;
651 3517 710 3557 uon
724 3499 939 3569 ebrietatis,sed
1101 3505 1237 3574 Quoniam
1252 3507 1378 3573 tribuler,
1394 3505 1520 3563 uelociter
1534 3508 1637 3564 excudi
1649 3523 1694 3564 me
1708 3526 1714 3565 :

111 3593 252 3667 spiritale.
270 3592 330 3665 lpsi
353 3589 431 3647 enim
452 3588 625 3663 psallebant,
639 3589 691 3662 qui
706 3605 758 3662 pcr
771 3588 938 3664 intelligar·
1029 3596 1049 3648 c
1062 3594 1136 3650 Puer
1151 3595 1230 3651 enim
1246 3595 1413 3668 frequenter
1425 3597 1528 3667 leqifur
1542 3598 1672 3654 Dominus
1687 3597 1724 3653 ab
1737 3598 1823 3656 inno·

112 3682 183 3740 tiam
199 3696 357 3754 supernam
365 3678 488 3736 salutari
497 3677 631 3737 doctriua
647 3678 834 3751 potabantur.
845 3679 881 3734 ut
899 3679 940 3737 ita
994 3681 1094 3739 centia
1109 3682 1246 3758 puritate,
1262 3700 1329 3740 cum
1345 3683 1470 3759 simplex
1484 3688 1555 3741 atas
1570 3684 1625 3742 hoc
1643 3685 1822 3745 beneficium

111 3771 303 3829 Cassiodorus
313 3768 439 3844 psallere
453 3768 489 3824 do
505 3765 641 3823 fidelibus
665 3771 695 3824 et
721 3766 806 3825 bonis
821 3769 939 3842 exponit
992 3770 1143 3845 largiatur,
1173 3777 1207 3828 ut
1231 3773 1303 3829 vitia
1325 3774 1427 3829 mundi
1453 3791 1511 3831 non
1536 3774 1649 3847 diligat.
1674 3773 1824 3832 velociter

112 3866 145 3916 ut
160 3858 381 3932 sequentia.Sed
398 3855 561 3921 secundum
572 3855 779 3929 Hieronymum
793 3856 899 3913 Scriba
911 3861 940 3914 ct
992 3861 1096 3917 exaudi
1113 3859 1196 3917 me.H
1212 3861 1249 3918 Ut
1265 3879 1413 3920 resumam
1429 3863 1669 3937 spiritum,quem
1685 3864 1745 3920 tuis
1759 3881 1820 3922 ma·

111 3949 251 4006 Pharisaei
266 3949 297 4017 in
312 3951 396 4022 porta
409 3946 613 4020 (ffufttaxnr),
628 3945 659 4001 id
674 3948 720 4002 est
728 3944 841 4018 judicio
856 3946 939 4005 sede·
994 3949 1082 4005 nibus
1097 3948 1311 4006 commendavi.

111 4039 245 4112 bant,qui
262 4036 372 4095 clavem
387 4035 515 4093 scientia
530 4033 683 4102 habentes,
700 4051 754 4091 nec
768 4034 938 4104 introibant,
992 4039 1028 4092 22
1064 4038 1175 4095 Intende
1188 4039 1292 4097 crime
1304 4054 1371 4096 mese
1385 4048 1411 4096 et
1426 4041 1514 4098 libero
1529 4057 1599 4098 eum.

110 4145 163 4185 nec
178 4127 251 4186 alios
264 4127 384 4183 introire
400 4125 545 4182 sinebant.
562 4123 607 4181 illi
620 4122 723 4197 repleti
738 4123 805 4181 vino
829 4123 938 4197 iniqui·
1064 4132 1179 4200 Propter
1188 4129 1318 4184 'iuimicus
1331 4144 1404 4185 meos
1417 4131 1493 4201 eripe
1507 4145 1559 4186 me.
1610 4115 1617 4128 ⁹

109 4216 189 4288 tatis,
206 4214 332 4289 qualiter
346 4232 414 4273 eum
429 4213 626 4272 interficerent
639 4211 871 4271 continebantit
887 4213 938 4271 Vel
1027 4216 1184 4273 Clutende
1199 4215 1303 4273 anima
1318 4221 1436 4287 mee,ut
1450 4235 1550 4275 revera
1564 4216 1656 4274 libera
1674 4218 1737 4275 fiat.
1753 4234 1821 4276 oum

110 4305 183 4363 ebrii
198 4307 282 4362 crant
293 4304 372 4372 vino,
388 4304 507 4377 quando
521 4302 650 4359 velantes
665 4301 770 4360 faeiem
785 4303 850 4375 ejus
865 4303 940 4362 dice·
992 4321 1058 4362 eam
1074 4305 1824 4380 divinituspropitiatorespexcrit.Propterinimicos

109 4394 181 4451 bant
197 4409 205 4450 t
221 4392 393 4466 Prophetiaa
405 4389 697 4465 nubis,t}brisle,quis
710 4396 757 4449 est
772 4391 824 4464 qui
839 4395 867 4450 te
877 4410 940 4467 per·
992 4393 1081 4450 etiam
1097 4394 1215 4467 petebat
1229 4392 1416 4451 celerrimum
1431 4394 1654 4452 resurrectionis
1665 4395 1821 4465 auxilium,

111 4481 224 4540 cussit?
239 4481 315 4554 (Luc.
331 4482 412 4549 xxa).
952 4502 977 4569 D
991 4486 1025 4539 ut
1039 4482 1090 4557 qui
1104 4486 1340 4556 contempserant
1354 4484 1537 4553 crucifixum,
1553 4483 1639 4540 tertia
1653 4483 1701 4542 die
1721 4501 1822 4543 resur·

111 4571 145 4627 te
181 4573 238 4640 ffqo
251 4585 313 4626 uero
327 4570 478 4626 orationem
493 4583 582 4624 meum
596 4567 678 4639 urite,
694 4570 832 4627 Domine:
994 4577 1110 4647 gentem
1121 4572 1282 4629 crederent.
1781 4641 1787 4652 ·

184 4661 296 4732 Tempm
311 4658 561 4731 beneplacitifleus.
989 4661 1026 4719 23
1065 4663 1365 4735 Tumuimprcperu‘um
1375 4679 1468 4719 uuum
1480 4670 1506 4720 et
1514 4664 1702 4736 computemur
1713 4677 1820 4720 meusne

145 4748 166 4805 C
182 4747 256 4805 illud
271 4750 390 4820 tompus
404 4750 450 4803 est
464 4744 638 4818 beneplaciti
661 4747 779 4820 quando
799 4747 935 4807 lucarna-
1060 4752 1095 4808 lit
1107 4753 1289 4809 reuerentiam
1301 4768 1401 4809 mecm

109 4838 199 4896 tionis
213 4856 273 4897 suu
288 4836 439 4906 beneficio,
451 4835 665 4910 periclitantem
676 4837 822 4895 mundum
832 4837 935 4896 abim-
1026 4840 1047 4897 C
1063 4840 1288 4913 Improperium,
1303 4840 1505 4899 contusionem
1518 4845 1548 4897 et
1559 4840 1751 4898 reuerentiam
1766 4856 1821 4914 pro

109 4929 239 4986 minente
253 4927 340 4985 exitio
355 4926 496 4995 liberauit.
514 4925 538 4982 H
552 4923 605 4983 Vel
620 4928 738 4999 tempus
749 4926 935 5001 beneplaciti,
990 4930 1120 4986 humano
1134 4945 1239 5003 genere
1250 4929 1292 4986 sic
1307 4931 1438 5004 suscepit
1450 4927 1583 4987 Salvator
1594 4929 1689 4987 libens
1699 4933 1821 4986 utmor-

109 5021 226 5090 tempus
239 5020 284 5073 est
296 5017 454 5090 passionis,
471 5031 528 5088 quo
543 5018 675 5087 tempore
688 5015 799 5072 iudeis
821 5017 936 5074 crucifi·
991 5023 1061 5075 tem.
1074 5018 1136 5075 Non
1152 5018 1230 5075 enim
1246 5018 1303 5075 ista
1327 5035 1380 5092 pro
1403 5035 1457 5076 suo
1480 5022 1562 5077 reatu
1587 5016 1742 5090 sustinuit,
1766 5018 1821 5075 sed

110 5106 247 5179 gentibus
260 5104 395 5161 Christus
409 5104 503 5162 oravit
518 5105 585 5174 (luc
598 5103 736 5173 nauibNe
750 5108 863 5163 statuas
878 5106 938 5166 illis
991 5107 1090 5164 omnia
1103 5124 1155 5180 pro
1170 5107 1255 5164 nobis
1271 5106 1436 5180 pertulit,ut
1451 5125 1504 5164 nos
1519 5107 1616 5164 bonus
1631 5105 1774 5181 magister
1789 5106 1822 5163 in

110 5193 257 5266 paterboc
271 5196 436 5266 peceatum,
446 5197 626 5255 ciosummc
640 5192 719 5251 cuim
733 5192 811 5253 Patri
826 5195 938 5269 placuit
990 5195 1098 5254 talibus
1114 5195 1202 5253 rebus
1217 5196 1341 5269 positos,
1357 5195 1488 5271 exemplo
1501 5213 1561 5253 sure
1575 5195 1723 5269 patientias
1734 5193 1824 5253 mise·

112 5281 268 5338 homiuum
285 5280 456 5356 redemptio.
639 5306 644 5315 ¹
990 5289 1073 5343 ratus
1088 5285 1255 5342 instrueret.

111 5370 146 5430 17
182 5372 215 5428 fu
230 5369 407 5429 multitudiue
421 5372 620 5431 misericordiae
632 5380 689 5431 tuac
703 5391 712 5429 :
989 5375 1025 5432 2t
1061 5376 1093 5432 fu
1107 5378 1250 5449 cmupeetu
1264 5383 1311 5433 tuo
1324 5383 1489 5433 contemnes
1505 5377 1554 5450 qui
1568 5374 1782 5433 uinulentum:

183 5458 295 5518 smodi
308 5475 352 5518 me
366 5462 397 5519 iu
410 5462 523 5519 ueritate
535 5462 633 5519 salutis
648 5469 713 5520 tuae.
1061 5465 1259 5539 improperium
1273 5466 1437 5539 exspectavit
1451 5482 1497 5523 eor
1510 5482 1603 5523 meum
1620 5469 1648 5522 et
1661 5464 1819 5523 murreum.

148 5549 253 5618 Citam
264 5548 288 5614 si
300 5548 505 5613 multitudlnes
515 5548 789 5615 misericordiores
799 5551 935 5633 fuissent,
1026 5554 1049 5612 11
1065 5555 1107 5614 Tu
1124 5553 1214 5625 vidos,
1230 5554 1324 5625 Peter,
1341 5556 1442 5630 qualos
1457 5555 1530 5616 mihi
1545 5552 1750 5615 tribulationes
1771 5555 1821 5617 in·
