3884 6084
466 135 500 196 S.
515 132 700 197 0lessle
720 128 1002 197 CLUNllltlllNSlS
1025 131 1189 196 sanans
1211 140 1250 195 V.

164 274 217 326 ,lus
232 272 277 326 est
291 270 374 342 pater
388 267 515 343 inclytus

157 376 182 415 se
196 358 240 414 vir
250 356 438 431 apostolicus.

150 448 239 520 liujus
254 446 331 504 clara
345 444 488 504 consessio

143 541 272 594 ›ronatur
287 536 426 610 martyrio

137 625 290 683 ecertando
306 624 447 700 legitime,

132 715 236 771 abacto
251 714 354 771 mundi
370 712 513 788 principe.

147 803 301 877 Templum
317 803 380 878 ipso
396 802 570 877 virgineum.

116 895 215 950 Paetus
229 892 354 949 sacravit
368 892 530 966 proprium,

111 981 243 1040 Caelestis
258 981 325 1038 vita
337 981 459 1038 nuntius

112 1073 198 1129 Recte
213 1075 333 1128 vocatur
346 1068 478 1144 angelus.

146 1160 276 1224 Ouorum
291 1157 401 1232 gaudet
416 1155 586 1213 nominibus

110 1251 195 1306 Pater
210 1251 310 1304 noster
323 1245 460 1320 egregius

110 1337 162 1394 llis
177 1353 231 1393 nos
243 1337 350 1409 jungat
366 1335 395 1391 in
412 1335 529 1400 aethera,

111 1426 219 1482 Christi
234 1425 346 1481 furante
360 1423 466 1498 gratia.

147 1514 200 1571 Cui
215 1514 333 1571 sitlans
347 1517 376 1571 et
389 1511 482 1587 gloria

110 1603 232 1662 'Pollenti
247 1602 350 1659 mundi
366 1602 490 1659 erimina
506 1620 513 1658 τ

109 1694 183 1750 Cum
200 1692 282 1749 Patre
297 1696 326 1748 et
338 1695 439 1748 sancto
453 1690 563 1765 Spiritu

111 1784 141 1839 ln
156 1779 460 1856 sempiternasacula.
500 1782 599 1837 lmen.

247 1903 374 1970 Hymnus
390 1898 420 1953 in
433 1897 588 1954 Nocturnis.

73 2007 197 2072 Christe,
213 2008 386 2062 cunctorum
401 2003 457 2070 via,
473 2002 522 2058 lux
538 2007 717 2071 sanctorum,

75 2096 213 2152 Precibus
229 2094 321 2149 sacris
335 2093 491 2148 venerandi
510 2091 602 2149 Patris

75 2183 173 2258 Magni
186 2181 284 2239 lllaioli
306 2179 413 2255 populo
430 2180 508 2237 tideli

181 2271 293 2328 Gaudia
309 2269 389 2342 pacis

75 2362 156 2418 Mitte
171 2360 207 2416 de
222 2360 314 2426 coelis,
329 2358 502 2431 veniamque
518 2357 627 2415 nostris

74 2450 193 2525 Largire
208 2447 302 2522 culpis
305 2488 518 2505 .........

74 2539 157 2597 Adsit
171 2543 200 2596 et
213 2538 299 2594 nobis
315 2537 410 2611 gratia
424 2535 561 2610 perennis

179 2627 306 2702 Spiritus
320 2625 401 2682 almi.

73 2718 163 2790 Cujus
172 2715 294 2791 protecti
307 2731 429 2772 munere
443 2714 564 2788 potenti,

75 2809 192 2865 Petrum
208 2804 350 2878 exemplis
365 2801 642 2877 meritisqnecelsis‚

73 2897 184 2953 Pariter
198 2899 312 2951 arctum
327 2910 493 2950 mereamus
508 2892 601 2951 altum

180 2984 325 3042 Scandere
339 3000 473 3054 regnum.

72 3074 170 3134 Gloria
183 3074 272 3139 Patri,
288 3073 450 3147 genitaeque
465 3071 552 3140 proli,

72 3167 107 3221 nt
121 3164 173 3220 tibi
189 3180 309 3235 compar
324 3161 479 3234 utriusque
494 3176 620 3233 semper,

72 3252 199 3325 Spiritus
214 3250 301 3316 alme.
317 3250 394 3306 Deus
409 3266 487 3305 unus
502 3250 581 3305 omni

179 3341 322 3412 Tempore
338 3337 425 3394 saecli.
464 3341 567 3395 Amen.

241 3456 271 3510 ln
287 3454 434 3511 Laudibus.
450 3455 583 3524 Hymnus.

143 3562 259 3627 lllaiole,
276 3577 396 3619 consors
411 3577 564 3633 procerum

110 3654 221 3726 Regum
235 3651 304 3724 Regi
321 3649 498 3723 placentium

109 3741 187 3798 lnter
197 3740 329 3797 coelestes
343 3737 454 3796 aulicos

108 3829 275 3887 Divinitatis
289 3829 431 3898 conscios,

1 4037 266 4049 m

845 270 872 338 Α

1030 267 1156 324 Honoris
1171 264 1322 340 privilegio

993 359 1074 416 Coetu
1091 359 1211 432 junctus
1226 353 1389 414 monastico
1405 373 1412 412 :

992 449 1048 505 sed
1064 451 1093 504 et
1107 445 1205 504 eboris
1219 443 1359 520 angelicis

994 536 1113 594 Frueris
1125 536 1195 593 aula
1204 534 1338 593 luminis.

1028 625 1121 695 Unde,
1134 626 1230 694 Pater,
1247 642 1303 683 noe
1317 623 1441 698 respice.

991 715 1112 773 Pressos
1130 714 1240 788 peccati
1254 714 1397 788 pondere;

994 809 1108 877 Depone
1123 820 1239 878 gravem
1253 803 1399 860 sarcinam

993 893 1099 968 Leviga
1115 891 1333 949 conscientiam.

1027 983 1079 1040 His
1095 982 1224 1039 fascibus
1241 980 1391 1054 depositis,

991 1071 1092 1129 lllorlis
1107 1071 1219 1127 solutos
1233 1069 1368 1140 uinculis,

992 1161 1007 1217 J
1012 1178 1088 1236 unge
1103 1178 1156 1218 nos
1172 1165 1240 1217 tuos
1255 1159 1387 1217 servulos

993 1250 1143 1306 lllonachis
1158 1249 1412 1321 praestantissimis

1028 1340 1101 1395 Cum
1118 1340 1227 1412 quibus
1243 1355 1296 1394 nos
1311 1343 1453 1412 perpetua

993 1428 1201 1484 Possideamus
1214 1425 1332 1501 gaudia,

991 1517 1099 1573 Christi
1112 1517 1226 1574 lacento
1240 1517 1345 1590 gratia,

991 1607 1044 1663 Per
1058 1605 1176 1662 infinita
1189 1604 1306 1663 saeoula.
1344 1607 1448 1662 Amen.

1058 1695 1098 1750 Ad
1111 1695 1244 1751 secundas
1260 1697 1395 1768 Vesperas.
1411 1697 1545 1768 Hymnus.

955 1784 1079 1852 christe,
1094 1788 1268 1840 cunctorum
1284 1783 1394 1857 paritor
1408 1789 1527 1841 luorum

955 1872 1111 1930 Palmilum
1126 1873 1204 1940 vilis,
1221 1872 1298 1929 Deus
1313 1871 1401 1941 alme,
1419 1873 1503 1929 nobis

955 1963 1051 2018 Probe
1066 1961 1163 2019 lllaioli
1179 1961 1325 2020 celebrare
1337 1962 1412 2018 tanti

1062 2052 1146 2108 Festa
1159 2051 1286 2124 patroni.

954 2143 1045 2207 Quem
1061 2139 1114 2195 tibi
1130 2139 1238 2196 nostris
1254 2133 1363 2214 placuit
1377 2140 1482 2196 diebus

955 2228 1091 2285 Pluribus
1105 2226 1198 2302 signis
1214 2227 1385 2300 meritisque
1400 2227 1500 2302 dignis

953 2318 1081 2391 Regibus
1095 2333 1193 2373 curam
1207 2316 1419 2389 hominumque
1434 2316 1542 2372 turmis

1059 2405 1235 2462 Glarilloare.

951 2500 1071 2552 Annuas
1086 2495 1208 2567 istisque
1224 2495 1266 2551 sio
1281 2494 1422 2552 interesse

952 2584 1073 2642 Gaudiis
1090 2600 1142 2640 nos
1156 2583 1305 2657 perpetuis
1321 2587 1350 2640 et
1361 2582 1470 2658 amplis

952 2674 1006 2731 Pro
1023 2673 1081 2730 reis
1095 2672 1186 2746 gestis
1202 2671 1307 2728 morito
1322 2688 1419 2728 carere

1059 2760 1095 2819 Ut
1110 2777 1302 2834 nequeamus.

951 2856 1135 2920 Quaesumus,
1153 2852 1264 2918 Rector‚
1281 2851 1397 2924 pietatis
1413 2854 1524 2918 auctor,

952 2941 1057 2996 Noster
1072 2940 1118 2996 hic
1134 2943 1233 3013 pastor
1249 2938 1303 2995 tibi
1320 2940 1358 2994 sit
1374 2943 1515 3012 precator,

953 3029 1014 3094 Quo
1030 3033 1081 3086 tua
1095 3027 1180 3085 nobis
1196 3028 1303 3101 pietate
1319 3029 1433 3084 cunetis

1059 3116 1188 3174 Crimina
1203 3117 1302 3173 dones.

951 3207 1042 3280 Cujus
1057 3206 1086 3261 in
1101 3210 1183 3262 tanto
1199 3206 1248 3279 pia
1261 3211 1328 3262 vota
1343 3207 1417 3262 lcsto

951 3296 1092 3371 Congruit
1107 3294 1192 3352 nobis
1203 3295 1315 3369 jugiter
1329 3295 1461 3352 canendo

954 3385 1076 3458 lnsupcr
1091 3383 1208 3439 Pascha
1223 3383 1276 3439 tibi
1292 3382 1458 3456 duplicatas

1059 3471 1174 3529 Solvere
1189 3470 1300 3528 laudes.

953 3562 1091 3627 Trinitas,
1109 3566 1185 3618 Deus
1201 3578 1278 3617 unus
1293 3565 1379 3634 alque
1392 3578 1539 3628 summus,

954 3651 998 3708 Sit
1012 3651 1076 3718 tibi,
1093 3651 1162 3719 Rex,
1178 3649 1271 3724 gloria
1285 3651 1475 3723 sempiterna,

953 3739 1005 3804 Oui
1023 3739 1099 3811 regis
1114 3743 1195 3794 tanta
1212 3738 1341 3794 bonitate
1356 3743 1463 3794 cuneta

1061 3828 1154 3884 Omne
1168 3844 1220 3900 per
1235 3844 1339 3883 ravum.
1377 3829 1481 3885 Amen.

305 4230 628 4383 llllllllllll
674 4230 993 4381 llllllllll
1041 4227 1412 4378 lllllllllllll

460 4511 777 4621 lucrans
836 4510 887 4618 s.
949 4507 1252 4617 ouuoun

251 4735 344 4810 (Apud
360 4740 392 4792 D.
410 4735 503 4805 Perta,
517 4734 693 4792 lineamenta
707 4732 863 4791 monice
876 4733 1017 4799 historica,
1033 4731 1136 4804 Script.
1154 4734 1223 4786 tom.
1240 4729 1286 4796 lV,
1302 4746 1367 4804 pag.
1384 4729 1457 4803 633.)

767 4910 940 4923 ψ

683 5086 691 5099 ’
725 5058 977 5131 MONlTUM.

36 5265 66 5321 S.
81 5262 175 5333 odilo,
189 5263 311 5336 quintus
323 5262 561 5321 Cluniacensium
579 5263 680 5332 abbas,
700 5262 827 5319 celeber·
883 5259 1024 5334 regimine
1049 5257 1170 5314 cmnobii
1187 5257 1387 5316 Cluniacensis
1406 5275 1417 5314 ε

0 5354 96 5411 imus
126 5351 371 5410 monasteriorum
399 5353 445 5408 sui
473 5353 615 5426 temporis
644 5353 826 5420 reformator,
883 5350 939 5407 mis
956 5348 1098 5404 memoria
1113 5347 1209 5420 dignis
1225 5348 1361 5420 peractis,
1376 5364 1410 5404 an

26 5442 137 5504 rvsrnis
160 5442 238 5500 circu
261 5460 308 5500 an.
335 5443 397 5514 962,
415 5445 513 5518 natus,
530 5459 576 5499 an.
593 5443 647 5500 995
674 5443 777 5500 Maiolo
798 5441 827 5498 in
920 5438 1034 5495 billoris
1047 5438 1138 5494 sacris
1150 5438 1222 5493 bano
1234 5436 1401 5495 cruditusol
