3900 6098
520 320 573 425 nu
594 364 690 427 vim
711 369 742 429 s.
766 320 984 428 cernamur
1008 365 1158 429 ernon.
1313 320 1315 324 ’
1645 385 1705 446 ne

85 508 134 551 ire.
151 491 263 549 Exiude
287 509 401 566 quoque
418 494 544 566 pullulat
568 497 651 553 radix
675 497 809 554 omnium
824 500 851 565 Α
865 496 1025 570 lussitque
1038 497 1101 555 suis
1112 499 1244 560 velocius
1260 505 1705 586 infelicemillum,quemcerne·

85 581 514 665 imsuperbia,eaeterorumque
524 583 661 641 vitiorum
669 586 807 642 tomenta.
864 585 934 641 bant
950 601 967 642 e
986 585 1070 642 trabe
1084 589 1223 659 pendere,
1236 594 1301 665 jam
1317 596 1461 671 rigentem
1476 601 1632 675 deponere:
1641 605 1704 680 ipse

85 686 138 729 vos
154 670 213 745 ipsi
224 670 364 743 judicate.
381 671 406 727 si
421 688 480 728 non
495 672 592 746 ipsius
608 674 711 730 famuli
726 675 807 743 estis,
861 690 929 730 vero
943 677 1007 731 tote
1024 679 1193 747 prostratus
1209 697 1331 757 corpore
1355 687 1481 745 orationi
1504 688 1647 750 incubuit.
1667 696 1705 750 ht

85 758 210 835 nsiguia
224 764 254 815 et
267 759 404 833 stigmata
417 760 447 816 in
460 761 680 836 vobismetipsis
695 762 807 837 geritis.
864 762 905 819 illi
917 763 1068 820 solventes
1079 764 1253 839 loraguttur
1268 772 1348 832 illius
1361 777 1702 848 arebantia,examinisin

85 852 171 929 rtms
194 848 284 923 pudet
308 847 403 905 diaere
430 849 501 905 dum
532 851 653 923 paenitet
677 852 807 920 reticere,
863 855 974 908 terram
990 851 1109 910 cecidit.
1129 855 1167 911 At
1197 874 1287 931 quem
1311 864 1454 923 accedens
1474 866 1519 923 vir
1542 867 1619 943 pius,
1645 869 1700 928 ait:

85 954 119 995 m
147 937 325 1011 expectastis
358 937 545 994 dulcedinem
577 939 669 1007 verbi,
699 945 727 996 et
755 957 808 1014 ego
864 942 999 1015 «Surge,
1016 939 1127 1014 inquit,
1145 942 1432 1026 Dominusimperat.
1449 958 1702 1033 »lpseveroapm

85 1026 202 1084 uvobis
218 1025 392 1099 generaliter
415 1027 647 1085 amaritudinem
671 1030 809 1102 redargu·
863 1031 942 1087 riens
956 1028 1701 1121 oeuloserexitse,admiransraldesibisuperesse.

103 1114 213 1173 Moneo
242 1114 329 1171 etiam
355 1114 450 1185 illum,
478 1115 588 1189 siquis
615 1122 660 1173 est
688 1117 717 1173 in
747 1123 809 1174 tota
863 1119 916 1184 Qui
934 1119 1081 1175 eumviro
1096 1120 1148 1177 Dei
1164 1127 1328 1199 egrediens,
1346 1132 1559 1192 exsultantibus
1574 1138 1702 1208 eunetis,

85 1204 139 1277 br,
158 1203 209 1279 qui
222 1203 266 1260 rel
282 1203 410 1278 quinque
436 1205 561 1274 solidos,
578 1223 629 1262 seu
655 1206 808 1279 quippiam
864 1206 900 1263 ad
916 1208 1134 1265 monasterium
1146 1211 1249 1285 plures
1264 1222 1366 1290 postea
1379 1219 1451 1278 vixit
1465 1239 1569 1281 anuos.
1591 1222 1702 1283 Multos

85 1310 120 1351 us
134 1293 231 1350 sancti
244 1292 735 1367 martyrisebtulitreaedificandam
746 1311 810 1352 mu·
863 1312 969 1370 nempe
984 1296 1022 1353 ab
1040 1296 1216 1369 hujusmodi
1233 1304 1355 1378 patibuli
1367 1311 1703 1387 suspendioacneceper

85 1380 235 1449 eclesiam,
251 1399 339 1455 quam
366 1399 422 1455 pre
438 1382 535 1439 oculis
560 1383 686 1450 habetis,
709 1400 808 1440 coram
863 1384 994 1441 diversas
1004 1387 1178 1461 provincias
1195 1396 1255 1449 tam
1279 1393 1443 1454 interventu
1471 1416 1561 1473 quam
1585 1402 1701 1459 redem-

85 1471 215 1529 =reierat
232 1472 808 1546 »Dumergononinvenireturquispiam
863 1472 972 1545 plionis
986 1475 1085 1548 pretio
1099 1475 1246 1538 liberavit..

111 1558 285 1625 contulisse,
311 1577 413 1616 rursus
441 1560 502 1616 ait:
533 1583 547 1611 «
566 1561 677 1631 Videte,
703 1562 808 1619 iratres
898 1566 943 1619 27.
972 1564 1051 1621 ilitio
1072 1568 1103 1623 in
1129 1573 1274 1630 exactione
1302 1575 1451 1633 redituum.
1480 1578 1595 1636 ductori
1618 1578 1702 1655 bajus

85 1647 187 1729 ssimi,
204 1647 281 1704 inter
294 1665 368 1721 quas
384 1650 485 1721 spinas
501 1654 588 1723 atque
600 1650 733 1706 incendia
744 1668 809 1725 pes·
866 1653 931 1709 lita
946 1662 1072 1727 apparet.
1089 1686 1123 1697 —
1139 1657 1214 1716 Nam
1241 1662 1426 1723 satrapibus
1450 1668 1700 1727 monasteriorum

85 1754 120 1797 ,ιιι
135 1736 200 1794 baee
216 1737 283 1794 nrrla
299 1738 510 1811 omnipotentis
526 1737 574 1794 Dei
590 1739 744 1812 perfidem
760 1740 808 1796 sui
864 1740 1046 1800 utilitatibus
1056 1746 1222 1819 praepositis
1239 1749 1310 1806 illud
1321 1750 1429 1824 saepius
1444 1753 1620 1828 inculcabat,
1628 1761 1661 1814 ut
1668 1758 1700 1815 in

85 1826 212 1901 lenigni,
230 1827 265 1882 ad
293 1843 383 1899 quam
409 1826 555 1901 elegantia
584 1828 718 1899 exerevit,
744 1828 809 1901 ipso
863 1829 1013 1888 exactione
1040 1832 1097 1888 sibi
1127 1836 1356 1895 commissorum
1384 1840 1482 1899 forent
1508 1844 1635 1917 providi,
1662 1863 1700 1903 ne

85 1920 161 1985 tute,
185 1916 315 1989 fastigia.
336 1915 407 1972 Volo
427 1932 488 1983 vos,
515 1917 540 1970 si
558 1916 662 1989 placet,
689 1916 809 1973 assidue
864 1920 937 1976 sorte
948 1918 1039 1977 nimis
1055 1924 1159 1980 tenues
1172 1941 1226 1999 pro
1238 1941 1346 1984 census
1362 1928 1458 1985 reditu
1484 1930 1697 2005 affligerentur.

85 2008 201 2063 amores
217 2022 308 2079 quam
322 2002 405 2061 velox
418 2005 577 2078 uniruique
592 2006 630 2065 sit
651 2006 808 2064 mundanae
864 2008 983 2065 Dicebat
998 2010 1078 2068 enim
1094 2029 1125 2069 se
1145 2013 1241 2088 magis
1258 2013 1330 2072 velle
1354 2015 1456 2091 largiri
1479 2022 1579 2094 egenti
1607 2039 1697 2097 quam

85 2094 276 2179 tarnbitionis
288 2094 442 2167 depositio.
458 2094 580 2167 Propter
588 2095 664 2168 quod
674 2096 807 2165 obsecro,
864 2097 976 2171 exigere
992 2098 1146 2175 quidpiam
1163 2102 1199 2158 ab
1210 2101 1370 2177 indigente.
1385 2105 1623 2186 ltineraquoq'ue
1633 2113 1697 2185 ejus

85 2184 168 2243 rstris
181 2184 312 2240 auctoris
328 2181 474 2256 adjutorio
482 2184 610 2240 resistite
619 2183 697 2240 vitiis
710 2188 738 2239 et
749 2201 809 2242 ma·
864 2204 915 2260 per
930 2187 1062 2245 civitates
1077 2195 1107 2247 et
1120 2190 1210 2247 vicos.
1226 2207 1277 2248 seu
1293 2209 1436 2266 quorsum
1445 2193 1582 2269 haberet,
1594 2200 1697 2277 ingens

85 2274 207 2342 liab0l03
222 2272 350 2329 virtutes
365 2289 481 2346 quoque
494 2273 647 2346 preclaras
664 2275 809 2331 assumite
863 2292 1027 2348 pauperum
1043 2279 1696 2365 atqueinfirmorumturbaproeoceupaverat.

86 2378 118 2433 e;
129 2361 567 2436 benignissimoDeotlenditori
578 2363 808 2435 acltedemptori
862 2367 898 2421 nt
914 2365 976 2438 ipse
994 2365 1126 2424 liberalis
1141 2368 1698 2445 etlargusbeneliciorumeratraniver-

85 2452 115 2509 in
130 2450 249 2509 cunctis
273 2449 425 2519 obaudite,
451 2451 500 2523 qui
525 2468 577 2507 vos
591 2468 643 2523 per
665 2451 753 2506 iidem
779 2458 808 2509 et
863 2470 963 2510 sorum
977 2452 1139 2529 impensor.
1156 2456 1385 2518 Desiderabatur
1400 2460 1479 2519 enim
1494 2464 1535 2523 ab
1551 2467 1632 2526 omni
1647 2468 1697 2526 ho-

85 2539 808 2614 iss'aemeritaomniumlideliumsuorumdignos
863 2543 978 2601 minum
1005 2544 1108 2603 ordine
1138 2544 1182 2602 vel
1198 2562 1269 2603 sexu
1286 2547 1379 2622 ipsius
1403 2557 1575 2627 presentia,
1603 2558 1696 2615 sicuti

85 2629 285 2689 utredueendi
302 2644 370 2684 cum
387 2627 429 2684 eis
444 2628 473 2683 in
499 2630 683 2701 sempiternae
709 2628 808 2702 gloriae
863 2631 952 2688 unius
966 2648 981 2688 e
994 2634 1168 2706 patriarchis
1183 2639 1234 2691 aut
1249 2638 1391 2710 apostolis
1402 2637 1535 2701 Domini.
1545 2646 1693 2720 Aliquanti

85 2736 109 2789 r,
134 2736 188 2793 per
214 2718 319 2775 Jesum
348 2716 496 2773 Christum
526 2718 665 2774 dilectum
703 2717 807 2802 Filium
862 2720 951 2777 etiam
968 2722 1131 2778 referebant
1145 2722 1231 2779 illum
1256 2725 1314 2782 sibi
1336 2744 1388 2800 per
1407 2727 1508 2788 visum
1525 2734 1556 2791 in
1581 2734 1693 2793 somnis

90 2808 260 2880 sDumque
274 2804 325 2861 ille
340 2806 381 2862 ita
394 2811 568 2878 perorasset,
586 2824 619 2862 ae
632 2823 806 2879 responsum
861 2809 1043 2883 apparuisse,
1060 2827 1150 2883 seque
1165 2811 1306 2884 depravis
1317 2815 1432 2871 actibus
1440 2820 1640 2896 redarguisse,
1648 2822 1692 2880 vel

85 2898 167 2956 ribus
179 2895 296 2965 fuisset,
312 2900 409 2963 Arnen,
425 2895 474 2967 qui
501 2895 659 2968 singultus,
691 2901 807 2968 quanta
862 2898 1013 2956 monuisse
1028 2898 1095 2955 illos
1107 2901 1143 2955 da
1158 2904 1309 2959 communi
1319 2903 1602 2968 animorumsalute·
1617 2913 1691 2969 «Te-

86 3004 120 3057 e,
138 2985 191 3060 qui
207 2986 338 3057 gemitus
353 3000 405 3058 per
421 2988 510 3039 tetam
535 2985 698 3059 agebantur
717 2985 805 3043 eccle·
860 2991 924 3045 stor
937 3002 1002 3061 ego,
1017 2986 1150 3061 inquam,
1166 2987 1300 3059 ipsiusne
1312 2982 1457 3048 virtutum
1464 3000 1691 3056 matremchari·

85 3075 270 3151 rxpriminon
284 3073 370 3130 valet.
378 3072 580 3145 Omnibusque
597 3074 812 3146 riteperieetis,
859 3076 1265 3149 tatem,quoniamquondam
1275 3080 1684 3155 meorumeulpisfacinorum

85 3164 176 3223 audio
206 3163 317 3238 quique
346 3162 456 3219 rediere
471 3163 507 3218 ad
534 3163 662 3237 propria.
693 3163 732 3218 lla
756 3163 805 3219 illo
860 3166 1000 3231 ollensus,
1017 3170 1049 3220 ut
1063 3166 1140 3221 sensi
1158 3164 1241 3221 illurn
1257 3167 1293 3222 ad
1309 3167 1412 3223 boram
1423 3172 1686 3247 amaricatumse·

97 3252 146 3311 die
162 3254 194 3310 in
211 3253 312 3309 eadem
330 3250 461 3319 basilica,
486 3253 631 3325 praecipue
646 3252 681 3306 ad
702 3237 841 3308 romu-G
860 3253 934 3309 eessi
950 3252 979 3309 in
994 3252 1075 3309 aliud
1089 3254 1254 3311 coenebium
1271 3255 1365 3329 ipsius
1379 3256 1688 3321 ditioniminimesub·

85 3342 174 3401 oriem
190 3341 340 3414 martyris,
358 3341 438 3396 sacta
453 3346 522 3397 sunt
535 3340 715 3398 multimode
726 3358 806 3397 cura·
860 3343 969 3411 ditum;
982 3364 996 3394 o
1012 3343 1143 3415 dumque
1157 3342 1217 3399 illic
1234 3344 1380 3417 degerem,
1398 3345 1529 3405 astitisse
1544 3350 1617 3408 mibi
1628 3370 1688 3411 una

85 3432 270 3489 diversarum
287 3430 503 3500 infirmitatum,
520 3431 805 3504 quaeetiamobmul·
860 3435 942 3487 nocte
955 3431 1038 3487 visus
1050 3437 1094 3488 est
1111 3436 1227 3505 aspectu
1256 3432 1380 3505 placido,
1406 3451 1441 3491 ac
1466 3452 1557 3494 manu
1580 3438 1688 3513 injecta

85 3524 162 3579 stem
179 3519 269 3575 scribi
301 3525 458 3592 nequeunt.
485 3519 540 3575 Sed
565 3525 593 3577 et
610 3519 716 3594 siquis
738 3537 804 3576 cum
859 3525 948 3593 eaput
963 3518 1035 3577 mihi
1051 3518 1222 3577 demulcens
1237 3520 1347 3578 aiebat:
1364 3547 1378 3574 a
1395 3524 1476 3600 Rogo
1492 3543 1528 3584 ne
1543 3544 1590 3585 mo
1604 3531 1687 3587 dese·

85 3626 134 3667 ena
147 3608 206 3665 sibi
220 3609 383 3680 deposcens
399 3625 579 3681 quacunque
595 3607 688 3676 utilia,
706 3609 805 3683 procul
860 3626 908 3665 ras
923 3610 980 3679 (37)
997 3608 1021 3664 si
1038 3624 1096 3665 uon
1111 3612 1140 3665 te
1155 3626 1254 3666 amare
1269 3610 1688 3691 fingebamquinpotiusexer·

85 3696 271 3771 adipiscitur,
279 3696 304 3752 si
314 3696 381 3756 talis
394 3696 470 3752 situl
482 3703 806 3770 promereatursancto·
860 3714 923 3755 cere
937 3702 965 3754 te
979 3698 1064 3771 cupio
1079 3715 1143 3771 quar
1159 3699 1346 3773 promiseras.
1364 3702 1461 3775 Ipsius
1476 3721 1605 3779 namque
1627 3707 1686 3764 im·

85 3785 178 3845 ieritis
194 3790 223 3841 et
237 3784 431 3841 orationibus.
860 3786 939 3860 perio
953 3788 1081 3843 maxima
1091 3788 1153 3858 J'am
1169 3804 1203 3844 ex
1219 3792 1301 3861 parte
1308 3794 1479 3848 eventorum
1490 3801 1578 3868 atque
1588 3797 1685 3869 prodi·

91 3876 247 3933 Wittetmos
274 3876 419 3930 miraculis
448 3876 541 3932 claret.
571 3878 653 3932 Morte
678 3878 806 3948 punitum
859 3876 985 3950 giorum,
1002 3893 1065 3950 quar
1082 3876 1159 3932 eirca
1173 3882 1202 3932 et
1217 3876 1294 3934 intra
1308 3878 1616 3940 incarnatiSalvatoris
1631 3901 1685 3941 an·

85 3972 102 4023 t.
119 3995 154 4009 -
169 3964 229 4021 Nec
244 3965 490 4036 praetereumdum
507 3965 591 4022 nobis
601 3964 715 4022 videtur
727 3968 804 4040 quod
860 3964 1683 4040 numcontigeremillesimum,deseripseram.0uaetiam

85 4054 159 4127 atris
169 4050 312 4131 Willelmi
320 4052 448 4126 alloquio
458 4054 541 4109 multi
556 4054 702 4111 luerintin
709 4061 806 4112 mente
860 4071 949 4112 causa
959 4054 995 4111 ad
1010 4070 1137 4127 praeseus
1149 4070 1226 4134 ¹opus
1241 4070 1287 4110 me
1302 4055 1445 4128 compulit
1459 4057 1685 4116 inflecterearti-

85 4138 229 4219 5,'‚plures
244 4140 332 4198 etiam
348 4142 378 4197 in
394 4159 513 4215 corpere
523 4147 601 4200 tactu
617 4144 748 4216 ejusdem
759 4162 805 4201 re·
860 4142 969 4198 culum.
986 4141 1097 4198 Idcirco
1112 4157 1215 4198 omnes
1229 4142 1338 4216 pariter
1362 4160 1413 4200 oro
1429 4161 1465 4200 ne
1486 4150 1605 4219 propter
1628 4147 1683 4204 boo

85 4232 149 4301 reti,
169 4231 301 4289 oratione
317 4231 479 4301 refocillati,
504 4233 668 4289 visitatione
691 4235 805 4290 contor-
861 4229 1065 4304 praJudieium
1079 4231 1115 4288 de
1130 4247 1176 4287 me
1191 4230 1253 4288 ssat.

85 4318 297 4381 benedictione
309 4321 607 4395 firmati;etquamvis
619 4340 696 4380 nunc
707 4325 805 4381 minus
895 4322 939 4375 28.
970 4320 1100 4376 Omnium
1127 4335 1194 4390 erqo
1219 4335 1282 4375 eum
1307 4321 1469 4378 reuerentia.
1484 4322 1685 4380 —lteatitudo

85 4428 120 4469 ur
132 4412 214 4486 qued
232 4410 301 4466 olim
326 4411 432 4467 Christi
456 4413 631 4484 sequacibus
657 4414 723 4471 risui
741 4414 805 4479 luit,
861 4409 950 4483 igitur
964 4408 1062 4465 eximii
1072 4407 1166 4466 Patris
1180 4407 1321 4466 Willelmi
1331 4411 1396 4483 jam
1411 4409 1447 4467 ad
1458 4414 1571 4469 tantam
1585 4427 1684 4469 exore-

85 4498 302 4568 remensum,
324 4517 418 4573 pauca
442 4504 540 4557 tamen
556 4502 591 4557 de
611 4500 756 4574 pluribus,
775 4507 807 4560 ut
860 4502 941 4555 verat
952 4496 1163 4567 excellentiam,
1180 4501 1213 4553 ut
1226 4503 1348 4556 cunctas
1374 4498 1448 4556 Latii
1468 4516 1501 4557 ac
1524 4498 1686 4559 Galliarum

86 4606 204 4656 sumus,
214 4606 279 4662 quae
291 4588 434 4645 Dominus
445 4589 595 4664 parisium
609 4595 806 4663 operatusest,
822 4609 846 4676 D
861 4586 1215 4662 provinciasipsiusamor
1224 4588 1409 4646 aeveneratio
1423 4594 1598 4664 penetraret.
1612 4591 1685 4652 Nam
1744 4590 1748 4597 ’

85 4676 125 4747 ua.
136 4676 639 4752 Revertentinamqueilliquondam
652 4681 808 4737 acoenobio
864 4694 946 4751 regas
961 4683 993 4733 ut
1005 4680 1129 4751 patrem,
1145 4677 1298 4750 pentillces
1313 4684 1346 4734 ut
1361 4678 1548 4751 magistrum,
1565 4680 1686 4736 abbates

93 4766 219 4825 Viventii
227 4768 487 4837 contessoris,cum
490 4770 554 4840 jam
562 4769 809 4842 appropinquaret
863 4770 892 4821 et
906 4746 1041 4822 maniachi
1058 4768 1091 4821 ut
1104 4764 1325 4849 archangelum,
1339 4766 1643 4823 omuesineommuae
1654 4771 1687 4823 ut

89 4856 402 4932 Benignimonasterio,
417 4857 530 4912 obviam
542 4856 809 4931 habuitpromiscui
864 4856 913 4912 Dei
930 4856 1058 4911 amicum
1074 4870 1192 4926 suaeque
1202 4859 1407 4928 praeceptorem
1417 4853 1685 4912 salutisbabebant.

85 4938 197 5011 turbam
212 4944 399 5019 plangentem
415 4961 447 5001 ac
464 4947 652 5018 repedantem
668 4964 685 5004 a
699 4952 810 5020 specta·
864 4944 934 5009 Quis
949 4945 1028 5001 enim
1044 4959 1175 5016 unquam
1191 4942 1268 4999 alius
1283 4947 1387 5017 prater
1401 4959 1468 5000 eum
1482 4942 1687 5000 veneticorum
1708 4968 1711 4973 ·

85 5032 221 5107 ejusdam
237 5034 404 5101 miserrimi,
420 5032 552 5091 ridelicet
567 5052 601 5092 ex
609 5036 741 5108 ejusdem
750 5054 810 5095 ser·
865 5038 981 5108 gentem
996 5031 1026 5090 in
1042 5037 1102 5089 tam
1117 5032 1213 5089 amica
1222 5031 1420 5089 familiaritate
1429 5029 1690 5107 babuitillxagge·

85 5120 216 5183 riamilia
231 5123 324 5181 saneti
350 5123 481 5197 Benigni,
506 5142 593 5197 quom
619 5125 811 5199 magistratus
866 5121 1129 5181 rativesecundum
1138 5120 1464 5195 Apostolumfflototuv,
1479 5119 1687 5195 15)loquimur,

85 5224 115 5291 ue
127 5213 288 5271 candetum
305 5218 454 5286 morteque
470 5214 671 5285 suspensionis
687 5214 811 5287 patibuli
866 5210 1017 5283 quoniam,
1030 5207 1056 5265 si
1072 5207 1134 5265 fleri
1148 5207 1592 5283 possetoculossuoseruiqsent,
1603 5209 1690 5267 etde·

85 5292 188 5369 thurum
205 5300 424 5359 deliberaverat.
441 5302 522 5366 Quod
539 5302 713 5359 audiensvir
727 5304 812 5360 mise·
866 5298 979 5357 dissent
993 5298 1029 5354 ei.
1046 5295 1196 5370 Siquidem
1212 5294 1315 5364 Ursus,
1330 5296 1497 5371 patriarcba
1510 5295 1693 5372 illorum,ip·

85 5386 233 5469 numiano
248 5389 361 5461 distans
375 5389 479 5462 aleco,
494 5390 616 5449 dimisso
642 5408 717 5465 equo
743 5390 812 5448 illue
867 5387 930 5444 sius
945 5385 1038 5443 saneti
1050 5384 1144 5443 Patris
1158 5384 1286 5443 decrevit
1299 5384 1692 5461 efficimonaebus.Sedqula

85 5468 166 5561 iltius
179 5496 345 5559 occurrens,
362 5479 417 5536 hoc
431 5483 547 5537 tantum
556 5480 687 5537 dicebat:
702 5504 716 5532 «
731 5481 811 5550 lesu,
867 5477 930 5550 ipse
946 5474 1134 5550 dispendium
1149 5473 1229 5531 illius
1244 5472 1350 5550 gentis,
1367 5475 1446 5559 quod
1458 5473 1693 5550 ioreutprotauti

85 5558 316 5645 aqaipspercisti
344 5568 450 5629 latroni
466 5570 496 5627 in
522 5586 607 5629 cruos
632 5571 780 5633 miserere.
798 5592 812 5623 »
868 5563 1003 5631 absentia
1016 5562 1081 5637 viri,
1095 5563 1297 5637 considerans,
1311 5562 1354 5624 illi
1363 5564 1394 5625 iu
1403 5581 1459 5627 suo
1469 5563 1619 5651 proposito
1629 5576 1696 5642 per}

85 5642 176 5725 illibi
184 5648 274 5737 z'lto'ao
285 5677 321 5722 cr
334 5676 377 5720 me
390 5660 489 5725 discos.

1707 5634 1767 5740 Ι
