3884 6084
1738 295 1813 360 {lto

435 299 625 367 aristone
647 300 761 366 cuuul
783 303 994 389 cauulcaul
1017 303 1093 368 PRO
1115 302 1239 367 austu
1261 298 1483 367 anemuri.

109 294 186 362 trau

109 445 176 494 rum
191 433 285 508 lueret
296 432 514 504 minitetusmre
524 434 665 512 sacrilege
674 454 732 512 quo
742 435 834 511 impla
843 437 930 494 verbe
944 439 973 507 A:
986 437 1054 495 tldei
1068 439 1133 511 ejus
1147 436 1276 500 ettloema
1289 435 1319 494 id
1335 436 1469 494 obtinere
1483 432 1652 493 meruitlts
1666 437 1769 490 etitem
1781 447 1814 490 ex

109 524 270 600 protulerat
292 524 407 582 hostilis
422 523 512 600 gladii
526 526 690 584 abscisione
709 531 754 585 cst
768 526 931 584 mutilatus.
987 527 1042 584 hac
1068 527 1208 584 relatione
1234 542 1395 601 arguemur
1422 523 1578 593 mendacii,
1609 523 1742 596 tetreque
1769 518 1814 578 un

147 615 192 672 Ι8.
208 615 334 688 Dignum
349 619 395 672 est
409 616 445 671 ed
461 620 645 689 posterorum
661 617 833 673 memoriam
853 615 933 672 aliud
987 617 1086 674 volum
1114 617 1259 673 habeatur
1272 616 1362 689 hujus
1388 615 1489 689 seriptl
1517 611 1707 678 memoriale,
1722 608 1814 684 prole·

111 703 285 761 miraculum
301 704 934 778 supradictisaddera,quoddivinnpotentie
989 705 1082 762 amus
1109 710 1168 762 tres
1189 705 1310 762 idoneos
1336 708 1438 771 testea,
1462 719 1589 778 quorum
1615 701 1734 774 judicio
1755 699 1815 773 lat„

111 791 141 850 ia
157 791 296 850 manibus
307 793 397 866 hujus
418 795 564 867 pontilicis
579 798 698 868 operate
713 799 767 862 est,
779 811 813 851 ex
828 812 862 850 ec
876 812 935 866 quo
988 794 1107 867 indicio]
1122 795 1152 850 id
1166 793 1250 851 uobis
1270 794 1459 868 postmodum
1479 791 1610 867 contigit
1631 804 1793 864 agnoscere
1808 806 1814 845 ι

111 881 353 954 ergel’etmnum
369 887 500 939 nostrum
517 883 835 956 llegrebetdevotione.
851 885 936 939 Anno
989 884 1141 958 llugonem
1170 883 1303 940 videlicet
1334 883 1541 940 Nivernensem
1573 880 1762 954 episcopum,
1790 884 1818 934 et

112 969 191 1026 enim
203 971 337 1028 'seeundo
352 976 419 1044 post
444 971 635 1044 expletionem
663 989 763 1028 eornm
783 989 847 1044 quae
863 988 934 1044 pre·
990 972 1650 1047 Hugonechmensisecolssiediaconumt
1659 967 1815 1042 quemdem

112 1059 206 1116 misae
220 1063 367 1127 nentrum
385 1061 483 1116 Rome
506 1065 678 1122 moraretur.
695 1074 766 1117 casu
788 1061 936 1116 accidente
990 1051 1817 1135 clericum,A'ylenerdiquondamLugdunensiamolriepi·

113 1163 165 1222 per
179 1148 324 1221 pincernas
340 1148 496 1216 incuriam,
512 1164 564 1205 vas
580 1149 652 1205 illud
668 1150 791 1205 tractum
803 1148 935 1221 estquod
991 1151 1072 1224 scopi
1093 1149 1288 1222 capellanum,
1316 1150 1434 1207 nomine
1458 1146 1650 1206 Benedictum
1669 1162 1676 1202 :
1694 1160 1816 1218 quorum

114 1236 171 1295 sibi
184 1236 360 1295 deturpasse
374 1251 391 1295 a
406 1240 526 1313 praeleto
541 1240 646 1296 abbate
667 1239 818 1295 Herimaro
831 1239 861 1292 in
878 1236 942 1317 pri-t
992 1241 1050 1296 deo
1065 1239 1152 1313 primi
1162 1239 1285 1296 coneilio
1295 1240 1331 1295 ab
1341 1238 1444 1296 eodem
1456 1240 1579 1311 pepaut
1588 1231 1684 1292 morie
1694 1228 1737 1289 illi
1747 1237 1816 1297 eret,

115 1327 237 1384 merdils
250 1327 340 1397 hujus
356 1326 489 1395 oprrsculi
506 1333 701 1385 memoratum
717 1330 771 1384 est.
790 1326 871 1392 Quod
887 1325 936 1380 ubi
992 1328 1095 1402 quinto
1109 1327 1222 1385 decimo
1232 1328 1280 1384 die
1290 1333 1357 1402 post
1370 1328 1551 1400 Domrntcnm
1563 1323 1816 1383 Resurrectionem

114 1426 166 1489 pre
182 1420 259 1473 certo
275 1419 402 1487 agnovit,
415 1416 599 1489 aliquantum
614 1418 739 1490 graviter
757 1416 834 1472 tulit.
860 1414 940 1471 Licet
992 1418 1090 1473 Rome
1104 1417 1454 1486 hebitointcrluerunt‚et
1464 1417 1543 1488 quod
1554 1412 1763 1472 retulimusab
1774 1408 1818 1466 laia

115 1504 194 1561 enim
208 1504 305 1578 multe
316 1504 825 1579 haberstplurispretiipreoeteris
840 1508 938 1560 temen
993 1507 1044 1580 qui
1059 1511 1216 1580 presentes
1227 1506 1363 1564 riderent
1375 1503 1404 1562 id
1417 1519 1484 1562 vere
1502 1505 1613 1562 laetam
1633 1498 1816 1559 ementes

116 1591 190 1649 illud
198 1591 421 1666 diligebatquia
431 1593 459 1648 in
473 1593 556 1650 initio
564 1594 746 1667 apostolatus
756 1594 802 1650 sni
813 1610 849 1649 ox
857 1597 940 1665 parte
993 1600 1078 1665 runt;
1093 1594 1198 1652 tertius
1212 1600 1280 1653 vero
1304 1611 1371 1651 eum
1387 1593 1571 1651 dominusne
1586 1595 1721 1664 presens
1732 1589 1818 1645 inter·

116 1681 209 1738 annoti
226 1681 350 1755 Remigii
363 1681 420 1738 sibi
435 1681 560 1740 missum
576 1684 742 1751 asserebam
759 1683 883 1754 ideoque
902 1680 939 1736 ed
993 1683 1090 1751 irritet
1104 1685 1182 1756 qnod
1196 1683 1322 1740 videndo
1346 1681 1487 1756 comperit
1511 1679 1598 1738 nobie
1617 1682 1692 1753 poet
1711 1675 1819 1749 eliquat

13 1828 24 1847 ⁸
116 1769 277 1827 bibendum
291 1785 383 1843 supra
393 1775 497 1827 cetera
511 1788 576 1844 ques
591 1777 674 1828 erent
685 1772 714 1827 in
725 1771 866 1843 obsequio
875 1771 940 1841 ejus
993 1789 1088 1829 anuos
1102 1773 1322 1830 sciscitantibus
1337 1772 1476 1828 indicavit
1489 1767 1558 1845 (23).
1570 1766 1624 1824 Vir
1634 1767 1765 1840 denique
1776 1777 1819 1822 ve-

8 2302 16 2319 '
120 2312 221 2360 eornm
236 2302 408 2371 alludentes,
418 2304 495 2361 serta
509 2309 538 2360 et
557 2304 644 2361 alacri
660 2305 849 2378 responsione
863 2303 944 2358 dixe-

116 1857 160 1915 illi
174 1857 377 1916 delectabilius
391 1876 455 1916 esse
470 1860 591 1918 solebat.
599 1866 673 1917 Dum
687 1877 756 1935 ergo
771 1876 838 1916 oum
854 1858 940 1931 spicia
995 1860 1135 1919 nerebilis
1148 1859 1345 1934 sepedictam
1356 1859 1522 1934 apostolum
1535 1854 1723 1916 nestrumeu
1732 1849 1819 1927 mapa

116 1947 250 2004 tualibus
272 1948 452 2022 quibusdem
475 1949 545 2006 uiris
560 1951 610 2022 qui
631 1950 657 2006 ei
674 1954 832 2022 presentes
847 1951 939 2014 erant,
996 1950 1117 2007 ferventi
1130 1937 1821 2021 excolensdilectionc‚eumquesummoperede

118 2036 242 2111 placido,
260 2041 293 2095 ut
306 2050 423 2112 semper
442 2044 514 2106 eret,
539 2039 631 2104 vultu,
658 2040 694 2096 de
709 2039 811 2095 eodem
833 2037 942 2093 domno
996 2040 1130 2096 siderans
1145 2039 1339 2105 honorare,et
1353 2038 1433 2095 illius
1457 2035 1676 2095 monesterium
1690 2043 1746 2089 sira
1759 2039 1823 2088 aue·

118 2131 322 2201 conqueretur,
338 2133 368 2185 et
391 2128 503 2185 aurilea
529 2129 641 2201 peritus
664 2127 812 2184 retloiendi
838 2125 942 2197 hujus·
996 2128 1113 2185 toritste
1128 2126 1293 2194 nobilitare,
1309 2127 1465 2202 epistolem
1490 2128 1555 2198 qus
1577 2124 1668 2181 laude
1688 2122 1822 2179 aetertum

118 2215 198 2272 modi
208 2215 367 2272 tracturam
376 2216 454 2274 ebeo
464 2215 593 2289 perquiri
604 2213 942 2289 preciperetur‚quldem
996 2216 1102 2274 direxit
1114 2219 1221 2273 senate
1235 2215 1369 2273 Ecclesiae
1384 2215 1453 2273 tiliis
1462 2215 1493 2272 ia
1504 2214 1629 2272 Francia
1642 2206 1823 2274 emulum.

998 2312 1057 2378 qua
1071 2305 1198 2363 decrevit
1211 2305 1288 2378 apud
1304 2321 1354 2363 eos
1363 2295 1823 2375 haberieolebremipeiunencd

121 2391 278 2464 mntquon
288 2396 409 2448 sanctus
419 2391 510 2459 himin
525 2394 610 2464 cujus
625 2392 697 2449 illud
709 2397 789 2450 tento
804 2408 871 2464 pere
882 2407 945 2447 em·

122 2478 824 2554 plectebaturdevotione,tsntiessetepudlteum
835 2477 945 2543 meriti,

50 2624 53 2634 ,
122 2567 944 2642 uteiidemvesintegrumsuaretormerstintercessione.

121 2660 159 2716 et
170 2656 221 2714 illo
235 2657 310 2715 nihil
322 2674 354 2715 ee
368 2659 437 2715 inde
451 2658 584 2715 diffidere
598 2675 666 2715 oum
682 2656 829 2732 mutuati
838 2657 946 2728 jucnn-

122 2747 213 2805 ditete
226 2747 418 2820 respondens,
434 2749 556 2821 ejusque
570 2748 693 2804 virtutes
714 2746 869 2820 multiplici
886 2762 947 2815 ser-

123 2845 210 2894 mons
225 2848 469 2911 exaggeransque
478 2837 604 2894 tractum
615 2837 672 2894 sihi
684 2835 787 2893 deterri
800 2833 946 2908 precepit.

124 2927 186 2994 Quo
200 2924 307 2994 delato,
324 2926 455 2983 avulsam
471 2926 539 2988 inde
563 2925 735 3000 perticulam
755 2937 809 2981 suo
825 2924 887 2981 loco
903 2939 947 2980 rs·

105 3042 110 3048 ·
124 3013 481 3089 postuletquesiaurifici
491 3014 528 3070 ad
541 3013 730 3071 reficiendum
740 3015 949 3081 reservaretur,

124 3104 244 3179 signum
259 3106 357 3160 temen
369 3103 510 3170 crucient
522 3103 651 3172 tertonei
666 3106 749 3159 eunte
764 3101 948 3174 imprimens,

999 2394 1263 2468 festivitatemque
1274 2393 1411 2451 recolitur
1433 2391 1578 2450 Kalendae
1596 2389 1745 2448 Oottbrie.
1766 2386 1824 2444 Plu·

999 2484 1076 2540 rima
1087 2484 1175 2540 etiem
1186 2483 1460 2541 edeeoleeisstiosm
1469 2480 1629 2538 utilitatem
1640 2473 1823 2552 pertinentia,

1000 2588 1065 2646 qno
1080 2572 1237 2645 inpretote
1247 2571 1397 2646 amedeis
1407 2572 1472 2643 ejus
1481 2567 1602 2626 basilica
1611 2563 1825 2624 habitetraota·

1000 2666 1090 2731 veret,
1102 2660 1195 2734 jessit
1209 2661 1288 2735 apud
1314 2670 1365 2718 eos
1378 2658 1564 2734 capitulatim
1578 2654 1689 2730 digeri,
1705 2659 1736 2715 et
1756 2654 1825 2709 ieter

1002 2751 1177 2808 orthodoxos
1191 2754 1319 2808 canones
1334 2746 1484 2806 numerari
1500 2747 1605 2819 :cujus
1620 2743 1758 2819 ammeta
1772 2747 1825 2798 ter·

1002 2844 1077 2906 tum,
1093 2839 1165 2913 quie
1188 2840 1258 2896 erdo
1281 2836 1458 2895 narrationis
1480 2834 1596 2891 ridetur
1620 2833 1750 2908 estsere,
1764 2830 1827 2887 aaa

1002 2928 1083 3001 operi
1104 2927 1228 3002 dignum
1253 2927 1454 3001 judicavimus
1481 2926 1621 2983 inserere.
1645 2917 1743 2996 llatae
1766 2926 1829 2976 tete

1003 3017 1152 3093 exemplar
1165 3016 1337 3090 hrrjusmodi
1353 3019 1408 3072 est

1199 3105 1326 3178 Epistola
1342 3105 1414 3163 teeti
1432 3105 1530 3163 amau
1542 3115 1637 3176 pepe.

127 3193 243 3253 meandi
251 3193 435 3265 jussittiuod
447 3194 477 3251 in
488 3193 616 3250 orestino
624 3189 951 3248 velutoousarelrciendi
966 3184 988 3250 G
1042 3195 1099 3252 Leo
1114 3194 1281 3268 episcopas,
1297 3198 1353 3251 eto.

126 3277 951 3356 commeantum-,itooperationedivinniutegrumestin-

125 3374 293 3438 veu‘tutmut
303 3371 417 3429 nullum
428 3371 457 3426 iu
473 3388 506 3428 eo
517 3371 650 3427 fracture
664 3372 763 3443 posset
775 3366 893 3441 reperiri
903 3382 950 3423 red

127 3459 322 3534 stiginmrlleo
332 3457 726 3533 i‘taqaevidensuenerabilis
740 3455 879 3530 papa,Dei
893 3470 953 3512 orn·

128 3547 631 3621 nipotantiamonlleudnvitethujus
648 3543 781 3602 miraculi
795 3543 953 3602 novitatem

129 3634 749 3708 meritisbeotiRemigiiascripsit‚percujus
757 3633 954 3689 interventum

1054 3285 1131 3359 (Vide
1145 3285 1175 3340 in
1188 3287 1216 3340 S.
1234 3285 1329 3340 Leone
1344 3283 1389 3352 ΙΙΙ,
1409 3282 1577 3352 Potreteutae
1586 3286 1646 3338 ren
1659 3277 1787 3350 dfflll.)

1005 3375 1189 3444 renuerem
1210 3373 1307 3430 altaria
1329 3371 1444 3444 motoris
1468 3370 1592 3428 ecclesie
1606 3363 1832 3438 amatum

1343 3453 1493 3510 lteruirttn

1041 3542 1099 3599 ‘lieo
1112 3541 1280 3616 episcopus,
1290 3544 1350 3598 eto

1289 3629 1367 3704 (vias
1380 3629 1430 3686 uti
1446 3627 1553 3702 caprei.

165 3759 223 3832 (23)
237 3754 289 3817 uls
303 3759 379 3818 adde
392 3760 538 3817 Victorem
555 3759 604 3828 ΙΙΙ,
627 3757 679 3816 lib.
696 3762 727 3815 tu
756 3755 877 3831 Biston:
896 3755 1062 3813 Brauonem
1077 3753 1274 3830 Siguteosem,
1290 3744 1466 3823 wibertum,
1481 3755 1536 3810 eta.

481 4122 815 4235 aristoni
859 4110 1063 4228 ruant
1103 4107 1488 4226 canticare

421 4358 508 4419 PRO
537 4356 812 4418 RRNOVANRA
842 4351 1005 4415 saucul
1037 4350 1217 4414 uutttan
1245 4343 1553 4412 uusutvl're‘ru

172 4698 322 4761 Uniusmis
337 4713 389 4772 per
403 4695 513 4754 Gallias
539 4692 696 4768 episcopis,
720 4697 812 4748 coetus
826 4690 961 4748 lloolesise
976 4693 1000 4760 l)
1014 4689 1056 4746 vit
1069 4685 1401 4761 charitesvsstre‚quasi
1411 4686 1561 4743 secundus
1571 4682 1844 4754 silvester.suudiu

137 4791 293 4850 Gallicana
307 4787 434 4845 salutem
449 4786 480 4841 in
495 4784 627 4841 Domino.
644 4783 716 4839 Cum
729 4781 823 4838 sancti
838 4773 962 4854 Remigii
1017 4779 1132 4835 Christo
1144 4777 1205 4851 regi
1215 4775 1332 4834 mortali
1342 4773 1691 4850 purpura‚uhtooeueam
1700 4776 1845 4837 assurim

138 4876 349 4954 archispisoopi
367 4875 520 4932 Remensis
544 4871 649 4930 festive
663 4870 818 4927 celebritas
829 4875 894 4926 tum
910 4869 963 4926 llo·
1017 4872 1161 4940 tanquam
1175 4881 1283 4924 novum
1303 4865 1540 4931 Constantinum,
1563 4862 1690 4936 mjeetm
1709 4858 1847 4919 inanibus

139 4968 233 5026 oleata
248 4966 403 5026 Gallicane
417 4962 624 5029 conciliis,tnm
641 4975 824 5017 summorum
846 4958 965 5032 pontiss·
1019 4956 1076 5014 diis
1091 4956 1191 5014 docuit
1204 4956 1326 5013 adorare
1341 4954 1420 5028 quod
1444 4953 1625 5014 incenderat.
1640 4957 1670 5008 et
1690 4950 1848 5008 meander!

141 5072 208 5113 oum
232 5057 367 5124 decretis,
379 5068 543 5128 regumque
557 5054 725 5107 nostrorum
752 5046 966 5122 capitularibus
1020 5038 1849 5120 qnodadoraveretmcdemummiraenlisatqnedootrim

141 5144 303 5202 luculenter
316 5162 368 5219 per
381 5141 540 5201 totsaeonla
558 5139 672 5197 sancita
686 5137 734 5204 sit,
750 5141 879 5193 ettamen
892 5134 966 5193 illud
1020 5135 1057 5196 ed
1073 5135 1141 5192 fidei
1157 5135 1395 5192 communionem¹
1420 5131 1555 5190 adductis
1565 5146 1635 5188 oum
1650 5128 1787 5203 principa
1801 5143 1848 5200 po-¹

141 5233 301 5307 lugendum
318 5233 548 5304 occiditurque
563 5228 659 5301 magis
671 5229 968 5283 vetustatecommen·
1022 5223 1109 5299 pulis,
1121 5228 1150 5281 et
1165 5221 1336 5280 idololatrie
1360 5221 1448 5295 lepre
1473 5236 1578 5293 nempe
1590 5217 1711 5288 veteris,
1729 5212 1848 5274 ulmeri

143 5321 240 5379 dende
255 5321 357 5389 lueret,
374 5322 546 5394 frigescente
566 5316 743 5393 populorum
768 5314 875 5387 pietate
894 5314 966 5371 obli·
1020 5314 1134 5371 lauacro
1150 5311 1250 5370 abluta
1265 5312 1443 5367 Francorum
1459 5308 1535 5379 labe,
1552 5309 1678 5382 huiusce
1693 5300 1849 5366 Christiani

143 5415 236 5469 terete
251 5408 295 5465 vel
311 5409 370 5464 tere
385 5408 569 5477 sileetnr‚aut
583 5406 688 5464 saltem
703 5404 776 5460 tanti
789 5404 968 5461 Francorum
1023 5401 1105 5477 regni
1116 5403 1172 5460 sub
1182 5399 1443 5458 christianissimis
1468 5397 1586 5472 regibus
1610 5397 1760 5455 dedicerit
1772 5391 1849 5451 Chri·

144 5499 268 5576 apostoli
283 5500 312 5554 et
326 5497 453 5553 doctoris
469 5513 526 5552 non
548 5486 701 5571 condignis
716 5488 880 5552 honoribus
895 5494 969 5551 ocle-
1024 5498 1070 5550 sto
1086 5478 1416 5565 primitiase'tilcolosie
1431 5505 1491 5546 sue
1506 5484 1724 5562 primogenitos
1743 5479 1850 5561 peperit

145 5591 231 5659 brata
244 5586 386 5645 memorie
400 5584 584 5644 vilescetllle
598 5581 688 5655 euim,
704 5583 782 5666 siem
797 5574 906 5657 optimo
921 5601 971 5642 no·
1025 5585 1113 5655 atque
1127 5580 1305 5641 oounmrss.
1320 5579 1452 5652 Quaque
1480 5577 1624 5652 gauderet
1638 5569 1848 5649 (ηαλμ
