3900 6098
1773 119 1836 188 688

108 100 172 169 03⁸1
548 102 824 171 absumit-nuti
846 106 950 171 LIBRI
971 107 1161 185 QUINQUE.
1185 142 1228 159 -
1249 110 1326 177 uls.
1348 113 1403 179 lll.

110 243 203 316 toque
215 232 328 308 triduo,
340 235 451 297 audivit
464 236 492 297 is
504 237 559 313 qui
570 240 720 314 pendebat
731 240 950 316 daoresjuxta
963 242 991 312 Α
1005 264 1063 321 quc
1076 264 1144 305 casu
1156 244 1328 321 potuissent
1341 247 1379 307 ab
1393 248 1548 312 codicelli.
1562 249 1618 323 out
1631 268 1770 332 egressm
1783 258 1835 317 de·

110 334 329 407 pmmreuntes
355 328 546 387 sermocinari
569 330 607 387 ad
630 329 768 388 inlicem.
783 332 838 398 Oui
853 333 948 392 excla-
1001 338 1070 394 tulit
1084 337 1199 395 litteras
1216 336 1358 410 predicto
1372 341 1499 417 principi
1518 345 1640 403 reiectas
1654 344 1723 405 dolo
1740 352 1769 405 et
1784 364 1835 407 ne·

110 438 200 481 mana
214 436 287 478 voce
302 436 362 494 qua
377 418 481 492 potuit,
497 419 535 475 ad
551 420 760 493 deponendum
775 438 807 479 se
822 428 947 496 quanto·
1001 428 1112 501 quitia;
1128 432 1157 485 et
1173 430 1329 500 quoniam,
1346 429 1402 487 nisi
1418 433 1542 491 celerius
1555 434 1676 492 domum
1690 435 1831 499 Christia-

110 512 176 571 ta'uc
202 512 306 568 venire
319 510 453 584 rogabat.
471 507 516 565 illi
531 525 601 566 vero
615 510 769 568 audientes
788 512 949 571 daemonica
1002 534 1107 574 norum
1121 513 1322 573 venerabilem
1338 519 1528 587 subverteret,
1545 521 1634 577 sciret
1648 539 1681 580 se
1693 523 1723 581 in
1736 525 1833 597 proxi·

109 602 175 661 llcri
190 600 333 658 illusione
346 599 514 656 credebant.
532 599 735 657 Proclamante
750 617 868 674 quoque
883 603 947 675 ipso
1002 623 1084 664 mum
1100 604 1279 664 Christianis
1293 622 1418 679 regnum
1433 608 1514 665 illius
1527 612 1739 683 aucupantibus
1749 615 1832 673 omni

108 690 272 758 attentius,
283 705 374 763 aeque
383 687 480 745 vivere
491 688 669 756 affirmante,
680 697 870 748 occurrerunt
879 692 946 759 viri,
1001 697 1120 770 penitus
1134 695 1281 771 dignitate
1295 698 1462 753 carere.His
1476 714 1544 755 varo
1557 699 1693 773 princeps
1707 700 1831 772 auditis,

108 779 263 839 wlvcntcs
272 777 358 835 illum
368 778 579 851 depttfltfflwssi·
590 778 646 844 01¹i
657 779 816 851 perductus
831 781 867 836 td
878 781 948 836 civi·
1001 786 1136 861 protinus
1160 786 1261 842 surore
1287 790 1432 858 arreptus,
1445 786 1529 843 misit
1550 787 1782 863 Hierusolymam
1795 792 1833 848 de

108 872 217 939 tatem,
233 869 308 925 dum
330 870 571 941 percunctaretur
597 868 745 940 quomodo
774 869 893 925 tandem
914 869 946 926 in
1001 876 1125 948 suisqui
1139 872 1831 952 predictumlunditnssubverterenttemplum.

108 957 249 1034 patibulo
270 957 402 1032 pendeus
426 971 492 1013 sese
517 954 680 1026 habuisset,
696 957 816 1014 aiebat:
838 958 946 1015 «Dum
999 964 1055 1030 Qui
1080 964 1232 1021 venientes
1260 963 1393 1020 iecerunt
1416 970 1450 1021 ut
1472 964 1517 1021 als
1531 966 1625 1023 iuerat
1639 967 1832 1040 imperatum.

108 1064 223 1113 oesem,
236 1045 698 1119 inquiens,junior,acoeptajam
710 1047 946 1121 conjuge,exccpi
1002 1058 1102 1127 lpsum
1117 1069 1236 1126 quoque
1260 1068 1420 1109 concavum
1446 1053 1573 1126 sepulcri
1595 1056 1745 1113 tumulum
1758 1057 1830 1115 ferri

107 1154 179 1197 cum
202 1138 274 1211 ipsa
296 1135 426 1192 oblatum
451 1133 526 1191 mihi
541 1151 559 1190 a
574 1135 702 1207 quodam
716 1136 753 1192 dc
768 1152 851 1193 sacro
867 1137 947 1194 fonto
1000 1143 1146 1200 iuditibus
1170 1157 1314 1215 quassare
1340 1144 1488 1199 tentantes
1512 1143 1635 1201 minime
1660 1145 1828 1202 valuerunt.

107 1227 251 1293 filiolum,
268 1225 316 1281 cui
343 1224 433 1280 etiam
454 1223 661 1280 consensimus
684 1226 764 1293 dare,
781 1241 817 1282 ex
845 1231 947 1284 nostra
1000 1232 1181 1289 'l'uneetiam
1192 1230 1270 1287 beati
1280 1229 1419 1303 martpris
1427 1230 1545 1305 Georgii
1560 1232 1712 1290 ecelesiam
1724 1235 1754 1289 in
1771 1234 1830 1291 Ra-

106 1332 201 1391 parva
211 1311 399 1375 molmula,
410 1326 500 1385 quem
516 1311 614 1368 solum
624 1313 660 1368 de
671 1318 764 1369 matre
774 1330 946 1387 suscepera—
1000 1321 1081 1378 mulo
1091 1321 1201 1393 pariter
1212 1319 1429 1386 subverterunt,
1440 1320 1608 1391 eujusclim
1620 1321 1713 1379 vimus
1729 1326 1832 1379 Sarra·

106 1412 177 1465 mus
191 1402 313 1461 liberati
327 1401 422 1476 gratia
434 1400 563 1458 uitulum
578 1402 726 1459 unum.Ut
739 1404 819 1459 enim
831 1403 944 1475 pridem
998 1418 1139 1468 cenorum
1164 1408 1290 1464 nimium
1314 1411 1431 1481 genam
1454 1413 1608 1466 terruerat.
1625 1409 1728 1467 Fertur
1746 1411 1831 1468 enim

106 1510 176 1554 scm
193 1493 343 1551 dimissus
358 1490 435 1547 celsa
449 1491 486 1547 da
499 1490 583 1547 trabe
598 1491 804 1564 ponderavisa
818 1493 944 1549 estmihi
999 1501 1100 1557 crebro
1112 1498 1181 1553 illuc
1192 1514 1242 1553 eos
1254 1496 1366 1569 ingredi
1377 1497 1529 1569 cupientes
1537 1502 1655 1572 raptum
1666 1499 1830 1557 cecitatem

103 1582 256 1663 grandior
270 1579 416 1637 animis
430 1580 605 1646 (300οΜ886,
620 1583 798 1654 extensoque
822 1598 944 1655 corpore
999 1588 1164 1663 pertulisse.
1181 1587 1288 1641 liverso
1305 1583 1407 1658 igitur,
1422 1589 1457 1642 ut
1470 1586 1608 1653 diximus,
1623 1587 1744 1660 templo,
1760 1593 1832 1663 post

106 1678 200 1751 sique
215 1674 317 1728 abacta
330 1669 442 1726 cervice
457 1668 562 1726 leniter
583 1669 657 1727 meis
679 1670 820 1727 submisit
834 1686 946 1728 c0rnua
999 1676 1154 1752 paululum
1164 1674 1319 1731 manifeste
1328 1673 1434 1731 claruit
1443 1675 1763 1748 quoniamtudnorum
1775 1692 1829 1732 ne-

105 1763 237 1843 plantis,
247 1776 282 1817 sc
296 1774 343 1816 mc
353 1756 538 1831 hujusmodi,
555 1758 685 1830 quandiu
700 1759 836 1832 pependi,
853 1761 944 1817 susti·
1000 1767 1094 1842 quitis
1103 1768 1220 1821 tantum
1229 1762 1313 1819 netas
1322 1763 1362 1819 sit
1369 1764 1631 1837 patratum.thuc
1641 1764 1829 1838 divulgatum

108 1854 187 1913 nult.
204 1874 222 1903 a
237 1850 299 1908 lloc
322 1863 388 1904 raro
411 1846 462 1903 illc
485 1847 536 1919 qui
559 1850 692 1904 servatus
707 1864 724 1904 a
738 1852 833 1905 morte
851 1849 945 1907 marat
998 1859 1045 1914 est
1058 1870 1110 1928 per
1121 1853 1223 1910 orbem
1236 1851 1419 1922 universnm,
1430 1854 1580 1910 communi
1595 1852 1730 1909 omnium
1745 1852 1830 1909 Chri-

106 1944 269 2012 rsiarente,
282 1938 317 1995 sd
334 1936 415 1994 illius
430 1935 599 2008 exemplum
613 1936 681 1992 data
696 1942 741 1993 est
753 1939 944 2010 postmodum
999 1945 1164 2004 abacorum
1179 1956 1325 1999 consensu
1340 1942 1489 1998 decretum
1506 1945 1551 1999 est
1564 1946 1598 1998 ut
1612 1957 1715 1998 omnes
1729 1941 1746 1999 J
1750 1941 1828 1997 ndei

104 2034 136 2093 ln
148 2046 227 2108 gyro
243 2026 342 2085 liliolis
365 2024 457 2083 sontis
481 2025 665 2085 sacra¹lldei
681 2025 841 2083 vitulorum
857 2025 943 2085 innu-

104 2138 193 2183 mera
219 2116 395 2175 multitudo.
408 2115 553 2172 Pressas
576 2113 733 2182 liainardo,
747 2118 781 2172 ut
802 2115 943 2194 diximus,

101 2209 289 2287 judaizante,
295 2205 366 2278 quin
381 2203 481 2277 potius
495 2201 672 2270 insaniente,
681 2219 805 2262 suasum
815 2209 861 2261 est
871 2206 943 2280 regi,

110 2296 163 2374 qni
178 2294 318 2353 videlicet
330 2291 416 2349 illum
431 2292 601 2364 frequenter
615 2292 651 2348 ob
668 2308 752 2349 suam
769 2292 944 2366 improbita-

109 2392 170 2449 tem
181 2384 382 2457 redarguerat,
390 2383 424 2437 ut
434 2379 549 2438 seilicet
557 2384 644 2436 tante
659 2381 785 2437 civitatis
795 2381 943 2455 principa·

111 2480 177 2537 tum
184 2471 453 2548 ragiosubjugaret
468 2468 610 2535 dominio,
620 2486 656 2526 ne
670 2469 819 2543 siquidem
830 2470 944 2528 diutius

108 2567 189 2625 tim
204 2560 328 2638 pessimi
343 2557 517 2616 inerementi
529 2563 660 2615 sumeret
669 2557 843 2616 scandalum
853 2575 944 2618 sacre

113 2654 190 2713 ilici.
201 2654 269 2721 oua
286 2650 397 2706 ratione
412 2664 464 2704 rex
478 2646 661 2720 compulsus,
674 2647 756 2704 misit
770 2648 942 2719 exercitum,

117 2744 163 2819 qai
176 2739 352 2817 predictum
363 2736 547 2794 Rainardum
560 2753 579 2792 a
587 2734 704 2793 civitate
715 2735 864 2808 pellerent,
874 2737 945 2794 sihi-

1000 2035 1037 2091 ab
1050 2031 1169 2089 illomrm
1183 2030 1269 2087 terris
1283 2028 1328 2086 vel
1349 2028 1517 2089 civitatibus
1538 2030 1672 2087 lbnditus
1687 2028 1829 2103 pelleren-

998 2128 1058 2181 tur.
1073 2120 1180 2191 Sioque
1194 2118 1323 2175 universi
1337 2118 1404 2175 odio
1419 2119 1523 2187 habiti,
1538 2118 1701 2192 expuisitis
1724 2118 1828 2176 civita·

998 2210 1090 2277 tibus,
1107 2207 1157 2263 alii
1172 2207 1279 2282 gladiis
1300 2207 1451 2279 trucidati,
1466 2207 1516 2266 alii
1532 2205 1706 2265 fluminibus
1729 2208 1827 2265 necati

999 2295 1826 2371 diversisquemortiumgeneribusinterempti3nounulli

998 2388 1088 2447 etiam
1099 2403 1164 2445 sese
1173 2388 1287 2444 diversa
1296 2386 1374 2442 cede
1384 2384 1606 2453 interemerunt,
1615 2384 1770 2442 itascilicet
1779 2391 1824 2452 ut,

999 2477 1089 2551 digna
1108 2477 1145 2533 dc
1164 2477 1208 2533 eis
1228 2474 1339 2534 ultione
1353 2480 1482 2547 peracta,
1497 2475 1545 2531 aix
1557 2473 1643 2546 pauci
1658 2472 1777 2530 illorum
1794 2475 1825 2532 in

997 2566 1069 2625 orbe
1080 2565 1279 2637 reperirentur
1290 2564 1432 2621 Romano.

1034 2655 1117 2711 'luno
1140 2668 1257 2726 quoque
1283 2652 1433 2708 decretum
1457 2654 1503 2709 est
1523 2652 1559 2708 ab
1579 2649 1725 2723 episcopis
1737 2654 1826 2725 atque

998 2742 1189 2802 interdictum
1201 2745 1234 2798 nt
1247 2739 1346 2796 nullus
1357 2740 1592 2798 Christianorum
1600 2737 1661 2794 illis
1671 2754 1703 2795 se
1713 2739 1743 2795 in
1755 2757 1827 2812 quo·

119 2850 171 2908 quc
185 2830 269 2890 illam
294 2828 435 2885 luendam
460 2828 620 2882 servarent·
635 2824 794 2881 Venientes
807 2842 875 2882 V⁰r⁰
891 2828 944 2902 qui
999 2848 1116 2906 cunque
1129 2832 1254 2889 sociaret
1268 2830 1394 2903 negotio.
1411 2829 1441 2886 si
1465 2827 1516 2902 qui
1539 2832 1638 2885 mmcd
1660 2826 1697 2883 de
1711 2826 1771 2885 illis
1788 2830 1826 2885 ad

121 2921 199 2981 misci
213 2919 332 2976 iuemnt
345 2932 363 2973 t
377 2930 455 2990 Γθεθ,
469 2916 610 2987 veperunt
625 2914 728 2970 urbem
757 2929 825 2969 ⁰⁰³1
851 2915 946 2975 nimia
998 2921 1138 2996 baptismi
1154 2920 1279 2995 gratiam
1303 2918 1433 2976 converti
1457 2917 1620 2975 voluissent
1646 2930 1826 2990 omnemque

119 3006 349 3087 depopulatione,
360 3008 476 3079 pamm
486 3002 575 3060 iiim
587 3004 653 3075 ejus
663 3019 722 3059 ¹¹0ss
737 3002 883 3060 modicam
895 2990 980 3062 itt-'G
998 3011 1153 3070 iudaicam
1168 3024 1306 3081 respuere
1321 3008 1565 3064 consuetudinem
1577 3003 1623 3062 vel
1632 3004 1825 3075 morem,illos

121 3099 403 3159 candiooremaaere.
419 3092 574 3165 superavit
587 3092 735 3165 siquidem
759 3092 942 3166 magnitudi-
996 3105 1113 3159 tantum
1142 3098 1291 3171 suscipere
1318 3096 1518 3154 decreverunt.
1535 3094 1618 3161 Quod
1642 3094 1826 3152 attacorum

122 3204 178 3247 nem
194 3184 303 3263 prioris
315 3182 414 3258 gaudii
430 3181 667 3256 promerentibus
683 3180 803 3255 flagitiis
814 3184 942 3241 enormi·
998 3186 1245 3265 plurimiillorum
1255 3185 1351 3259 magis
1362 3202 1462 3244 amore
1476 3184 1629 3260 presentis
1644 3181 1710 3239 vitae
1732 3185 1825 3242 coacti

122 3273 361 3337 bscclamitstis.
999 3281 1079 3336 metu
1095 3276 1198 3333 mortis
1214 3291 1303 3348 quam
1324 3274 1389 3330 vita
1411 3274 1596 3347 sempiterna
1609 3270 1736 3345 gaudiia.
1751 3272 1825 3329 Nam

427 3375 545 3435 CAPUT
563 3376 626 3434 Vll.
1000 3368 1169 3441 quicunque
1184 3364 1301 3421 illorum
1316 3378 1381 3420 sese
1402 3362 1478 3420 tales
1503 3360 1672 3420 mentiendo
1693 3360 1757 3418 lieri
1771 3378 1826 3434 po-

174 3478 214 3533 lle
229 3470 370 3529 mersura
384 3467 482 3541 ternplc'
494 3468 760 3540 Hierosolymorum,
774 3474 800 3524 at
813 3468 889 3526 cade
1000 3460 1156 3531 poscerant
1165 3452 1251 3527 paulo
1266 3456 1331 3525 post
1347 3453 1384 3508 ad
1397 3469 1509 3509 morem
1519 3448 1679 3525 pristinum
1691 3454 1761 3506 sunt
1770 3449 1826 3506 im-

447 3538 613 3596 Jttdaetfflm·
1001 3545 1146 3620 pudenter
1159 3543 1276 3600 reversi.
1293 3542 1434 3599 Praeterea
1447 3539 1544 3598 bisita
1556 3538 1660 3613 gestis,
1671 3538 1829 3611 pradictus

152 3634 190 3692 do
204 3632 475 3707 quoquctcmpotc,
488 3625 575 3683 idest
588 3643 665 3683 anno
680 3642 757 3683 nono
768 3631 834 3699 post
844 3629 947 3701 prasa—
1002 3630 1336 3705 litterarumbajulusad
1345 3631 1476 3687 nativum
1488 3628 1564 3686 male
1579 3643 1703 3685 securus
1712 3629 1831 3702 repeda·

125 3722 181 3781 tum
196 3718 403 3782 millesimum.
415 3714 549 3786 ecclesia,
559 3732 623 3789 que
631 3716 709 3788 apud
717 3714 948 3791 Hierosolymam
1002 3723 1045 3779 vit
1058 3720 1167 3779 solum.
1182 3720 1277 3793 Cepit
1299 3718 1398 3792 itaque
1413 3716 1516 3775 sedulo
1530 3715 1699 3790 perquirere
1714 3716 1739 3773 si
1755 3716 1830 3774 sorte

124 3811 289 3886 sepulcrum
305 3804 473 3864 continebat
492 3804 608 3861 Domini
623 3820 656 3861 ac
671 3804 829 3863 salvatoris
844 3809 947 3876 nostri,
1004 3811 1172 3884 quempiam
1194 3808 1290 3883 gentis
1309 3823 1370 3867 suas
1385 3806 1498 3863 fraudis
1512 3804 1663 3861 conscium
1680 3804 1828 3877 reperiret.

127 3912 223 3959 mersa
234 3890 672 3965 estlnnditusjussuprincipis
685 3890 950 3965 Babyloniacujus
1005 3899 1132 3957 inventis
1156 3914 1224 3954 vero
1246 3895 1401 3970 perpaucis
1419 3893 1583 3950 incivitate
1604 3891 1830 3951 Aurelianorum

123 3986 254 4047 danea
273 3981 434 4042 eversionis
452 3981 566 4038 occasio
580 3980 648 4048 tale,
674 3981 752 4053 quod
775 3981 881 4039 dicturi
897 4000 950 4039 su·
1004 3988 1108 4062 pavide
1119 3986 1279 4043 admodum
1294 3983 1478 4056 degentibus,
1491 3997 1593 4038 rursus
1609 3979 1697 4053 coepit
1711 3979 1829 4038 illoram

123 4092 197 4149 mus,
208 4072 401 4150 cognoscitur
412 4071 565 4128 exordium
581 4070 810 4127 habuissetlum
824 4071 903 4128 enim
914 4073 951 4129 de
1005 4075 1181 4134 familiarius
1203 4075 1248 4131 uti
1263 4072 1413 4130 aemonio.
1429 4070 1543 4128 Accidit
1556 4069 1646 4142 igitur
1661 4072 1693 4125 ut
1708 4068 1829 4143 quidam

123 4167 180 4225 loto
192 4170 344 4223 unarum
359 4161 430 4216 orbe
443 4159 480 4216 ob
496 4158 611 4232 insigne
635 4157 822 4215 Dominicum
842 4176 951 4218 memo·
1005 4157 1830 4239 peregrinuseJ'usintransmarinosociusitinereatque

123 4254 189 4315 dale
200 4250 335 4329 plurima
348 4248 481 4305 fidelium
493 4247 650 4305 multitudo
660 4247 889 4323 Hierosolymam
906 4250 949 4306 vi·
1005 4251 1169 4311 certissime
1183 4252 1263 4307 illius
1278 4250 1391 4307 itineris
1405 4248 1541 4306 conscius
1556 4246 1677 4321 negotii,
1691 4246 1763 4304 illuc
1777 4247 1830 4304 de·

124 4342 238 4405 allaturi
253 4342 422 4415 pergerent,
437 4354 542 4394 rursus
566 4336 653 4409 coepit
675 4336 792 4394 invidus
812 4337 990 4424 diabolus„
1004 4343 1116 4400 veniret
1130 4356 1293 4414 rursusque
1306 4338 1392 4396 illum
1407 4338 1576 4396 iudeorum
1591 4336 1731 4395 amicitiis
1741 4335 1830 4394 nimis

124 4424 581 4507 paramueiamsibiiudeorum
592 4429 709 4500 genum
719 4442 793 4483 vera
805 4426 873 4483 fidei
889 4426 950 4483 cul·
1004 4432 1114 4488 harere
1128 4436 1277 4497 carneret3
1295 4427 1392 4502 palam
1407 4427 1553 4485 universis
1572 4425 1702 4483 indicare
1716 4425 1831 4483 curavit

114 4522 236 4581 bruna
250 4531 400 4575 vencnum
414 4531 475 4572 sue
487 4514 623 4588 nequitie
635 4515 801 4588 propinare.
813 4516 881 4572 Erat
895 4516 950 4589 igi·
1005 4519 1106 4594 quanti
1118 4519 1187 4575 mali
1197 4517 1317 4593 gerulus
1329 4517 1379 4575 illa
1388 4520 1467 4574 esset
1476 4514 1778 4586 homoncio,exoujus
1789 4514 1830 4569 rei

125 4612 170 4669 tm·
181 4608 280 4683 liujus
294 4604 411 4680 generis
426 4604 505 4678 apud
527 4603 767 4661 Aurelianensem
791 4604 951 4662 Galliarum
1006 4625 1097 4666 causa
1110 4608 1280 4665 iudeorum
1295 4606 1439 4680 potiretur
1452 4604 1568 4677 opibus.
1579 4601 1645 4670 oui,
1658 4600 1736 4659 illico
1751 4616 1831 4657 eom·

125 4700 234 4777 mam
250 4694 358 4753 urbem
374 4709 432 4750 non
450 4693 565 4750 modica
579 4693 748 4761 multitudo,
765 4693 815 4766 qui
841 4693 952 4749 ceteris
1006 4696 1170 4771 prehensus
1191 4695 1326 4767 acrisque
1354 4694 1483 4768 agitatus
1511 4689 1692 4759 verberibus,
1709 4688 1832 4763 propria

127 4804 181 4847 m
203 4783 309 4862 gentis
332 4782 517 4850 tumidiores,
533 4784 562 4838 et
576 4781 666 4839 invidi
680 4785 769 4855 atque
783 4780 953 4838 audaciores
1007 4784 1139 4841 dilationi
1155 4784 1311 4840 condatur
1325 4782 1445 4849 emman,
1463 4794 1588 4853 moxque
1601 4794 1619 4835 a
1631 4777 1775 4836 ministris
1788 4793 1833 4834 re·

126 4880 193 4937 sont
205 4870 331 4949 reperti.
347 4870 382 4928 lli
397 4871 523 4945 denique
534 4886 662 4944 nequam
677 4869 798 4928 consilio
808 4870 880 4927 inito
894 4886 955 4927 cor·
1008 4874 1053 4948 gis
1067 4873 1098 4928 iu
1113 4877 1270 4946 conspeetu
1286 4872 1375 4928 totius
1391 4869 1485 4944 plebis
1506 4872 1590 4925 antra
1610 4866 1757 4925 cinnam
1772 4865 1834 4940 igni

128 4966 271 5043 sapsmnt
284 4960 444 5035 quemdam
460 4958 528 5016 data
542 4959 677 5033 pecunia,
691 4958 825 5016 uidelicet
840 4958 953 5034 girova-
1007 4960 1173 5020 asttradius
1187 4965 1275 5033 atque
1290 4956 1596 5031 consumptustudei
1606 4961 1704 5013 tarum
1719 4955 1833 5030 prologi

130 5066 195 5127 pum
209 5051 271 5110 snb
286 5048 440 5123 peregrino
454 5049 567 5116 babitu,
584 5047 702 5105 nomino
722 5049 892 5120 liebertum,
909 5049 953 5104 lu·
1008 5068 1043 5108 ac
1052 5050 1229 5124 vagabundi,
1241 5049 1290 5121 qui
1303 5049 1332 5104 in
1344 5047 1415 5105 locis
1425 5046 1534 5105 abditis
1544 5044 1748 5103 delitescentes
1759 5061 1835 5119 prce·

132 5140 252 5215 picum
269 5138 373 5212 utique
393 5154 510 5195 servtrm
538 5139 629 5194 beate
659 5138 756 5195 llario
785 5137 954 5194 biclarensis
1009 5139 1092 5196 dictae
1108 5139 1313 5211 superfuerant
1326 5136 1412 5203 cladi,
1429 5139 1494 5209 post
1506 5134 1743 5208 quinquennium
1759 5149 1837 5191 evor-

134 5228 264 5289 tuuobii.
280 5227 372 5292 Quem
388 5227 564 5301 accipientes
577 5232 661 5283 caute
672 5226 862 5284 miseruntad
874 5226 955 5300 prin·
1009 5228 1102 5285 sionis
1117 5226 1217 5300 templi
1245 5228 1395 5299 caeperunt
1414 5226 1444 5281 in
1469 5224 1594 5281 urbibus
1614 5240 1755 5297 apparere
1770 5236 1834 5294 per·

138 5314 394 5393 cipemliabylonis
404 5333 473 5374 cum
485 5315 634 5373 Hebraicis
649 5315 874 5385 characteribus,
888 5314 956 5372 scri-
1009 5318 1107 5390 pauci.
1124 5316 1158 5372 Et
1182 5314 1320 5389 quoniam
1349 5318 1474 5387 oportet,
1491 5312 1627 5387 quamvis
1654 5314 1689 5368 od
1716 5311 1834 5368 illorum

141 5406 195 5477 ptis
213 5405 357 5479 epistolis,
373 5403 534 5481 pictaciolis
556 5403 624 5462 lerri
647 5405 751 5462 baculo
775 5406 956 5472 inscitiane
1010 5405 1223 5473 corilusioncm,
1235 5408 1268 5460 ut
1279 5421 1313 5462 ex
1322 5402 1380 5460 illis
1391 5401 1483 5478 aliqui
1494 5404 1524 5462 in
1535 5396 1835 5474 luturumsupersint,
