3884 6084
68 255 127 320 029
499 255 773 322 ΗΙΒΤΟΒΙΑΠΗΜ
794 252 899 320 LIBRI
920 254 1108 330 OtthOUIl.
1130 292 1169 305 ·-
1190 256 1263 324 ΗΒ.
1287 255 1325 324 11.
1712 258 1771 328 tao

70 406 148 449 mua.
165 388 292 449 Mortuis
307 388 397 466 igitur
408 389 588 449 Lotharioac
603 389 748 449 Ludovico
762 388 891 465 regibus,
908 392 932 460 Α
948 393 1103 450 exacturus
1131 397 1256 452 noctem.
1286 394 1418 469 Cumque
1440 391 1480 453 ibi
1506 408 1626 455 ventum
1657 397 1771 471 suisset,

67 480 159 541 totius
179 480 308 539 Francia
331 479 413 555 regni
442 480 596 554 dispositio
624 481 757 539 incubuit
781 478 897 556 liugoni
951 485 1090 539 exeuntes
1104 483 1140 539 do
1155 484 1284 557 scaphis,
1300 484 1588 561 conscendentesque
1606 492 1771 563 turgentem

67 571 244 630 barisiensis
254 570 338 627 ducis
349 569 646 639 tllio,videlicatilliua
656 570 753 645 Magni
765 570 897 645 Hugonis
951 568 1053 627 belluas
1067 573 1291 640 dorsum,unius
1306 576 1510 632 tantummodo
1525 576 1635 635 ibidem
1646 577 1774 652 bospitio

67 677 157 735 supra
174 659 341 726 memorati,
354 660 441 732 qu'ua
456 659 543 716 etiam
567 659 656 716 irater
670 663 733 716 arat
747 659 895 716 nobilissi-
951 659 1046 716 noctis
1062 660 1192 734 potituri.
1203 663 1334 736 Cumque
1346 669 1412 737 post
1426 666 1541 722 brevem
1555 683 1668 724 coenam
1678 668 1774 726 calari

66 767 134 809 naus
144 747 609 824 burgundiaeduxllenrious.Qui
625 748 713 805 simul
725 765 793 805 carm
805 749 896 806 totius
951 746 1055 804 tratres
1072 749 1149 806 te=sa
1163 749 1356 808 indulsissent
1371 754 1503 810 mambra
1517 755 1618 827 quieti,
1637 757 1719 815 solus
1732 757 1776 816 vir

66 839 147 914 regni
164 838 733 913 primatibusoonvanisnterpradictum
742 839 895 913 Hngoncm
950 835 1066 893 Domini
1081 839 1236 897 Bendanus
1247 841 1368 914 pervigil
1383 846 1482 900 custos
1492 844 1776 916 Dominieiovilis,ae

66 929 211 1002 irrogem
228 927 300 1002 ungi
323 929 462 986 lecerunt.
479 928 569 989 brant
583 945 664 1002 ergo,
692 932 725 984 ut
742 929 805 1001 jam
819 945 895 985 aom-
949 927 1046 999 magis
1060 928 1200 986 assiduus
1216 947 1304 1002 quam
1326 932 1464 1004 frequens
1485 933 1657 1005 psalmicen,
1673 936 1774 1008 explo-

67 1016 306 1085 momoravimns,
322 1017 466 1075 sliinitate
491 1016 757 1090 consanguinitatis
775 1019 894 1092 regibus
949 1015 1033 1072 rabat
1048 1016 1228 1076 cauliusvim
1238 1024 1393 1076 ventorum
1410 1026 1439 1077 ct
1453 1023 1585 1080 siderum
1600 1026 1773 1092 cursusbui

67 1109 216 1167 baronum
232 1105 318 1176 uniti,
333 1123 352 1162 a
367 1107 463 1180 primo
477 1105 588 1163 scilicet
602 1106 715 1174 Ottone,
733 1107 782 1179 qui
806 1111 893 1164 natus
949 1103 1021 1160 dum
1037 1105 1091 1162 boc
1106 1108 1245 1165 attentius
1260 1126 1313 1182 par
1333 1111 1426 1166 noetis
1451 1112 1639 1170 conticinium
1664 1118 1772 1189 agerat,

67 1202 111 1257 ast
123 1213 159 1254 ex
169 1195 303 1270 bugonis
324 1195 423 1269 Magni
448 1210 547 1253 sorore
562 1195 629 1268 (23).
645 1195 786 1268 Suscepto
803 1196 895 1271 igitur
949 1198 1066 1265 repente
1083 1195 1225 1254 intellexit
1239 1199 1378 1270 quoniam
1394 1198 1466 1256 illud
1480 1202 1723 1273 promontorium,
1735 1204 1771 1261 ad
1813 1230 1816 1235 ·

67 1287 149 1361 bago
162 1283 307 1360 regimine
327 1283 409 1359 regni
435 1285 624 1353 Francorum,
641 1302 699 1341 non
719 1284 812 1342 multo
827 1292 893 1359 post
948 1283 1025 1355 quod
1042 1283 1154 1340 scilicet
1169 1285 1344 1358 hospitaturi
1361 1287 1585 1357 diverterant,ad
1600 1291 1772 1350 orientalem

66 1375 221 1450 plerosque
235 1390 369 1441 suorum,
385 1390 460 1448 quos
481 1373 570 1430 etiam
591 1374 673 1446 prius
698 1373 727 1429 in
747 1374 892 1432 universis
947 1369 1014 1428 illos
1029 1371 1163 1429 aveheret
1177 1372 1306 1446 plagam.
1337 1376 1414 1433 Luca
1440 1395 1556 1451 quoquc
1579 1379 1701 1438 alterius
1714 1382 1771 1438 disi

65 1465 209 1523 babuerat
220 1462 845 1536 subditoa‚persansitcontumaces'l'aman,
858 1468 892 1520 ut
947 1459 1070 1533 reddita,
1087 1460 1298 1520 solertissimus
1309 1464 1352 1520 vir
1361 1482 1524 1525 convocans
1534 1468 1661 1542 collegas
1670 1470 1772 1528 videli-

64 1551 532 1627 erateorporaetmentavividus‚
549 1555 669 1608 cunctos
683 1551 740 1609 sibi
750 1551 891 1610 rebellan-
945 1554 991 1604 cat
1006 1549 1141 1622 suos,qui
1156 1551 1563 1620 aderant‚blandeaxbortans
1573 1559 1770 1616 acconsolans

63 1647 106 1702 tes
118 1641 266 1718 paulatim
282 1641 472 1716 compescuit.
489 1641 621 1698 Habebat
635 1641 713 1698 anim
728 1641 822 1699 lilium
838 1642 889 1699 ad·
944 1652 1005 1701 eos,
1018 1636 1173 1711 inquiens:
1191 1662 1205 1690 α
1221 1640 1429 1698 Universorum
1449 1645 1594 1701 conditori
1621 1650 1650 1703 et
1663 1648 1770 1720 gnber-

63 1733 186 1791 modum
215 1731 401 1806 prudentem,
431 1731 550 1787 nomine
579 1731 751 1797 bohemum,
781 1732 888 1805 artium
944 1727 1112 1795 natoribeo,
1130 1729 1233 1785 tratres
1254 1730 1470 1803 benignissimi,
1487 1733 1769 1793 indelessasretara·

61 1821 149 1880 ffiam
165 1820 330 1878 litterarum
341 1819 447 1878 studiis
458 1818 619 1892 plurimum
630 1820 790 1876 eruditum.
804 1819 890 1877 Cum·
944 1831 1012 1871 mus
1026 1816 1145 1890 gratias,
1157 1818 1207 1889 qui
1219 1835 1274 1874 sua
1288 1819 1373 1876 nobis
1388 1820 1417 1875 in
1433 1821 1480 1877 bis
1493 1824 1617 1881 marinis
1630 1824 1768 1883 lluotibus

61 1927 116 1985 quo
127 1927 162 1968 se
173 1908 359 1983 cognovisset
366 1909 430 1982 jam
440 1907 658 1981 aliquantulum
668 1907 780 1965 viribus
793 1909 888 1981 defici,
943 1905 1768 1985 providentiapraeparavitvabiculumnonagenshumano

62 1997 249 2075 congregatis
273 1999 304 2054 in
332 1996 488 2054 Aureliana
514 1998 586 2054 urba
614 1997 694 2069 regia
723 1997 890 2071 quibusque
944 1993 1077 2067 remigio.
1095 2017 1109 2044 a
1124 1995 1344 2062 Quibusaviro
1361 1996 1410 2054 Dei
1426 1999 1496 2055 socii
1525 2000 1767 2072 auditis,mentis

63 2091 241 2148 Francorum
265 2102 297 2144 ar
321 2086 563 2160 Burgundionum
587 2086 668 2160 regni
699 2087 887 2160 primoribus,
944 2087 1063 2154 stupore
1078 2083 1185 2152 adacti,
1206 2083 1308 2140 divina
1330 2086 1465 2158 protinus
1492 2104 1557 2144 sese
1580 2090 1767 2162 providentias

63 2179 201 2237 eumdem
226 2177 397 2243 bobertnm,
421 2175 515 2232 filium
540 2175 673 2232 uidelicet
696 2193 795 2243 auum,
812 2194 888 2234 anno
943 2172 1169 2240 committentes,
1186 2174 1286 2230 aoviri
1302 2175 1396 2230 sancti
1421 2176 1579 2233 innitentes
1594 2179 1766 2251 prudentia,

63 2266 175 2325 scilieet
189 2265 275 2323 tertio
298 2263 412 2322 decimo
438 2269 507 2320 ante
522 2264 713 2321 millesimum
744 2265 887 2322 incarnati
942 2266 1093 2333 eoeparunt
1107 2263 1270 2320 securiores
1284 2268 1421 2321 eventum
1436 2265 1597 2338 praestolari
1612 2269 1652 2324 rei
1669 2269 1769 2326 fortui-

65 2355 234 2424 Salvatoris,
251 2354 348 2412 adbuc
362 2369 394 2410 sa
417 2353 583 2426 superstite,
600 2370 698 2426 regem
724 2352 886 2410 constituit.
942 2353 987 2405 ta.
1004 2351 1257 2426 Hujusmodiergo
1273 2369 1324 2425 pcr
1339 2353 1434 2426 spatia
1449 2355 1767 2427 plurimorumdiorum

64 2444 131 2503 Post
142 2444 260 2518 aliquot
271 2459 339 2501 vero
363 2460 456 2500 annos
475 2443 553 2499 idam
579 2442 666 2500 etiarn
696 2443 840 2517 rcxllugo
855 2443 886 2500 in
942 2439 998 2495 nisi
1015 2439 1170 2508 evectione,
1185 2447 1410 2513 sempectamen
1434 2448 1528 2500 semet
1548 2445 1768 2519 conspiciebant

66 2551 141 2608 paea,
156 2550 249 2607 ragno
264 2532 406 2606 deposito,
424 2530 547 2589 telicitar
570 2532 655 2589 obiit.
676 2536 743 2588 brat
758 2549 886 2606 namque
941 2528 975 2583 ad
993 2528 1064 2586 solis
1079 2534 1176 2585 ortum
1197 2529 1326 2587 tendere.
1348 2533 1479 2589 Tandem
1503 2551 1569 2591 vero
1595 2541 1766 2608 perventum

65 2622 272 2682 bobertunex
292 2625 364 2678 tunc
383 2621 511 2695 Juvenis,
541 2625 575 2678 ut
601 2620 739 2687 diximus,
756 2623 885 2694 prudens
940 2619 1033 2674 estad
1054 2619 1183 2675 insulam
1205 2623 1374 2677 caeterarum
1405 2622 1653 2695 speciosissimam
1676 2629 1765 2699 atqua

67 2716 146 2787 atquo
160 2710 624 2784 eruditua,dulcisqueeloquioac
634 2710 883 2783 pietatcinsignis.
939 2708 1019 2762 omni
1035 2708 1201 2764 amoenitate
1211 2709 1764 2787 gratiosissimamllliusquoquearbo-

69 2801 125 2866 bed,
135 2802 238 2858 divina
251 2798 595 2874 providentealamentia,
607 2799 777 2872 buJusmodi
787 2800 883 2858 virum
939 2811 1004 2851 rum
1021 2796 1162 2853 habitudo
1178 2802 1266 2870 atque
1281 2799 1378 2855 avitam
1403 2800 1676 2859 dissimilitudinem
1687 2805 1763 2877 gerit

72 2889 259 2948 edbatbolicar
271 2889 366 2964 plebis
382 2888 511 2963 regimen
526 2888 660 2945 omnium
675 2889 818 2945 Dominus
833 2889 883 2947 illo
938 2883 1151 2941 universorum.
1167 2887 1311 2959 Egressus
1323 2904 1440 2960 quoque
1461 2889 1506 2944 vir
1519 2890 1667 2947 secularis
1682 2909 1761 2950 acca-

74 2979 204 3054 pracipua
217 2978 247 3036 in
264 2983 395 3051 tempore
408 2978 547 3052 dignatus
572 2981 617 3034 ast
637 2978 792 3035 destinare.
808 2979 882 3035 Nam
938 2973 1010 3030 dens
1023 2975 1058 3030 ad
1075 2992 1150 3042 eam,
1168 2976 1275 3047 reperit
1301 2978 1389 3033 etiam
1415 2977 1455 3034 ibi
1480 2978 1689 3036 monachorum
1716 2980 1760 3037 vel

76 3068 164 3126 mbas
174 3069 258 3143 regni
269 3066 589 3141 ipsius,alementorum
604 3066 693 3122 etiam
709 3066 802 3139 signis
812 3084 883 3139 pra·
936 3063 1283 3134 potiusanacboratarum
1293 3063 1430 3120 collectas
1437 3064 1761 3140 mirasacmultiplioas‚

79 3158 210 3225 cuntibus,
227 3175 285 3214 non
301 3154 531 3215 modicaclados
546 3155 705 3212 incubuere
721 3131 921 3212 christine-G
941 3168 1066 3225 quorum
1081 3152 1194 3209 scilicet
1213 3152 1272 3208 vita
1293 3157 1321 3209 ot
1349 3154 1529 3210 conversatio
1558 3155 1762 3214 universorum

80 3243 174 3304 alesia:
192 3246 302 3320 quibus
317 3245 373 3302 nisi
392 3245 469 3301 idem
484 3261 533 3300 rex
548 3244 703 3317 sapienter,
721 3245 778 3301 Deo
792 3261 823 3301 se
834 3246 883 3317 ju·
939 3241 1106 3298 mortalium
1122 3241 1228 3299 studiis
1239 3241 1367 3298 sanctior
1379 3247 1466 3316 atqua
1487 3243 1612 3301 nobilior
1620 3246 1762 3303 enitebat.

80 3340 145 3392 rante
160 3335 330 3402 restitisset,
344 3333 488 3391 savianda
510 3331 712 3406 multipliciter
726 3332 755 3388 in
769 3332 884 3406 longin-
937 3330 961 3384 A
976 3328 1084 3401 quibua
1094 3328 1184 3385 etiam
1195 3346 1374 3403 magnacum
1385 3330 1526 3387 charitate
1541 3333 1766 3406 susceptipluri·

81 3437 154 3494 quum
169 3423 394 3498 processissent.
940 3417 995 3474 bus
1009 3417 1114 3473 diebus
1137 3416 1245 3474 ibidem
1271 3424 1501 3485 commanentes,
1518 3421 1555 3477 da
1582 3421 1765 3497 multisque

386 3511 503 3569 CAPUT
522 3511 557 3568 ΙΙ.
940 3506 1089 3562 adversm
1114 3506 1260 3579 pertinent
1284 3507 1438 3581 diligenter
1464 3509 1590 3566 salutem
1618 3511 1764 3580 instructi,

174 3606 216 3660 De
229 3609 290 3659 cetu
302 3603 401 3667 morta,
416 3609 443 3658 et
455 3601 669 3658 metumtattcm
684 3600 772 3657 bellis.
940 3594 1130 3668 postmodum
1145 3598 1174 3650 et
1188 3596 1224 3651 ad
1241 3596 1372 3653 nativum
1386 3601 1563 3655 revertentes
1577 3598 1686 3668 solum,
1697 3601 1767 3659 uni-

102 3692 178 3749 lnno
193 3690 285 3764 igitur
308 3693 412 3763 quarto
436 3690 473 3746 de
496 3689 694 3762 suprascripto
716 3687 884 3757 millesimo,
940 3700 1025 3740 versa
1039 3700 1104 3755 quaa
1119 3690 1321 3756 compererant
1332 3687 1433 3759 patria
1443 3688 1548 3744 redditi
1563 3695 1765 3746 narraverunt.

78 3774 124 3835 u'ca
136 3784 182 3837 ast
196 3783 281 3836 cetus
298 3779 379 3835 mira
399 3777 611 3852 magnitudinis
635 3778 821 3834 descendisse
835 3795 888 3852 par
940 3773 1081 3829 Praeterea
1094 3771 1166 3835 viso,
1178 3776 1211 3829 ut
1226 3774 1484 3848 dieeracoapimus,
1500 3777 1606 3834 Oceani
1620 3781 1764 3852 portanto,

77 3869 184 3936 urra,in
201 3867 265 3925 loco
278 3866 328 3941 qui
342 3867 519 3924 bernovallis
530 3866 887 3940 nuncupatur.bgrediens
940 3877 1062 3917 exorsus
1076 3865 1121 3918 est
1133 3861 1255 3918 bellicus
1270 3864 1415 3921 tumultus
1429 3865 1459 3920 in
1482 3867 1617 3923 universa
1632 3869 1767 3925 occidan-

75 3953 172 4014 citicae
185 3973 204 4012 a
214 3954 434 4029 septentrionali
449 3955 575 4029 plsgain
596 3954 816 4011 occidentalem.
830 3957 887 4027 Ap·
941 3949 992 4006 tali
1007 3951 1086 4007 orbis
1100 3950 1195 4023 plaga,
1207 3950 1341 4009 videlicet
1355 3955 1416 4009 tam
1432 3954 1460 4008 in
1477 3954 1646 4027 regionibus
1661 3955 1768 4012 Gallia·

72 4045 161 4104 irruit
175 4059 294 4117 quoque
310 4060 411 4101 mensa
434 4043 589 4100 Novembri
617 4058 703 4099 mane
718 4043 814 4116 prima
829 4042 887 4098 diei
941 4055 1104 4111 rumquam
1117 4039 1764 4116 intransmarinisOceaniinsulis,Anglomm

70 4133 220 4200 aurorane
235 4132 330 4189 instar
343 4131 456 4200 insula,
473 4149 507 4188 ac
529 4133 710 4189 transeundo
724 4132 888 4205 perdurans
941 4125 1074 4183 videlicet
1089 4132 1177 4196 atque
1192 4126 1357 4182 brittonum
1385 4144 1437 4182 nec
1465 4144 1523 4183 non
1543 4132 1573 4183 et
1601 4128 1764 4185 Scotorum.

67 4223 157 4295 'taqua
171 4221 202 4276 in
219 4220 322 4277 boram
337 4219 395 4277 diei
406 4219 535 4287 tertiam,
551 4219 713 4276 maximnm
724 4219 811 4276 etiam
824 4224 889 4276 stu·
942 4213 1104 4286 Siquidem,
1122 4219 1154 4270 ul
1169 4213 1343 4289 plerumque
1356 4215 1432 4272 solet
1454 4216 1633 4289 contingere,
1649 4221 1768 4289 propter

64 4309 164 4368 acrem
175 4306 889 4381 admirationemquesacamentibuscontulit.Sed
943 4303 1049 4360 delicta
1063 4303 1157 4359 intimi
1172 4302 1272 4376 populi
1287 4305 1362 4361 versi
1375 4304 1407 4360 in
1420 4304 1635 4362 dissensionem
1650 4304 1767 4362 illorum

61 4394 90 4448 Ol
105 4414 143 4455 ne
153 4396 243 4455 alicui
259 4397 333 4454 lorte
343 4396 515 4454 sitdubinm
528 4396 607 4469 quod
622 4400 769 4464 narratur,
785 4412 889 4469 quam·
944 4408 1027 4465 rages
1042 4408 1075 4447 ao
1090 4392 1184 4448 catari
1201 4391 1358 4465 principes,
1375 4393 1534 4465 statimque
1548 4393 1770 4451 exardescentes

57 4478 529 4553 'lsamultisvisumiuittamen
540 4484 610 4541 huie
621 4483 888 4541 similemonstrum
904 4498 930 4568 1)
944 4480 974 4537 in
990 4481 1127 4552 subjectae
1143 4479 1237 4552 plebis
1262 4480 1517 4554 depopulationem
1540 4481 1661 4550 scilicet,
1677 4499 1772 4557 usque

56 4574 78 4621 Ι
93 4573 247 4650 plerisque
258 4574 407 4630 invenitur
421 4573 611 4646 descriptum.
630 4573 761 4646 benique
784 4571 892 4646 legitur
946 4570 1017 4626 dum
1033 4569 1235 4642 perducuntur
1248 4569 1285 4626 ad
1294 4568 1404 4626 suimet
1419 4570 1572 4643 sanguinis
1587 4572 1771 4639 allusionem,

55 4644 93 4717 lu
106 4661 202 4736 gestis
217 4661 326 4735 egregii
347 4660 525 4718 contessoris
548 4660 688 4726 bendani,
704 4660 891 4717 orientalium
947 4659 1029 4728 Quod
1045 4657 1178 4715 videlicet
1191 4658 1294 4714 tandiu
1306 4663 1455 4732 patratum
1470 4664 1515 4718 est
1528 4660 1558 4716 in
1574 4661 1774 4734 pradictisin·

51 4741 197 4809 'taem
211 4748 384 4823 Anglornm,
401 4749 540 4822 quoniam
555 4748 632 4805 idem
656 4748 701 4804 vir
715 4749 765 4805 Dei
782 4749 894 4806 seilicet
947 4746 1190 4820 sulis,quousque
1205 4764 1284 4804 unus
1294 4765 1397 4822 regum
1413 4750 1582 4806 earumdem
1593 4749 1620 4804 vi
1636 4749 1775 4822 soluapo

53 4820 297 4899 &museum
307 4837 443 4911 pluribus
453 4838 664 4911 monacbisper
674 4837 805 4896 mannas
814 4838 895 4895 insu·
947 4837 1053 4904 tiratur
1067 4835 1219 4909 regiminis
1235 4841 1416 4894 craterarum.
1430 4837 1563 4910 Denique
1578 4841 1693 4893 mortno
1707 4853 1775 4911 rega

51 4909 107 4987 ka
119 4925 306 5003 paratiquod
319 4927 600 5000 temporisepatium
612 4925 895 4984 eremiticamtrans·
947 4923 1018 4981 Adel
1024 4923 1137 4991 rado,in
1153 4940 1243 4997 regno
1258 4924 1492 4982 scilicetillorum
1505 4924 1555 4998 qui
1564 4925 1776 4983 Danimarcbes

50 5015 287 5093 Quum,
314 5015 392 5073 banc
419 5016 463 5073 uel
489 5015 558 5072 buio
587 5015 715 5073 similem
745 5016 894 5088 quondam
949 5011 1259 5087 cognominantur,qni
1275 5014 1363 5070 stiam
1380 5015 1501 5071 duxerat
1516 5030 1636 5071 uxorem
1646 5031 1776 5072 sororem

52 5104 181 5165 wem
205 5102 328 5162 baberet
352 5105 492 5162 belluam.
522 5105 596 5162 Nam
625 5121 693 5161 cum
723 5104 895 5178 remigando
950 5101 1327 5174 bicardibot-homagornm
1344 5102 1777 5177 ducis,invasitregnumillius

55 5200 201 5268 quaeque
214 5193 245 5250 in
261 5191 336 5250 mari
350 5193 527 5250 constitutas
538 5192 706 5249 circumiret
719 5192 895 5260 insulas,su·
950 5206 1000 5246 rex
1014 5188 1147 5246 videlicet
1161 5189 1260 5246 Canuc
1284 5189 1510 5247 occidentalium
1533 5191 1705 5266 Anglorum,
1725 5192 1777 5265 qui

57 5282 254 5349 tenemento
268 5281 364 5339 noetis
378 5281 687 5354 crepusculo,cernans
702 5282 803 5354 procul
817 5282 897 5338 velut
950 5278 1048 5344 etiam,
1065 5281 1131 5350 post
1147 5278 1249 5334 crebra
1257 5278 1400 5335 bellorum
1413 5278 1609 5337 moliminaac
1618 5281 1778 5354 patriade-

68 5368 253 5427 maritimam
268 5368 409 5439 insulam,
417 5370 454 5426 ad
468 5387 558 5444 quam
573 5370 661 5427 etiam
674 5370 819 5427 divertens
829 5387 896 5426 cum
952 5365 1290 5441 populationes,pactum
1307 5368 1506 5424 oumbicardo
1521 5368 1684 5436 stabilicns,
1700 5371 1780 5443 ejus·

66 5458 214 5517 mnibus
227 5457 741 5534 quisecumarant,supervanicntem
756 5459 898 5515 duntaxat
951 5471 1185 5530 quagormanam
1194 5455 1332 5513 Adulradi
1349 5456 1481 5514 videlicet
1500 5475 1620 5516 uxorem
1635 5459 1665 5515 in
1680 5458 1781 5516 matri-

101 5546 162 5618 (23)
175 5546 241 5606 lrao
256 5546 388 5624 begonis
399 5546 439 5621 bt,
456 5564 530 5608 uxor
544 5547 600 5605 luit
614 5563 696 5604 soror
714 5546 828 5603 Ottonis
839 5545 860 5601 l.
