3900 6098
102 300 262 388 'teo
637 309 670 370 s
693 307 890 371 auuuours
913 307 1227 372 neusteocsusls
1247 309 1433 373 sersaoni.
1607 355 1618 363 .
1827 288 1892 371 'sao

178 447 215 502 12
253 445 322 518 Quia
335 448 368 502 la
379 442 519 519 possedisti
532 457 609 500 renes
624 457 718 499 areos:
1021 443 1098 511 lll7
1133 442 1318 500 Dinrtmeroto
1332 460 1375 500 cos
1394 452 1419 500 rt
1437 458 1645 517 superuacuam
1659 440 1890 517 multiplrbatuu·

252 537 402 609 Suscepisti
415 551 457 591 rue
471 535 596 591 deutero
610 533 712 588 rreotris
726 546 805 589 urcae.
1171 541 1218 589 tar
1234 550 1240 590 :

220 626 344 682 Gitanas
357 624 501 697 signifieat
511 623 715 679 tortitudinem
727 620 919 694 corporalem,
932 621 1011 677 tunde
1135 623 1289 678 Exsarrcei
1302 626 1329 679 ct
1340 621 1430 679 aditae
1441 639 1502 678 sum
1517 631 1614 680 tecum.

181 715 286 771 merito
299 713 369 770 dicit
379 729 462 770 renes
473 729 543 770 suos
553 728 619 768 esse
630 729 646 767 a
659 711 744 767 Patre
759 727 921 784 possessos,
936 726 1010 784 quo·
1100 711 1121 767 C
1136 714 1230 768 Arena
1245 713 1346 781 maris,
1360 712 1633 785 siguificsttudreos
1648 713 1771 785 propter
1778 710 1896 768 aridita-

181 803 262 860 niam
278 801 401 859 coeiostis
417 802 542 873 justitie
565 801 704 856 firmitate
717 800 892 867 consistens,
909 817 1010 874 pocca-
1064 800 1122 856 tem
1135 801 1216 870 fidei;
1230 801 1540 858 aronacnimostdieta
1550 801 1586 858 ab
1597 801 1739 868 ariditate,
1750 800 1897 873 promittit

179 896 245 949 tum
261 891 371 965 fragilis
386 890 515 963 corporis
534 887 690 963 ignoravit.
708 893 746 943 Dc
761 893 844 945 utero
859 905 927 944 vero
948 904 1010 944 mo·
1065 907 1133 964 ergo
1144 890 1276 946 Cirristus
1292 907 1322 947 sc
1339 891 1591 947 dinumeraturum
1608 889 1754 965 populum
1766 888 1894 960 lidelem,

180 981 245 1048 tris,
258 981 288 1036 id
310 982 354 1037 est
369 980 404 1035 de
419 979 579 1052 synagogae
596 977 675 1045 sinu,
690 976 761 1032 dicit
784 994 816 1032 se
838 982 1010 1050 susceptum
1065 979 1116 1053 qui
1126 979 1310 1036 numerosior
1317 977 1894 1053 populoJudaiooinvenituuiixsurrexi,

182 1086 200 1128 a
215 1070 320 1126 deitate
334 1069 438 1136 Patris,
450 1085 514 1140 quae
529 1069 559 1122 in
575 1082 687 1122 cocum
704 1066 855 1122 Patrcuno
870 1069 924 1122 cst.
936 1066 1010 1122 Nam
1066 1069 1272 1142 apaasatione
1291 1068 1485 1125 dormitionis.
1502 1067 1603 1124 lldhac
1623 1072 1723 1124 tecum
1740 1084 1820 1136 sum,
1837 1085 1894 1126 uon

182 1160 259 1218 side
280 1157 415 1233 virginali
442 1160 524 1213 utero
554 1155 626 1212 velis
655 1155 796 1228 accipere,
827 1171 885 1210 non
909 1154 1010 1211 solum
1067 1155 1895 1231 quodaliquandoabipsodiridendussit,sedquimodo

182 1248 411 1323 quandoestdo
433 1245 601 1301 castissimo
630 1248 712 1300 utero
742 1261 889 1317 egressus,
906 1244 1013 1311 sed,ot
1066 1249 1152 1305 nobis
1180 1252 1224 1304 est
1252 1246 1416 1314 inuisibilis,
1434 1248 1469 1303 ad
1494 1247 1641 1303 dexteram
1668 1245 1768 1304 Patris
1788 1246 1819 1302 in
1842 1262 1895 1305 εω-

182 1338 301 1412 quaudo
313 1336 424 1410 Spiritu
437 1338 538 1392 sancto
551 1337 710 1407 conceptus
725 1337 799 1400 csta
812 1327 934 1388 Domino
950 1350 1013 1406 pro-
1067 1337 1190 1394 lestibus
1206 1338 1348 1405 residem,
1365 1336 1501 1392 omnibus
1521 1339 1623 1410 postea
1648 1337 1793 1410 gentibus
1809 1352 1895 1410 appa-

183 1429 271 1484 hotur
284 1429 467 1498 assumptus.
482 1425 505 1479 Α
520 1422 571 1478 Vel
590 1423 676 1480 verba
690 1422 861 1494 paenitentis
876 1425 957 1477 suut.
1068 1427 1152 1483 sebit.
1337 1493 1342 1506 .

185 1518 219 1572 13
257 1515 408 1586 Confitetur
422 1514 473 1569 libi
487 1515 552 1585 quio
574 1513 736 1569 terribiliter
751 1513 1012 1584 maqrrifioutaoes:
1069 1517 1103 1572 18
1140 1518 1170 1574 Si
1184 1517 1313 1574 occideris
1327 1516 1397 1571 Deus
1409 1521 1585 1588 praecatores:

292 1605 437 1660 mirabilia
452 1617 533 1674 opero
549 1606 597 1657 tuo
614 1620 620 1659 :
1142 1607 1200 1662 Viri
1214 1607 1382 1677 sorrpru’uuru
1396 1605 1557 1661 declinator
1573 1621 1625 1660 me.

257 1697 294 1749 Et
309 1694 405 1748 unitae
418 1706 479 1746 meu
495 1696 635 1760 coprroocet
649 1693 745 1747 rriruia.
1069 1696 1103 1752 19
1141 1699 1209 1767 Qrtr'o
1224 1695 1317 1752 dicitis
1332 1696 1360 1750 iu
1376 1696 1536 1766 capitatione
1551 1711 1559 1749 t

221 1778 1014 1852 C'ierribilitereuimmagnificatusestPutcr,queudo
1141 1787 1285 1859 Accipiorl
1300 1786 1328 1841 ia
1345 1785 1463 1841 caritate
1477 1786 1598 1840 ciuitates
1609 1801 1682 1841 suas.

185 1873 215 1929 iu
227 1872 364 1946 passione
374 1868 480 1926 Christi
491 1872 568 1925 terra
578 1871 783 1938 tremuit,saxa
792 1868 925 1942 disrupta
933 1875 1012 1939 sunt,
1104 1874 1247 1932 GOccidit
1257 1876 1333 1930 Deus
1343 1879 1534 1948 peccatorem,
1546 1888 1613 1930 eam
1626 1873 1754 1930 moritur
1768 1878 1896 1947 peccato,

186 1958 838 2035 sepulcrapatuerunt.Necessequeiuitillum
848 1959 1012 2016 mirabilem
1069 1969 1102 2020 ut
1115 1963 1193 2020 vivat
1207 1963 1265 2020 Deo
1283 1982 1289 2019 ε
1307 1967 1339 2019 ut
1356 1963 1461 2020 Paulus
1475 1964 1517 2018 ait
1533 1980 1539 2018 :
1556 1961 1689 2018 Mortuus
1702 1979 1772 2019 sum
1787 1963 1855 2037 logi,
1866 1970 1898 2019 ut

185 2064 460 2125 cognosc-ere,quem
471 2051 618 2104 tantorum
629 2047 1013 2121 beneficiorumpiissimum
1067 2053 1162 2109 rivom
1187 2052 1302 2108 Christo
1317 2054 1390 2124 (Gai.
1406 2054 1446 2125 n).
1460 2050 1520 2107 Viri
1544 2050 1735 2124 sanguinum,
1753 2056 1825 2108 sunt
1849 2052 1897 2126 qui

184 2139 352 2212 largitorem
365 2136 613 2193 cernebatclrrisli
625 2135 858 2193 immundusve]
871 2136 1014 2209 poenitens
1068 2142 1224 2198 carnaliter
1238 2143 1347 2209 virunt,
1359 2145 1387 2197 ct
1402 2157 1465 2213 quie
1484 2145 1554 2197 scrut
1570 2141 1726 2214 sauguinis
1742 2147 1895 2216 peragunt,

185 2229 255 2286 dicit
271 2229 298 2283 in
316 2227 503 2283 conversione
519 2228 706 2297 peccalorum
729 2225 821 2281 Deum
847 2226 1016 2282 terribiliter
1069 2232 1178 2305 quibus
1194 2231 1321 2287 dicitur:
1337 2228 1481 2287 Declinate
1495 2248 1512 2286 a
1525 2246 1583 2287 me.
1594 2233 1617 2286 Α
1629 2230 1649 2286 G
1660 2229 1787 2287 Videtur
1800 2235 1896 2288 autem

185 2316 368 2392 magnificari
391 2319 419 2372 et
442 2313 625 2371 mirabiliter.
642 2315 676 2369 Et
692 2320 848 2387 sequentes
863 2332 965 2372 uersus
979 2315 1014 2372 de
1069 2322 1111 2378 sic
1138 2320 1268 2376 connecti
1297 2321 1451 2376 rcrboram
1479 2319 1619 2376 ordo:Si
1647 2319 1792 2375 occideris
1822 2319 1897 2376 Deus

185 2408 344 2482 poenitente
359 2421 502 2479 exponere
514 2403 603 2460 vales·
1069 2415 1244 2483 peccatores,
1262 2408 1405 2483 accipient
1426 2408 1455 2464 in
1474 2407 1602 2464 vanitate
1624 2406 1759 2464 civitates
1783 2408 1897 2476 suasi}

187 2499 220 2555 li
257 2501 319 2557 Neu
333 2504 372 2554 est
386 2495 540 2552 occrdotum
564 2509 593 2551 os
618 2509 709 2550 anuum
723 2511 739 2549 u
754 2501 779 2550 le
793 2495 863 2567 quod
882 2496 972 2566 fecisti
984 2495 1015 2551 ia
1068 2499 1096 2555 id
1113 2503 1167 2568 est,
1183 2501 1209 2555 si
1225 2504 1384 2571 praecatores
1399 2513 1416 2552 a
1429 2495 1516 2553 malis
1530 2496 1760 2570 cogitationibus
1776 2496 1806 2552 iu
1823 2497 1898 2553 bona

295 2586 398 2644 occulto
415 2603 422 2641 :
1069 2589 1169 2645 studia
1185 2588 1354 2656 transieras,
1366 2586 1476 2661 priores
1487 2586 1717 2642 consuetudines
1727 2590 1757 2642 et
1770 2589 1896 2658 peecata,

259 2681 293 2733 Et
305 2674 460 2732 substantio
472 2689 534 2729 uteo
550 2674 580 2729 in
595 2672 775 2742 inferioribus
789 2680 880 2730 terrae.
1069 2678 1099 2733 iu
1110 2677 1219 2750 quibus
1229 2676 1412 2746 babitabant,
1423 2675 1452 2731 iu
1461 2692 1537 2732 vano
1548 2672 1701 2748 accipient,
1709 2674 1741 2730 id
1753 2677 1800 2732 est
1809 2691 1897 2731 vonas

223 2766 244 2822 C
258 2766 312 2821 Per
326 2781 359 2821 os
375 2763 454 2819 enim
470 2762 617 2836 signifieat
633 2765 817 2818 sacramenta
832 2762 939 2831 divina,
952 2777 1015 2834 quae
1070 2771 1219 2841 respuent,
1233 2771 1262 2824 ot
1282 2766 1380 2823 dicent
1394 2765 1440 2821 iris
1456 2764 1507 2838 qui
1523 2764 1618 2821 adhue
1642 2763 1671 2820 in
1694 2762 1757 2820 illis
1770 2762 1858 2821 vanis
1870 2768 1900 2820 et

188 2861 255 2914 ante
271 2854 430 2910 adrentum
451 2851 580 2920 Domini,
593 2850 707 2908 occulta
731 2852 858 2922 luerunt,
873 2858 906 2909 ut
921 2853 1016 2926 bapti·
1070 2856 1156 2914 malis
1183 2861 1372 2930 permanent:
1387 2854 1534 2912 Declinate
1558 2870 1575 2910 a
1599 2868 1656 2923 me,
1669 2853 1742 2926 quia
1756 2853 1856 2909 dicitis
1870 2854 1899 2910 in

189 2963 286 3002 smum
299 2959 425 3009 sacrum,
436 2945 463 2997 et
477 2957 584 3014 corpus
596 2945 625 2997 et
635 2941 756 3013 sanguis
766 2941 891 3011 Domini,
904 2960 968 3017 quae
982 2960 1015 3000 eo
1070 2946 1308 3020 cogitationibus,
1319 2945 1348 3001 id
1364 2949 1408 3001 est
1427 2942 1583 3017 loquimini
1598 2942 1627 2998 in
1644 2946 1745 2999 mente
1770 2947 1801 2999 et
1823 2960 1900 2999 mur·

187 3035 321 3092 veniente
337 3031 516 3088 claruerunt.
533 3030 673 3086 Interiora
698 3034 790 3099 terrie,
805 3031 924 3089 luerunt
947 3048 1016 3105 gen·
1071 3033 1533 3106 muratiscontrailla,quevobis
1544 3032 1672 3106 Spiritus
1684 3032 1782 3088 sancti
1795 3032 1900 3089 virtute

189 3124 264 3180 tium
285 3121 415 3178 culture.
433 3120 488 3175 Sed
501 3118 575 3192 ipsis
590 3119 667 3176 iacta
691 3123 736 3175 est
759 3125 828 3177 nota
851 3122 1018 3178 substantia
1070 3125 1227 3197 predicato
1241 3129 1320 3193 sunt,
1331 3123 1454 3195 ideoque
1467 3120 1537 3194 quia
1552 3121 1594 3178 sie
1605 3118 1763 3194 loquimini
1780 3121 1811 3177 in
1827 3121 1900 3195 cogi·

190 3211 349 3272 Salvatoris
364 3209 425 3277 Dei,
435 3209 562 3281 quaudo,
574 3207 605 3265 in
621 3209 685 3282 ipso
698 3207 895 3283 intelligentes
911 3210 1016 3267 diuini·
1031 3195 1052 3263 C
1072 3213 1181 3271 tatione
1196 3219 1297 3270 contra
1308 3214 1410 3284 Deum,
1422 3210 1563 3268 declinate
1574 3229 1591 3266 a
1603 3227 1658 3266 me.
1671 3213 1691 3265 C
1702 3208 1779 3277 Quia
1790 3210 1898 3283 dicitis,

192 3307 292 3369 tatem,
304 3316 372 3357 eum
388 3296 498 3354 devotis
515 3297 664 3356 mentibus
683 3315 735 3371 per
760 3299 948 3371 apostolicam
964 3301 1015 3356 do·
1069 3302 1098 3358 id
1115 3307 1159 3359 cst
1174 3307 1275 3359 contra
1290 3302 1341 3358 illa
1362 3301 1555 3358 murmuratis
1571 3311 1633 3373 qua
1647 3299 1758 3356 virtute
1773 3298 1899 3374 Spiritus

190 3391 314 3448 ctrinam
331 3389 424 3445 Deum
448 3403 512 3443 esso
527 3388 724 3444 crediderunt.
741 3388 830 3445 Terra
853 3390 1016 3462 itaquehu·
1071 3393 1165 3450 sancti
1181 3392 1264 3449 vohis
1280 3387 1435 3464 predicata
1451 3393 1530 3447 sunt.

190 3496 312 3537 manum
328 3495 421 3553 genus
437 3481 489 3546 est,
502 3478 587 3550 cujus
613 3481 710 3551 partes
735 3477 910 3550 superiores,
924 3479 1013 3535 iudei
1070 3484 1105 3536 20
1142 3485 1236 3539 Nerine
1250 3482 1299 3554 qui
1313 3481 1426 3536 oderunt
1439 3488 1473 3547 to,
1490 3480 1611 3544 Doureios,
1627 3477 1740 3535 oderam
1757 3495 1765 3534 :

189 3570 308 3627 luerunt
323 3573 399 3626 rocta
412 3567 556 3624 eredendo
579 3571 646 3623 ante
661 3566 768 3622 Christi
785 3566 974 3635 nativitatem,
988 3574 1017 3625 et
1142 3573 1175 3627 iil
1187 3587 1269 3643 reaper
1283 3571 1410 3628 r'ur'ruioos
1426 3576 1484 3625 turos
1500 3567 1687 3624 tcrteseelromt

188 3664 287 3734 partes
302 3652 366 3732 ejus
383 3656 543 3723 inferiores,
555 3661 656 3729 gentes
678 3659 802 3710 terrram
818 3656 973 3714 adorantes
988 3663 1017 3714 et
1106 3658 1242 3715 CMerilo
1258 3662 1373 3714 nostros
1397 3657 1577 3714 adversarios
1598 3657 1741 3729 jubemur
1765 3656 1897 3731 diligere,

188 3746 310 3824 lapides.
328 3751 395 3815 Oua
410 3763 489 3803 nunc
505 3746 561 3802 fide
577 3746 657 3802 taeta
673 3747 743 3800 sunt
756 3745 932 3816 superiores.
1071 3765 1145 3821 quos
1161 3765 1213 3804 nos
1229 3746 1406 3803 nostroritio
1423 3746 1565 3820 contingit
1586 3745 1749 3810 alicndere;
1767 3745 1819 3802 ilci
1834 3761 1898 3802 vero

189 3827 223 3896 1'5
258 3833 1015 3912 imperfectumrncumuideruntoculituizctinlibro
1070 3837 1192 3904 inimic-l,
1209 3837 1327 3909 quando
1342 3835 1480 3891 obstinati
1497 3840 1576 3904 sunt,
1595 3830 1899 3908 competentietreli·

296 3932 342 3984 tue
356 3942 449 3983 omnes
463 3923 639 3980 scribentur:
1070 3927 1152 4000 glosa
1174 3924 1371 3982 exsecratione
1392 3925 1580 3993 damnantur,
1608 3921 1751 3995 quonlam
1774 3934 1843 3980 cum
1862 3920 1899 3979 'ab

258 4018 321 4074 llice
332 4015 527 4088 formabantur
541 4020 567 4068 tt
581 4025 660 4067 uerno
675 4012 703 4064 ia
721 4012 769 4066 eis.
1069 4016 1133 4091 ipso
1145 4015 1233 4072 creati
1244 4013 1313 4081 sint,
1326 4012 1440 4086 ipsique
1454 4014 1578 4070 debeant
1593 4026 1680 4068 omne
1691 4011 1774 4086 quod
1790 4012 1898 4080 uruat,

223 4112 243 4162 C
258 4105 388 4172 illiciter
410 4118 534 4177 persona
551 4099 795 4168 Ecclesiasticus
812 4099 1013 4174 imperfectum
1070 4122 1124 4161 suo
1135 4109 1233 4160 tamen
1244 4100 1735 4168 contumacesreddunturauctari,
1746 4099 1898 4174 idoojuste

189 4192 302 4253 Patrem
314 4194 434 4258 uidisse,
445 4189 573 4263 quiailla
584 4206 678 4262 usqae
689 4189 725 4245 ad
738 4189 824 4245 finem
839 4191 937 4247 saculi
949 4209 1015 4249 con·
1068 4194 1143 4252 tales
1157 4191 1296 4249 horrendi
1317 4196 1396 4257 sunt,
1412 4191 1462 4263 qui
1485 4197 1514 4247 et
1537 4206 1658 4247 suorum
1685 4188 1896 4248 beneficiorum

189 4285 360 4360 gregabitur
374 4285 401 4338 et
416 4278 591 4354 perficietur,
604 4277 655 4336 sed
677 4278 769 4334 deitas
789 4279 846 4335 isla
856 4281 919 4351 jam
941 4280 1015 4338 vidit
1070 4299 1215 4340 memores
1227 4298 1284 4338 non
1296 4280 1424 4336 luerunt.
1437 4279 1606 4348 stcscere,
1618 4279 1673 4335 hoe
1685 4275 1813 4338 uerbum
1828 4278 1897 4336 indi·

188 4389 251 4447 qnae
264 4369 466 4428 adhuciutura
477 4371 544 4440 post
554 4366 1012 4441 longistemporibusserronlur.
1068 4372 1148 4430 oium
1163 4375 1207 4427 est
1231 4369 1329 4444 magni
1347 4368 1465 4436 doloris,
1479 4371 1627 4426 tabescere
1649 4367 1729 4424 enim
1746 4366 1816 4426 iilos
1831 4366 1897 4425 dioi-

187 4465 222 4518 bl
238 4463 267 4516 in
283 4460 357 4515 libro
372 4457 546 4524 scribentur,
560 4455 610 4529 qui
629 4460 737 4512 eterna
751 4455 889 4514 lelicitoto
903 4460 1012 4532 gauda-
1068 4479 1145 4530 mus,
1158 4461 1207 4534 qui
1220 4458 1298 4517 curis
1305 4457 1427 4532 jugibus
1440 4459 1657 4533 ulliiguntur,et
1667 4473 1743 4530 pene
1757 4454 1894 4532 usquead

187 4553 270 4607 bunt.
288 4549 355 4605 Dios
379 4544 573 4613 formabatur,
590 4546 680 4601 idest
699 4545 792 4601 sancti
818 4546 848 4601 in
874 4554 1014 4621 perpetua
1029 4568 1051 4638 D
1066 4551 1220 4608 interitum
1236 4548 1300 4604 uritae
1317 4564 1437 4620 corpore
1452 4547 1604 4605 deliciante
1620 4546 1809 4622 perueniunt..

185 4638 335 4698 felicitate.
350 4635 440 4694 Nemo
455 4635 485 4691 iu
501 4635 552 4705 eis,
565 4633 864 4703 subaudiendumcst,
876 4635 1013 4696 inlorma-
1067 4643 1099 4698 21
1139 4643 1262 4712 Perfecto
1275 4638 1339 4693 odie
1350 4636 1459 4693 oderam
1475 4638 1537 4693 illes
1555 4656 1561 4695 :

184 4731 276 4797 bitur,
287 4728 316 4784 id
333 4730 377 4784 est
392 4724 527 4783 iniormis
541 4729 569 4780 et
584 4723 770 4780 defectuosus
786 4723 840 4780 erit
854 4725 883 4780 in
904 4725 1013 4784 coelesti
1139 4730 1250 4786 intratsi
1260 4728 1332 4799 sueti
1344 4734 1410 4782 suut
1422 4727 1501 4783 ruiti.
1594 4726 1599 4736 '

185 4819 290 4893 patrio,
302 4816 372 4892 quia
387 4814 484 4873 omnis
500 4814 656 4871 infirmitas
671 4813 768 4869 carnis
785 4816 1012 4889 consumptadi-
1103 4817 1307 4876 CPeriectum
1338 4819 1381 4872 est
1409 4815 1520 4885 odium,
1545 4816 1681 4873 homines
1710 4814 1845 4890 diligere,
1869 4819 1893 4871 et

184 4908 319 4983 speribit.
1068 4926 1170 4967 eorum
1184 4907 1256 4963 ritiu
1270 4905 1485 4978 semperodire,
1498 4905 1598 4962 odium
1609 4904 1718 4980 quippe
1729 4904 1894 4961 dictumest

186 4998 221 5054 16
258 4996 324 5053 lditi
346 5003 435 5054 utitem
463 4997 548 5051 ruituris
574 4993 750 5064 bocorlpicott
776 5001 840 5049 scrut
862 4997 1011 5066 amicitiai,
1068 4999 1152 5074 qussi
1169 4997 1228 5054 oris
1244 4995 1410 5069 repudium.
1424 4995 1561 5053 iuimicus
1574 4996 1665 5053 iactos
1681 4994 1774 5052 etiam
1790 4993 1847 5051 sibi
1858 4993 1894 5049 di·

294 5091 393 5143 Deus:
1068 5089 1116 5158 cit,
1134 5088 1185 5160 qui
1200 5083 1337 5142 contrarii
1357 5085 1486 5157 paternis
1506 5085 1693 5156 jussionibus
1710 5083 1892 5155 exstiterunt,

255 5177 345 5234 Nimia
358 5175 528 5248 confortatus
542 5177 582 5228 est
594 5173 767 5244 principatus
781 5187 883 5228 comm.
1065 5182 1099 5234 ut
1113 5176 1277 5234 ostenderet
1291 5174 1435 5229 unitatem
1448 5190 1507 5229 sue
1524 5164 1686 5230 divinitatis
1696 5188 1766 5229 eum
1782 5171 1876 5228 Patre.

220 5265 382 5331 Cbmieos,
399 5261 469 5317 dicit
490 5266 607 5317 sanctos
631 5259 787 5334 apostolos.
804 5260 909 5330 Nimis,
927 5262 1010 5320 vaide
1065 5270 1101 5323 22
1137 5264 1291 5331 i’robemc,
1310 5263 1696 5329 Deusetseitocermcum:

184 5354 341 5427 significat.
353 5351 540 5407 Conlorlotus
551 5355 595 5407 est
605 5350 789 5423 principatus
799 5365 911 5419 eorum,
922 5368 1009 5423 quem
1136 5359 1277 5424 interrogo
1292 5369 1335 5409 nte
1348 5355 1375 5408 et
1389 5368 1517 5421 cognosce
1529 5355 1639 5409 semitas
1654 5366 1740 5409 ineos.
1858 5417 1859 5421 η

184 5444 341 5514 prestante
352 5439 474 5494 Dounino
490 5444 680 5513 perceperunt
696 5438 845 5494 intantum
857 5442 890 5494 ut
905 5438 1009 5499 arietes
1100 5443 1229 5502 CProbs
1254 5459 1311 5514 mc,
1327 5441 1405 5497 istud
1431 5457 1516 5499 tremo
1541 5446 1636 5516 potest
1651 5441 1759 5511 dicere,
1775 5437 1833 5497 nisi
1844 5435 1892 5496 ttlc

169 5539 308 5602 tgregum
320 5533 348 5584 ct
363 5527 510 5602 principos
526 5529 654 5586 fidelium
671 5527 905 5586 merueriatosse
920 5545 1011 5604 popu·
1065 5534 1145 5593 solus
1156 5533 1206 5607 qui
1218 5535 1334 5607 peccatu
1350 5547 1407 5586 non
1424 5530 1492 5587 lecit
1504 5531 1648 5588 Christus.
1665 5531 1747 5589 Scito
1763 5522 1895 5604 conquire

187 5615 293 5675 lorum·
1064 5630 1093 5682 te
1102 5621 1304 5694 derelinquere
1314 5620 1345 5676 in
1360 5621 1561 5693 perseeutione
1572 5639 1630 5680 non
1642 5621 1720 5679 nori.
1731 5612 1894 5694 interroga,

114 5666 167 5736 h
