3884 6084
133 250 192 311 aa
595 248 627 308 s.
651 206 834 309 eurenais
858 245 1141 309 asculanensis
1163 246 1381 308 assensu.
1781 243 1844 323 aaa

133 387 231 454 parles
243 379 364 453 justitiae
381 380 545 453 posuimus,
563 384 596 435 nt
612 384 710 454 aperte
726 382 999 448 monstraremusA
1016 378 1200 452 marsupium
1226 378 1304 434 illius
1327 379 1369 435 ita
1393 378 1584 444 exinanitum,
1603 379 1637 432 ιιι
1658 373 1739 450 quod
1763 374 1846 451 daret

134 470 216 526 illum
228 470 379 543 proprium
392 469 496 542 cuique
508 468 657 535 tribuisse,
667 473 695 526 et
708 469 814 526 ideirco
826 469 958 526 omnium
1013 469 1153 525 iratribus
1169 486 1225 524 nen
1240 468 1372 538 haberet,
1387 483 1454 525 cnm
1470 466 1567 524 subito
1581 482 1617 523 ex
1631 463 1784 538 insperato
1797 478 1845 523 vo·

132 558 255 633 gratiam
270 563 299 614 et
313 575 443 614 amorem
455 558 663 630 promeruisse,
675 563 703 614 et
718 563 751 614 ut
765 558 854 616 etiam
868 558 960 614 omni·
1013 558 1112 616 aiebat
1137 558 1192 615 sibi
1222 557 1373 614 sufficiens
1398 556 1572 623 benedictio,
1590 555 1669 612 uude
1693 553 1846 609 sedaretur

132 650 187 706 bus
203 647 409 716 declararetur,
426 647 496 720 quia
512 663 630 704 necesse
643 651 705 704 erat
721 652 855 720 utquam
880 647 958 704 Deus
1013 648 1175 722 petentium
1188 647 1365 703 vociferatio.
1378 647 1413 703 llt
1425 663 1461 703 ne
1476 644 1652 720 generaliter
1666 642 1730 699 haec
1745 658 1844 716 proae-

130 731 297 812 perdiderat
310 736 416 810 gratia,
431 738 468 792 ab
483 736 621 792 omnibus
637 741 794 793 amaretur.
811 737 887 793 Reae
904 736 957 794 ita-
1013 737 1139 809 quenda,
1156 737 1220 808 eJ'us
1240 736 1340 811 aliqua
1355 733 1560 793 misericordie
1576 750 1664 807 opera
1680 730 1846 805 specialiter

125 838 187 899 *que
202 828 238 883 de
252 842 285 882 eo
298 841 401 882 omnes
415 824 446 880 ia
461 840 618 881 commuue
633 829 798 894 senserunt,
811 825 881 898 quie
896 824 958 882 ubi·
1012 825 1147 898 ignorare
1175 825 1337 893 videamur,
1354 825 1487 898 quaedam
1511 823 1558 879 hie
1579 827 1652 879 aunt
1676 820 1842 888 inserenda,

129 925 187 990 que
203 914 316 972 eunctis
332 918 361 971 et
374 913 466 970 amori
483 919 512 971 et
527 914 629 970 honori
646 912 710 971 luit.
736 913 801 970 Jam
828 931 895 970 vere
921 914 957 971 de
1012 915 1084 970 satis
1104 918 1266 970 memoratu
1290 914 1390 988 digne,
1407 930 1471 986 quie
1486 913 1574 969 fidem
1590 911 1744 986 prebeant
1756 909 1843 967 eiiam

128 1003 315 1062 inferioribus
329 1002 459 1061 seniores
475 1002 637 1060 honerabat
653 1007 685 1058 ut
704 1007 810 1076 patres,
822 1002 958 1074 juniores
1011 1002 1057 1059 his
1074 1020 1137 1076 que
1153 1003 1328 1059 nominatim
1344 1020 1402 1059 nen
1418 1007 1488 1058 sunt
1503 1002 1648 1075 ponenda.

128 1099 162 1151 tat
183 1093 298 1163 tratres,
315 1109 390 1148 auus
413 1096 445 1148 ut
468 1096 586 1159 matres,
611 1093 738 1166 virgines
764 1097 796 1148 ut
819 1109 955 1162 sorores;

128 1182 230 1241 omnes
247 1187 345 1239 tamen
362 1182 512 1238 aestimans
526 1180 584 1237 sibi
600 1181 776 1255 superiores,
797 1181 911 1238 cunctis
926 1181 955 1238 in

127 1271 444 1344 eommunc'praebebat
471 1269 613 1327 familiare
636 1271 816 1326 consortium
832 1273 861 1327 et
877 1269 955 1326 salu·

119 1367 189 1418 ‘tare
204 1358 480 1433 colloquiumanli
497 1376 649 1427 onerosus,
666 1358 738 1414 nulli
757 1359 955 1431 importunus,
1046 1359 1177 1425 Quodam
1201 1363 1330 1434 tempore
1352 1377 1418 1414 cum
1442 1360 1479 1414 ad
1505 1361 1642 1414 sanctum
1668 1355 1841 1430 Dionysium

127 1449 238 1506 nulllus
253 1449 373 1505 honoris
389 1449 523 1521 cupidus,
549 1447 678 1504 alienum
704 1465 761 1504 neu
777 1447 954 1520 vindicabat,
1011 1446 1139 1504 Parisios
1155 1454 1297 1523 pergeret,
1313 1453 1341 1505 et
1366 1465 1418 1521 per
1439 1447 1590 1521 publicum
1609 1446 1667 1501 iter
1682 1444 1841 1511 incederet,

1011 1149 1076 1203 Car.
1094 1146 1139 1203 lx.
1156 1178 1189 1188 —
1206 1147 1330 1216 Qualiter
1354 1146 1426 1201 trinis
1446 1146 1541 1217 pneris
1560 1145 1621 1217 jam
1646 1143 1787 1215 &suadis
1802 1141 1843 1198 ia·

1075 1218 1202 1274 demerita
1215 1220 1354 1290 prestitit,
1371 1219 1412 1273 vet
1426 1218 1577 1289 sepulturae
1590 1232 1635 1272 eos
1648 1213 1780 1270 tradidit.

127 1539 186 1595 lmo
201 1538 296 1612 magis
312 1538 389 1610 qued
406 1554 493 1593 suum
508 1542 570 1594 erat
583 1536 715 1593 hilariter
725 1536 807 1594 alteri
819 1539 955 1594 concede·
1010 1536 1130 1593 otlendit
1146 1539 1220 1594 duos
1235 1555 1341 1612 pueros
1356 1537 1444 1593 sumis
1459 1541 1487 1592 et
1502 1535 1620 1610 trigoris
1636 1533 1786 1608 supplicio
1799 1550 1843 1591 oe·

126 1626 358 1686 anibulantem
373 1626 520 1699 preprium
537 1625 711 1699 negligebat,
725 1630 756 1681 nt
767 1641 953 1683 communem
1009 1625 1157 1697 cubuisse,
1173 1631 1201 1683 et
1217 1627 1272 1683 sub
1286 1626 1380 1683 oculis
1395 1625 1538 1695 omniurn,
1554 1625 1635 1680 dictu
1653 1622 1837 1681 miserabile!

122 1716 292 1789 equitatem
309 1715 478 1772 custodiret.
495 1714 729 1772 Benevolentiam
749 1719 778 1772 et
792 1715 953 1772 liberalita-
1009 1716 1105 1771 nudes
1117 1721 1145 1772 et
1161 1716 1323 1789 insepultos
1338 1716 1367 1771 in
1384 1715 1480 1771 media
1495 1714 1541 1770 via
1551 1715 1665 1787 jacere.
1681 1713 1752 1769 Erat
1765 1711 1837 1769 enim

125 1810 195 1875 tem,
209 1815 274 1879 qtiae
298 1804 386 1861 etiam
411 1807 439 1862 et
457 1805 528 1876 ipsae
546 1809 642 1878 partes
659 1810 728 1861 sunt
744 1803 953 1871 beneficentiae,
1008 1819 1042 1859 eo
1054 1806 1289 1876 temporetames
1300 1804 1405 1871 valida,
1416 1820 1479 1877 qua
1491 1804 1537 1859 sui
1549 1800 1836 1876 magnitudinepeae

125 1896 185 1952 sive
195 1893 317 1966 justitie
329 1895 380 1968 (7),
391 1894 432 1950 ita
445 1894 598 1960 retinebat,
616 1897 647 1950 ut
662 1894 690 1949 in
706 1892 748 1949 eis
764 1886 873 1950 nostris
884 1897 955 1949 tem·
1008 1896 1084 1949 totus
1098 1893 1257 1950 Galliarum
1270 1894 1330 1949 sive
1346 1892 1508 1966 Aquitaniae
1522 1893 1714 1966 oppresserat
1728 1889 1835 1964 provin·

126 1985 246 2058 peribus
260 1983 290 2040 ln
306 2000 359 2040 suo
374 1983 476 2039 ordine
491 1982 680 2057 singulariter
695 1981 776 2038 selus
801 1981 952 2038 reluceret.
1008 1981 1079 2038 eins.
1096 1982 1295 2054 Compunetus
1311 1981 1409 2055 itaque
1434 1981 1479 2037 vir
1502 1985 1624 2037 sanctus
1639 1978 1693 2037 tali
1710 1980 1830 2047 horrere,

125 2073 268 2130 Omnibus
288 2073 367 2129 enirn
392 2073 422 2127 in
448 2089 603 2128 commune
627 2071 741 2128 valebat
765 2071 951 2138 benelaeere3
1008 2088 1082 2144 eque
1097 2072 1235 2140 desilivit,
1252 2071 1396 2139 substitit,
1413 2070 1600 2143 pollinctores
1612 2069 1750 2125 mercede
1761 2084 1830 2142 qne-

125 2164 176 2219 sed
192 2163 301 2234 quibus
324 2167 437 2234 poterat
463 2161 622 2218 liberaliter
645 2160 774 2216 liberalis
801 2160 951 2217 existebat.
1009 2161 1085 2217 sivit.
1112 2163 1208 2218 Lanea
1222 2166 1311 2228 veste,
1328 2177 1417 2234 quam
1432 2159 1519 2233 vulgo
1534 2157 1710 2215 staminiam
1726 2160 1826 2225 vocant,

125 2251 193 2308 Plus
223 2252 370 2325 gaudebat
394 2251 470 2307 datis
494 2266 583 2323 quam
611 2249 747 2323 acceptis,
765 2250 860 2306 aciens
879 2248 952 2305 illud
1007 2250 1126 2307 adorsa
1137 2249 1419 2318 abstracta‚illerum
1431 2249 1594 2305 nuditatem
1606 2244 1826 2321 propriismani·

124 2339 282 2408 felicitatis,
299 2341 377 2396 islnd
393 2340 558 2412 indigentie
584 2340 879 2407 esse,etsecnndnm
896 2339 953 2394 uo·
1007 2340 1063 2394 bns
1090 2338 1249 2413 cooperuit,
1275 2337 1417 2412 sepelivit,
1443 2337 1575 2394 debitum
1601 2335 1731 2393 mortuis
1751 2335 1824 2394 obse·

114 2429 239 2486 ‘minicia
266 2428 404 2499 Veritatis
433 2429 619 2497 sententiam,
646 2428 761 2485 beatius
791 2443 855 2484 esse
884 2427 952 2483 dare
1007 2429 1111 2501 quium
1139 2428 1287 2501 persolvit,
1313 2428 1413 2500 sieque
1437 2430 1563 2499 caeptum
1589 2426 1647 2480 iter
1677 2422 1822 2481 unuitsi

125 2535 214 2592 quam
231 2518 370 2591 accipere.
1007 2517 1151 2573 Martinus
1167 2534 1218 2590 per
1246 2521 1340 2574 totum
1364 2516 1464 2573 orbem
1488 2514 1655 2571 celebratur
1669 2513 1700 2569 in
1715 2503 1821 2570 dimidia

168 2608 235 2664 Car.
251 2604 326 2663 Vlll.
344 2639 376 2648 —
390 2607 469 2678 Quod
484 2609 514 2662 ia
527 2624 662 2680 pauperes
676 2608 822 2678 tanaiticus
836 2607 900 2679 suit.
1006 2606 1106 2661 tunica
1121 2606 1241 2678 pauperi
1263 2604 1366 2671 divisa,
1382 2622 1435 2661 cnr
1458 2620 1515 2660 non
1540 2607 1569 2659 et
1592 2603 1649 2658 iste
1673 2601 1820 2659 seeundum

159 2698 197 2753 ln
207 2712 349 2770 pauperes
363 2695 401 2752 ite
419 2696 577 2753 munificus
592 2700 663 2764 erat,
676 2700 707 2752 nt
722 2696 880 2769 aliquando
893 2711 950 2751 non
1006 2694 1050 2751 sui
1067 2695 1193 2768 speeiem
1206 2694 1329 2751 celebris
1340 2693 1521 2749 habeaturin
1533 2692 1635 2749 tunica
1645 2692 1819 2766 integrare

111 2786 358 2859 dispensatorem
382 2786 433 2842 sed
459 2785 612 2859 profusum
636 2783 804 2858 largitorem
826 2784 949 2840 videres.
1006 2782 1056 2840 uni
1071 2784 1145 2851 vivo,
1158 2785 1208 2839 sed
1226 2783 1342 2840 duobus
1358 2783 1483 2839 mortuis
1497 2781 1589 2838 data?
1605 2780 1701 2838 Multa
1714 2776 1818 2852 proferri

123 2861 239 2932 Etenim
247 2874 340 2949 magis
352 2874 551 2931 delectabatur
560 2875 588 2929 in
598 2874 737 2931 iaciendis
746 2873 949 2946 eleemosynis,
1006 2872 1120 2943 possint
1129 2872 1247 2936 similia,
1261 2872 1317 2928 nisi
1329 2870 1554 2928 succumberent
1564 2873 1672 2926 nostrie
1684 2864 1816 2942 parvitatis

113 2970 211 3038 quam
228 2963 335 3037 aliquis
350 2963 489 3038 gratmari
507 2964 600 3037 possit
614 2962 644 3018 in
658 2963 846 3036 acquirendis
862 2978 950 3035 pecu·
1004 2960 1133 3033 ingenia.
1149 2962 1203 3017 Sed
1220 2967 1316 3018 tamen
1332 2977 1368 3017 ne
1391 2959 1509 3016 silentio
1535 2962 1710 3033 premantur
1723 2953 1814 3020 omniu

122 3053 189 3110 niis.
200 3053 313 3126 litquid
326 3052 601 3128 dicamifiaecerum
614 3050 948 3118 baculus‚esnrientium
1003 3055 1075 3106 tnnc
1091 3051 1140 3106 tali
1156 3051 1308 3124 temporis,
1324 3055 1353 3106 ct
1379 3050 1516 3122 deinceps
1539 3065 1590 3121 per
1613 3046 1724 3104 utullus
1736 3058 1812 3102 annue

122 3142 217 3210 cibus,
230 3156 298 3214 spes
313 3140 499 3209 miserarum,
516 3140 645 3197 solamen
662 3141 825 3215 lugentium
842 3127 986 3196 tuiaattl
1005 3139 1192 3196 incumbente
1208 3139 1336 3208 miseria,
1361 3139 1392 3194 in
1408 3155 1481 3195 usus
1503 3153 1668 3212 pauperum
1693 3132 1812 3209 eenimgd

121 3231 192 3305 quid
215 3230 310 3286 dicam
323 3234 335 3286 i
350 3229 554 3286 Misericordiae
581 3230 742 3286 visceribus
769 3230 948 3302 ultraquam
1003 3228 1129 3302 plurima
1145 3246 1215 3285 rasa
1228 3227 1426 3284 ecclesiastiea
1445 3232 1474 3283 et
1498 3229 1674 3282 ornamenta
1695 3220 1809 3296 insignia

109 3319 189 3375 'Dici
199 3318 291 3391 possit
304 3318 453 3385 attinebat,
463 3323 500 3387 et,
513 3307 656 3392 quantum
668 3320 697 3374 in
709 3336 739 3376 se
755 3317 948 3386 erat,nullum
1003 3317 1158 3390 interque
1182 3319 1271 3374 etiam
1297 3316 1477 3390 imperialem
1503 3314 1618 3373 Hearici
1646 3309 1809 3388 imperaturis

43 3471 44 3474 Ἴ
123 3407 301 3463 abenetlcio
326 3406 530 3462 misericordie
556 3408 736 3465 excludebat.
760 3409 795 3464 Et
819 3408 894 3464 sicut
919 3407 949 3462 ia
1003 3405 1472 3480 eoronam,indignumjudieaus
1497 3405 1568 3461 talia
1592 3404 1735 3478 denegare
1751 3413 1809 3475 patt-

123 3495 271 3569 epitapbio
285 3495 433 3551 Sabiniani
449 3513 530 3568 papae
544 3495 674 3570 legitur:
1004 3497 1123 3570 peribus
1152 3496 1270 3566 Christi,
1296 3514 1347 3568 pro
1371 3496 1479 3568 quibus
1507 3495 1621 3553 ellnsus
1643 3497 1689 3550 est
1712 3486 1808 3563 sanguia

154 3602 202 3651 llic
216 3601 357 3651 haustuum
372 3603 436 3651 vitia
450 3602 550 3651 blundo
565 3616 689 3652 sermone
703 3605 817 3653 removit
833 3619 839 3653 :
1004 3586 1121 3642 Chllsli·
1138 3591 1169 3642 1¹¹
1185 3585 1331 3643 thesauris
1347 3584 1479 3641 EOClflSlffl
1495 3582 1677 3658 pauperibufl
1699 3574 1809 3639 immi·

154 3665 207 3715 Νθθ
221 3664 306 3727 ⁰⁰¹1>is
319 3663 410 3728 judei·
426 3665 471 3713 sed
488 3665 622 3715 medicina
636 3665 695 3715 tuit.
1004 3675 1079 3733 vinis
1092 3680 1121 3731 et
1145 3676 1282 3731 humanis
1307 3673 1435 3730 oraculis
1460 3672 1634 3729 Laurentius
1661 3668 1808 3745 pretiatur
1852 3680 1856 3687 ’

110 3763 281 3818 'Eruteerte
296 3762 325 3817 in
351 3761 405 3818 hae
428 3762 534 3820 virtute
551 3763 698 3819 intantum
714 3762 849 3829 diffusus,
867 3767 899 3818 ut
913 3763 950 3818 ab
1005 3763 1167 3833 mirabilis3
1185 3764 1231 3820 cui
1248 3763 1316 3819 licet
1338 3763 1428 3819 istum
1453 3763 1634 3835 equiparare
1654 3755 1806 3816 nouandu-

109 3851 361 3924 'imprudentibus
376 3851 405 3905 in
420 3852 517 3907 atheio
533 3851 657 3924 hujusce
675 3851 791 3908 virtutis
806 3851 949 3923 dijudica·
1005 3870 1082 3922 mus,
1098 3856 1197 3909 tamen
1221 3853 1336 3908 cunetis
1359 3869 1433 3924 quos
1456 3850 1585 3908 vidimus
1608 3847 1738 3907 moderni
1753 3851 1807 3901 teu·

123 3946 204 3997 retur
218 3939 338 3997 nimius.
353 3941 408 3996 Sed
424 3940 473 3996 ille
492 3941 529 3996 ud
554 3940 608 3998 hee
632 3941 779 4014 objectum
804 3939 951 4014 eleganter
1004 3943 1084 4016 peris
1100 3942 1270 3998 bominibus
1284 3941 1374 4014 (qued
1393 3941 1456 3996 sine
1472 3939 1642 4013 praejudicio
1657 3938 1806 4011 cariusque!

110 4028 254 4086 alludere
279 4028 383 4086 solitus
398 4035 469 4086 erat.
486 4052 501 4080 a
517 4030 587 4103 Ego,
602 4030 709 4102 inquit,
726 4029 821 4104 magis
836 4031 900 4084 vole
915 4029 950 4085 de
1005 4031 1139 4103 dixerim)
1154 4031 1183 4086 in
1200 4048 1253 4087 suo
1269 4030 1370 4086 ordine
1394 4030 1423 4086 in
1447 4028 1501 4085 bac
1516 4028 1622 4084 virtute
1642 4024 1805 4100 preterca

121 4118 323 4175 misericordia
337 4118 564 4175 misericorditer
574 4119 714 4192 judicari,
731 4135 819 4191 quem
832 4118 867 4173 de
881 4132 950 4174 cru·
1005 4120 1160 4178 Consuluit
1189 4119 1431 4193 quibuspatuit,
1458 4116 1620 4190 atquibus
1644 4132 1696 4189 per
1719 4128 1747 4170 se
1764 4120 1805 4165 aaa

110 4207 242 4264 ''delitate
256 4206 414 4263 crudeliter
435 4207 580 4263 damnari.
598 4231 611 4257 a
629 4207 665 4263 Ut
680 4207 757 4264 enim
774 4208 815 4263 ait
831 4207 950 4263 Ambro-
1004 4209 1105 4274 valuit,
1125 4208 1198 4264 alies
1227 4212 1259 4264 ut
1287 4209 1496 4265 misererentur
1519 4205 1641 4279 rogavit.
1658 4203 1728 4261 Cum
1748 4195 1805 4256 eniti

124 4296 186 4353 sins
202 4313 209 4351 :
226 4297 324 4352 Bonus
350 4297 433 4368 illes,
460 4298 580 4368 leonum]
604 4300 650 4353 est
670 4296 836 4353 misericors
851 4296 951 4362 home,
1006 4315 1063 4355 non
1089 4296 1237 4353 sullleeret
1259 4301 1318 4352 tam
1344 4297 1456 4353 acerba
1480 4295 1568 4352 turnis
1588 4291 1732 4367 praedictis
1752 4290 1807 4343 tea·

117 4384 175 4458 qni
190 4386 261 4441 dum
283 4385 350 4441 aliis
374 4386 510 4441 subvenit
533 4385 589 4442 sibi
614 4384 751 4451 consulit,
767 4385 839 4441 etin
857 4384 950 4442 alieno
1006 4386 1127 4460 poribus
1162 4385 1295 4442 omnium
1334 4384 1461 4442 miseriis
1500 4383 1667 4450 subvenire,
1705 4375 1808 4436 vicine

123 4474 387 4530 remedie'vulaero
411 4491 466 4530 sua
489 4477 581 4530 curat.
597 4474 736 4547 Agnoscit
750 4475 828 4531 cuim
843 4491 873 4531 se
886 4491 950 4532 esse
966 4498 989 4564 D
1005 4494 1072 4533 eum
1088 4476 1166 4533 vicos
1192 4479 1221 4531 et
1246 4474 1385 4532 ecelesias
1412 4490 1486 4547 quas
1511 4476 1626 4546 poterat
1649 4456 1808 4537 circulari

123 4561 285 4624 homiuem.
312 4561 361 4634 qui
377 4562 457 4618 novit
472 4562 623 4636 ignoscere
641 4579 647 4618 :
665 4568 693 4619 et
708 4562 769 4620 rias
783 4563 889 4620 Christi
905 4580 950 4620 se·
1005 4564 1205 4639 eleemosynas
1231 4564 1379 4621 faciendas
1404 4562 1549 4636 principes
1575 4561 1626 4635 (8),
1642 4559 1809 4623 divinant·

123 4650 238 4724 quitur,
250 4651 313 4724 qui,
329 4667 416 4707 earne
431 4655 579 4724 suscepta,
601 4651 707 4708 maluit
721 4652 752 4708 in
768 4652 847 4708 hunc
863 4668 950 4708 mun·
1006 4655 1118 4712 dicares
1129 4653 1411 4718 suadere,dulcibus
1421 4650 1609 4710 sermonibus
1620 4650 1658 4707 ad
1674 4642 1811 4705 mboeittt·

123 4740 195 4797 dum
208 4740 389 4813 Redemptor
411 4740 508 4796 venire
532 4757 621 4813 quam
641 4741 741 4813 judex.
759 4741 839 4797 Unde
854 4745 883 4798 et
896 4741 952 4797 iste
1005 4744 1084 4799 diam
1102 4759 1268 4816 provocare,
1285 4741 1386 4815 eisque
1400 4741 1468 4798 inde
1483 4738 1689 4814 plenissimam
1703 4733 1811 4810 petub-

123 4830 168 4885 vir
182 4829 703 4904 sanetus,utpraediximus,malebat
716 4848 781 4888 esse
796 4831 952 4904 culparum
1006 4848 1072 4888 rum
1102 4831 1305 4888 remissionem
1342 4829 1433 4887 libera
1464 4845 1533 4885 rece
1561 4828 1598 4884 de
1626 4824 1813 4895 coelis'reptt·

123 4919 269 4975 medicina
283 4934 372 4992 quam
384 4919 485 4991 judex.
501 4921 537 4974 nt
552 4918 607 4974 bac
619 4917 773 4991 aliquoties
788 4920 866 4992 quod
881 4920 951 4976 olle·
1007 4922 1132 4978 mittere.
1149 4922 1192 4977 lta
1206 4921 1250 4976 vir
1271 4926 1391 4977 sanctus
1412 4936 1487 4992 quas
1500 4935 1560 4975 non
1576 4915 1742 4974 sufficiebat
1753 4908 1814 4966 dett

123 5009 250 5075 rebatur,
267 5007 462 5065 libentissime
487 5007 657 5081 accipiebat,
674 5015 707 5064 ut
729 5009 852 5066 haberet
872 5009 950 5081 quod
1006 5010 1185 5083 sumptibus.
1197 5010 1321 5083 Jurabat
1343 5008 1420 5082 apud
1447 5008 1512 5065 illos
1536 5020 1612 5081 quoe
1635 5005 1747 5080 potent
1765 5010 1813 5055 Μ·

123 5096 302 5169 pauperibus
321 5091 519 5154 distribueret.
546 5094 725 5171 implebatur
740 5116 855 5171 semper
868 5098 897 5154 in
914 5114 949 5155 eo
1004 5099 1142 5156 monibus
1171 5097 1402 5155 misericordiam
1435 5097 1643 5154 suadentibus.
1671 5093 1752 5151 aare
1774 5077 1815 5145 iffi

124 5186 201 5257 quod
216 5185 325 5241 dicitur
338 5186 369 5241 in
384 5186 539 5261 Evangelio
557 5203 563 5244 :
581 5187 663 5244 Omni
676 5189 789 5245 babenti
802 5188 952 5255 dubitaret
1004 5189 1139 5246 consultu
1153 5187 1247 5244 multa
1257 5186 1350 5244 millia
1360 5202 1524 5261 pauperum
1539 5183 1731 5258 eognovimus
1741 5172 1816 5265 iad}

123 5274 274 5332 abundabit
288 5274 391 5348 (tritta.
408 5279 538 5349 xur,12).
553 5277 689 5335 Vidimus
703 5278 780 5333 enim
799 5275 950 5335 multoties
1004 5282 1033 5334 et
1058 5279 1162 5335 mortis
1186 5277 1313 5334 evasisse
1337 5274 1510 5349 perieulum.
1537 5271 1656 5330 Nullius
1684 5264 1817 5328 misaam

159 5400 198 5473 (7)
214 5399 260 5455 Sic
276 5417 348 5456 mss.
363 5404 390 5457 2.
406 5403 443 5457 At
458 5401 572 5459 Thuan.
583 5420 649 5460 eum
661 5404 727 5460 edit.
739 5404 951 5476 Beneficartiam
1004 5403 1128 5476 epistola
1141 5404 1177 5459 ad
1187 5403 1319 5459 Garsiam
1331 5399 1527 5475 regem,edita
1537 5403 1617 5455 tomo
1633 5397 1659 5454 11
1673 5384 1818 5470 Spietlegtt.

124 5474 575 5555 et...par-tessarrtjurtitiae,ntc,
865 5545 871 5558 ί
943 5545 949 5558 ⁸
1005 5470 1822 5562 qnarirsanetuspiiprincipisimploratopem,tempett

159 5544 199 5624 (8)
222 5543 283 5601 liae
308 5543 396 5602 dubia
422 5546 522 5625 procul
545 5547 705 5607 revocanda
729 5550 773 5605 est
797 5547 872 5605 beati
898 5563 951 5604 vrri
1006 5549 1105 5605 tamis.
