3884 6084
105 275 165 342 85
541 339 543 343 ,
717 267 926 334 expostulo
948 265 1204 332 PSALMORUM.
1754 272 1815 336 446

106 404 934 483 fimatustormentapossitsaevientieintrepidussupe-
947 400 977 472 A
990 402 1086 476 phetis
1101 406 1130 460 et
1152 400 1285 477 psalmis.
1315 403 1436 478 Propter
1463 406 1540 480 quod
1561 405 1590 464 in
1619 424 1704 468 cruce
1725 409 1813 471 dixit:

106 520 183 560 rare.
201 502 235 559 In
251 499 427 567 humilitate,
440 499 469 555 in
480 497 690 555 afflictionibus
704 497 786 565 dicit,
800 513 873 569 quas
889 494 937 569 pia
990 493 1232 550 Consummatnm
1248 497 1292 550 est
1307 495 1395 567 (loen.
1413 496 1482 569 xix).

105 591 260 649 voluntate
283 589 425 656 toleravit,
450 606 467 645 a
491 587 599 660 quibus
615 604 645 643 se
666 587 774 662 gaudet
791 591 934 658 ereptum,
1070 600 1271 640 ascuuenruu
1291 601 1473 647 ssouuvmuns
1493 605 1563 644 ocro
1585 607 1733 649 vaasuure.

108 681 230 755 quande
254 679 362 737 meruit
375 679 411 735 ad
428 682 563 735 sanctum
579 676 728 750 pervenire
751 673 934 747 martyrium.
1026 672 1228 746 CBPopulus
1248 673 1352 731 beatas
1376 676 1583 748 prophetarum
1608 685 1695 754 atquo
1720 682 1814 739 Elian.

108 769 270 828 llumilitas
293 769 350 826 ista
365 786 383 824 a
406 766 585 840 quibusdam
611 763 785 822 necessitate
807 763 935 829 subitur,
991 761 1058 835 gelli
1072 761 1260 818 meditatione
1271 763 1426 835 proficiens
1441 754 1717 838 superducentes'se
1729 787 1761 827 ac
1773 789 1815 828 se·

110 859 145 916 ab
159 858 240 928 aliis,
257 862 290 915 ut
305 874 322 914 a
337 857 457 924 sanetis,
468 854 618 912 voluntate
633 854 801 927 suscipitur.
991 850 1098 921 niores,
1125 851 1229 907 asserit
1254 869 1285 908 se
1309 853 1406 909 divina
1431 854 1606 913 intellexisse
1629 860 1777 928 mandata,
1794 864 1815 919 B

110 948 145 1005 93
181 944 593 1005 lnaeternumnonobliuisear
604 944 896 1016 justificationestucc.
992 940 1069 1014 quod
1085 957 1152 1013 ergo
1171 957 1247 996 mem
1263 940 1603 1018 interpretatureepuo:
1621 947 1767 1021 significat
1782 968 1817 1008 ex

118 1070 121 1075 .
182 1038 257 1108 Quia
268 1039 298 1093 ῑη
312 1037 379 1108 ipris
394 1035 538 1106 rriaifieasti
551 1050 603 1089 me.
993 1048 1061 1104 quo,
1079 1029 1133 1086 hoc
1149 1034 1194 1086 est
1215 1030 1291 1101 qued
1317 1030 1424 1086 dicitur
1438 1032 1461 1087 H
1482 1033 1521 1087 B:
1539 1076 1545 1088 .
1562 1033 1712 1098 Quomodo
1729 1038 1817 1095 dilexi

145 1124 287 1183 CNullus
297 1124 376 1180 enim
386 1123 517 1179 fidelium
529 1123 614 1178 debat
621 1120 753 1178 oblivisci
763 1119 880 1175 illorum
892 1120 939 1173 bc·
992 1120 1086 1194 legem
1102 1123 1195 1184 tuam,
1211 1118 1356 1175 Domine?
1372 1121 1399 1175 id
1417 1124 1470 1188 est,
1484 1138 1518 1177 ex
1534 1140 1591 1195 quo
1607 1126 1710 1182 allecta
1721 1128 1819 1185 dulce-

115 1214 280 1272 uiliciorum
297 1212 453 1280 Dominis
468 1212 575 1284 quibus
586 1211 672 1267 vitale
687 1227 797 1266 munus
808 1209 940 1264 noscitur
993 1207 1071 1264 dinis
1085 1212 1114 1264 et
1130 1206 1249 1277 amoris,
1269 1211 1300 1262 ut
1312 1208 1457 1280 significet
1472 1226 1507 1265 ex
1522 1211 1635 1270 intimo.
1653 1215 1734 1279 Quod
1749 1235 1818 1275 vero

117 1304 272 1376 accepisse,
291 1301 351 1357 haec
362 1305 460 1357 autem
471 1300 611 1357 beneficia
619 1304 690 1356 sunt
697 1297 938 1370 justificationes,
993 1296 1101 1354 dicitur
1113 1314 1147 1352 ex
1157 1295 1244 1368 ipsis:
1258 1295 1403 1370 significat
1413 1314 1447 1354 ex
1459 1298 1530 1370 ipsis
1541 1301 1658 1358 Domini
1669 1307 1817 1366 mandatis

118 1409 179 1466 quse
194 1391 280 1448 nobis
295 1391 384 1446 vitam
400 1389 505 1447 animes
529 1387 726 1461 prestiterunt
741 1387 771 1442 in
787 1386 853 1442 lide.
870 1386 939 1441 Pes·
994 1386 1164 1443 eorumdem
1187 1385 1411 1458 concipiendum
1435 1404 1576 1459 amorem,
1602 1394 1680 1451 uude
1703 1395 1783 1467 dicit,
1803 1416 1821 1458 a

121 1486 185 1540 sunt
198 1480 279 1537 enim
294 1480 419 1536 sortasse
434 1477 493 1534 alia
507 1478 655 1534 memorie
670 1476 813 1544 decidere,
830 1474 938 1531 benefr-
994 1474 1142 1532 mandatis
1157 1474 1217 1530 tuis
1232 1472 1372 1532 intellexi.

123 1570 193 1628 cium
203 1571 303 1625 autem
316 1567 417 1624 nullus
427 1565 558 1624 lidelium
569 1565 761 1634 obliviscitur,
773 1564 803 1620 in
817 1563 941 1637 quovita
1165 1564 1188 1620 H
1206 1569 1226 1618 B
1238 1565 1325 1634 Mem,
1341 1582 1375 1620 ox
1390 1582 1448 1638 quo
1463 1566 1505 1623 vel
1520 1584 1555 1623 ex
1569 1567 1651 1640 ipsis.

125 1661 280 1732 uastatur.
994 1653 1029 1709 97
1068 1654 1203 1722 Qucnreda
1218 1654 1307 1710 dileni
1320 1655 1405 1726 lepern
1421 1659 1506 1723 tunm,
1521 1657 1655 1716 Domine:

128 1749 157 1805 ta
189 1750 260 1806 ruas
269 1764 332 1804 sum
346 1762 394 1817 epe
408 1747 514 1803 sulcum
530 1762 573 1802 me
586 1748 602 1817 l
633 1786 641 1801 .
956 1775 980 1842 B
1070 1745 1132 1800 Toto
1146 1743 1458 1813 diecreeiitutiornee÷
1480 1753 1547 1816 est:

188 1838 324 1907 Quoniam
333 1836 544 1908 justificationes
558 1843 619 1891 tuus
633 1835 778 1907 exquisivi.
1031 1836 1050 1888 C
1065 1832 1202 1900 Dicendo,
1213 1833 1712 1905 quomodo,promittitsedicturum
1722 1860 1822 1917 quem·

162 1927 269 1984 C'l'uus
284 1942 352 1982 sum
363 1941 426 1998 ego,
444 1942 501 1981 non
524 1928 619 1996 potest
633 1925 728 1980 dicore
755 1940 819 1980 vere
844 1923 893 1995 qui
911 1939 941 1978 se
995 1922 1154 1978 admodum
1171 1920 1266 1993 legem
1280 1921 1329 1976 Dei
1346 1923 1493 1996 precipua
1508 1924 1669 1987 intentione
1681 1934 1821 1991 etvolun·

138 2016 330 2089 noritpeecato
355 2014 473 2071 servire.
490 2013 690 2070 Servusenim
717 2012 854 2069 vitiorum
883 2029 941 2067 nen
995 2009 1209 2067 taladilexerit.
1233 2010 1376 2078 Toladie,
1393 2013 1565 2073 continuum
1594 2023 1710 2093 tempus
1729 2025 1820 2095 signi-

140 2108 248 2161 nerelur
262 2102 420 2159 Dominum
436 2101 541 2158 habere
558 2107 739 2159 sanctorum.
755 2100 830 2157 lllud
843 2104 942 2156 autem
997 2100 1074 2166 licut,
1091 2098 1249 2156 meditatur
1260 2098 1338 2155 enim
1352 2103 1412 2157 tote
1426 2102 1489 2158 vitre
1504 2109 1635 2178 tempore
1650 2108 1744 2184 legem
1759 2114 1821 2180 Dei,

142 2192 281 2258 considera,
298 2192 376 2264 quod
393 2192 464 2248 dum
480 2191 611 2263 professa
627 2191 714 2246 luerit
727 2190 831 2246 cohors
843 2192 943 2246 saneta
997 2190 1047 2262 qui
1066 2187 1243 2261 omniaque
1265 2187 1344 2257 iacit,
1361 2189 1391 2244 in
1409 2189 1526 2248 laudem
1545 2195 1591 2250 ltoi
1617 2199 1687 2270 agit.
1703 2199 1733 2256 Si
1756 2201 1822 2274 quis

143 2288 226 2338 stesso
239 2278 368 2350 Domini,
385 2280 479 2335 adhuc
496 2280 568 2352 petit
583 2285 615 2335 ut
630 2279 709 2335 salva
723 2280 783 2344 fiat,
797 2278 897 2350 utique
912 2277 941 2333 in
997 2277 1076 2335 enim
1091 2294 1157 2333 cum
1174 2278 1278 2333 timore
1295 2277 1344 2332 Dei
1360 2277 1441 2334 cibos
1458 2284 1654 2354 temperanter
1667 2288 1783 2361 accipit,
1798 2292 1824 2348 si

143 2369 179 2425 ills
183 2369 359 2444 judicatione
371 2370 478 2436 lutura,
491 2385 558 2424 eum
569 2368 763 2425 beatiintrant
773 2368 800 2423 in
811 2367 943 2440 requiem
998 2385 1118 2425 somnos
1130 2367 1333 2423 convenienter
1357 2368 1458 2440 carpit,
1480 2368 1573 2444 legem
1591 2374 1639 2430 Dei
1666 2379 1825 2437 meditatur

143 2459 340 2533 senpiternam.
363 2459 419 2514 Sed
446 2474 537 2530 quare
563 2457 644 2514 salus
672 2457 729 2514 iste
755 2460 872 2529 potatur
898 2473 943 2512 as·
999 2456 1029 2513 in
1058 2457 1208 2522 omnibus,
1244 2456 1383 2527 quoniam
1412 2475 1443 2514 se
1472 2457 1597 2518 honesta
1624 2469 1653 2520 et
1681 2468 1824 2539 probabili

144 2548 215 2615 odae,
241 2548 343 2604 subter
375 2545 509 2617 adjunxit
535 2547 654 2603 dicens:
688 2547 830 2611 Quoniam
856 2545 943 2618 justi·
998 2544 1322 2604 actionecommendat.

143 2636 270 2694 flectiones
285 2640 354 2694 tuas
368 2634 520 2709 exquisivi.
536 2635 591 2691 Alii
615 2635 751 2701 honores,
767 2635 817 2692 alii
841 2636 944 2691 mnndi
998 2635 1034 2690 ue
1070 2634 1157 2707 Super
1171 2636 1297 2690 inimicos
1310 2652 1381 2691 meos
1396 2637 1558 2708 prurientem
1573 2644 1720 2714 traiecisti

142 2727 238 2798 madia,
254 2725 304 2782 alii
321 2724 470 2799 connubia
491 2729 637 2798 quarunt,
653 2742 706 2799 ego
717 2725 945 2796 justificationes
1105 2723 1235 2780 merrdoto
1250 2728 1317 2780 tue:

142 2807 200 2873 uuss
442 2818 457 2833 ‘
1072 2815 1143 2881 Quia
1158 2815 1188 2868 iu
1202 2822 1338 2870 aeteruum
1348 2815 1420 2871 erili
1433 2825 1481 2872 cst.

143 2901 169 2959 ii
195 2906 234 2962 lle
242 2909 468 2978 exspectaverunt
481 2912 632 2977 peccateres
647 2912 676 2960 ul
685 2904 829 2976 perderent
839 2922 901 2962 nee:
1036 2901 1057 2958 C
1074 2901 1187 2958 Inimici
1202 2900 1384 2975 intelligendi
1404 2908 1474 2960 srrnt
1488 2906 1627 2965 obstinati
1646 2911 1749 2981 ludaei,
1766 2914 1826 2971 hee-

196 2996 357 3052 lestimcniu
369 3002 416 3050 tue
430 2995 565 3051 intellexi.
1001 2990 1083 3048 retici
1102 2994 1131 3048 et
1145 2989 1263 3063 pagani,
1280 2991 1330 3063 qui
1351 2998 1495 3066 praecepta
1508 2996 1559 3052 Dei
1575 3015 1633 3055 non
1657 3007 1825 3072 operantur.

167 3084 236 3139 dile
249 3086 499 3155 exspectaverunt,
513 3081 624 3138 scilicet
638 3081 708 3137 mali
718 3100 854 3140 suasores
865 3083 946 3139 blan·
1001 3080 1097 3153 Supra
1113 3079 1186 3136 istos
1201 3080 1375 3152 prudentem
1392 3098 1423 3137 se
1439 3081 1509 3140 dicit
1524 3086 1670 3156 eteorum,
1686 3093 1825 3163 quoniam

144 3167 237 3229 diendo.
253 3171 337 3238 Quod
361 3173 495 3244 agebant,
513 3176 545 3227 ct
567 3188 662 3227 meam
685 3171 812 3228 animam
827 3173 946 3229 vulnere
961 3143 982 3210 G
998 3171 1085 3242 jussa
1095 3168 1276 3225 Deidevotus
1287 3168 1427 3241 implevit.
1439 3172 1494 3228 Sed
1506 3175 1582 3231 unde
1593 3175 1686 3233 luctus
1696 3180 1826 3250 prudens

143 3261 457 3330 pravitatissauciarent.
468 3260 793 3333 Ostenditveroperhoc
804 3262 881 3334 quod
893 3263 944 3329 ait,
1002 3259 1099 3328 luerit,
1116 3257 1249 3314 addidit:
1279 3261 1329 3314 tuo
1350 3261 1499 3317 mandato.
1515 3264 1657 3328 Quoniam
1685 3268 1756 3324 dum
1783 3269 1827 3327 illi

143 3355 372 3422 exspectaverunt,
389 3367 505 3423 poeuam
520 3349 650 3423 martyrii
666 3367 723 3406 nou
735 3351 826 3408 luisse
839 3351 947 3408 acceto·
1001 3348 1130 3406 obedivit
1162 3348 1293 3415 fideliter,
1321 3353 1442 3405 cunctos
1474 3357 1604 3409 errantes
1637 3359 1827 3415 transcendit.

143 3442 216 3494 ulam
230 3443 258 3496 et
272 3438 494 3512 precipitatum,
511 3444 544 3493 ut
559 3439 673 3512 gravior
687 3440 769 3495 fieret
785 3456 946 3513 poenapro·
1000 3438 1132 3510 AdJecit:
1149 3439 1220 3510 quia
1235 3437 1265 3493 in
1287 3441 1428 3494 aeternum
1445 3439 1585 3508 minicae,
1610 3442 1721 3501 scilicet
1746 3464 1827 3503 man-

143 3525 216 3583 meua
228 3544 319 3600 quam
335 3527 508 3590 subitanea;
525 3527 640 3598 gravior
654 3532 701 3584 est
714 3528 794 3584 enim
810 3529 867 3585 iata
882 3546 947 3601 per·
1002 3528 1104 3586 datum
1120 3532 1216 3590 tuum,
1233 3525 1344 3583 scilicet
1359 3525 1474 3583 dilectio
1489 3529 1537 3586 Dei
1553 3536 1582 3586 et
1597 3533 1732 3603 proximi.

143 3617 245 3684 secutio,
277 3621 385 3689 qureet
413 3633 549 3672 coronam
579 3616 709 3689 martyrii
738 3619 902 3691 suspendit,
919 3623 949 3675 et
1001 3617 1037 3672 99
1072 3622 1162 3690 Super
1175 3633 1267 3673 emeret
1280 3615 1402 3672 dercentes
1417 3634 1460 3673 rue
1474 3620 1616 3677 teleliaci:

143 3709 249 3762 nomm
265 3705 371 3762 animae
385 3704 508 3761 suadere
523 3724 578 3763 non
593 3705 769 3763 desinit.Sed
782 3696 952 3780 intelligens
1091 3709 1164 3778 Quia
1178 3707 1334 3762 testimonie
1350 3714 1397 3762 tau
1412 3708 1662 3778 muttatiomeu-j-
1684 3718 1724 3769 est
1746 3722 1752 3781 ζ
1776 3758 1782 3772 .

142 3785 183 3850 ists
195 3795 395 3852 testimonium
411 3795 461 3851 Dei
478 3812 535 3850 non
561 3799 675 3868 poterat
689 3796 724 3851 ad
737 3794 808 3852 vilia
822 3797 948 3853 nefanda
1038 3797 1059 3852 C
1074 3797 1264 3852 Intendamus
1280 3794 1327 3850 hic
1348 3795 1527 3867 superiorem
1542 3815 1671 3869 versum,
1696 3803 1745 3860 ubi
1770 3822 1828 3862 non

141 3883 255 3953 penei,
271 3884 350 3941 unde
365 3882 406 3939 illi
422 3883 504 3940 solia
518 3884 568 3940 tali
579 3884 708 3956 periculo
719 3883 884 3942 liberantur
898 3886 948 3958 qui
1002 3885 1086 3953 dixit,
1103 3890 1193 3957 supra
1206 3888 1314 3957 patres,
1328 3884 1378 3939 sed
1392 3901 1480 3956 saper
1496 3886 1647 3957 inimicos;
1664 3890 1711 3947 hic
1730 3898 1828 3949 autem

138 3961 241 4029 lomim
264 3971 480 4030 illuminatione
496 3974 660 4030 firmantur.
690 3973 820 4030 Intellexi
850 3980 948 4031 autem
1003 3973 1100 4048 arguit
1118 3973 1286 4047 magistros,
1303 3972 1414 4028 scilicet
1427 3973 1598 4043 Pharisaeos,
1617 3978 1687 4048 quia
1700 3981 1734 4035 ad
1751 3980 1829 4038 litte·

133 4065 297 4133 exponatur,
308 4061 337 4116 id
353 4064 407 4129 est,
423 4067 559 4133 operatus
575 4079 652 4128 sum,
669 4062 745 4118 sieut
755 4062 784 4117 in
799 4062 855 4118 alio
871 4062 947 4135 psal·
1003 4080 1066 4119 ram
1082 4080 1112 4118 se
1127 4066 1269 4124 tenentes,
1286 4059 1447 4133 spiritalem
1463 4062 1687 4136 intelligentiam
1704 4068 1829 4143 neglige-

128 4149 315 4207 motiotiur:
341 4150 447 4206 Beatus
472 4149 522 4223 qui
546 4149 684 4223 iutelligit
708 4166 798 4223 super
821 4168 948 4225 egenum
1001 4153 1084 4208 bant.
1109 4152 1204 4222 Supra
1227 4149 1300 4207 tales
1316 4149 1407 4222 igitur
1432 4166 1534 4208 omnes
1556 4152 1700 4223 doctores,
1724 4159 1828 4214 merito

120 4224 212 4297 (Pul.
226 4243 284 4308 xx),
298 4239 331 4294 id
349 4243 404 4308 est,
431 4237 567 4295 subvenit
595 4256 695 4312 egeno.
722 4238 773 4296 Ille
793 4239 871 4296 enim
897 4240 947 4313 qui
1002 4239 1107 4299 cohors
1131 4242 1233 4294 saneta
1260 4254 1292 4293 se
1321 4237 1427 4294 melius
1442 4238 1620 4298 intellexisse
1649 4240 1728 4313 dicit,
1760 4246 1830 4317 quia

113 4328 263 4394 'ostentm
278 4327 442 4384 secundum
453 4327 632 4396 testimonia,
644 4345 702 4384 non
713 4329 855 4401 potestad
867 4329 947 4400 vitia,
1002 4329 1148 4387 sinceram
1165 4327 1213 4384 Dei
1229 4326 1394 4383 doctrinam
1411 4328 1533 4401 accepit,
1550 4330 1642 4386 sedet
1657 4331 1828 4390 carmelius

114 4413 165 4468 Μ
175 4414 309 4484 diximus,
325 4415 451 4473 celanda
469 4416 599 4489 perduci.
1002 4415 1185 4481 intellexerit,
1214 4431 1335 4471 oausam
1363 4414 1443 4482 dicit,
1473 4415 1544 4488 quia
1579 4416 1748 4475 testimonia
1778 4423 1830 4476 tua

109 4487 168 4556 Q
199 4503 734 4576 Onnisconsummeliorrisoidifinem:
963 4505 1303 4577 Dmeditatiomeaest.

198 4596 292 4650 tulum
307 4592 467 4649 mandatum
481 4601 558 4648 tunm
572 4594 666 4649 nimis.
1004 4596 1055 4651 100
1073 4596 1161 4667 Super
1174 4608 1249 4649 enee
1265 4593 1410 4649 intellexi:

167 4682 415 4739 CGousummatio
429 4686 474 4738 est
488 4681 567 4737 enim
581 4681 713 4738 omnium
729 4681 869 4739 virtutum
886 4701 947 4757 par
1074 4684 1144 4751 Quia
1157 4681 1289 4737 murrdete
1304 4685 1353 4737 tuo
1367 4683 1492 4754 questui.

120 4755 222 4838 feoda
235 4772 284 4829 cui
298 4770 544 4829 consummationi
555 4770 688 4827 Christus
704 4774 749 4826 est
764 4771 841 4839 linis,
858 4789 947 4844 quem
1038 4777 1130 4843 Sapen
1145 4787 1229 4826 senes
1245 4769 1386 4826 intellexi.
1400 4771 1490 4828 Senes
1504 4772 1576 4827 dicit
1589 4772 1648 4838 hic,
1666 4788 1724 4828 non
1739 4789 1828 4828 canos

124 4861 164 4914 Ιι
175 4861 277 4920 vidisse
291 4860 373 4928 dicit,
387 4859 814 4916 cumeumilluminatumente
825 4861 949 4917 credidit
1002 4865 1110 4926 mente,
1127 4860 1177 4916 sed
1194 4875 1323 4931 corpore.
1348 4859 1419 4914 Vult
1435 4860 1525 4931 igitur
1538 4860 1644 4930 dicere,
1660 4859 1767 4916 melius
1783 4860 1827 4917 in-

133 4948 489 5017 muratarumtatum
504 4948 948 5022 mandalumsignificatchari·
1002 4945 1829 5019 tallaxitpopulusnevus(quileliciterChristumsusce·
1929 4942 1933 4946 ⁶

134 5030 224 5105 taum,
237 5055 326 5112 quam
338 5038 416 5096 circa
428 5039 520 5094 Deum
537 5037 644 5094 hahere
655 5038 796 5110 jubemur
808 5042 836 5093 et
850 5039 947 5111 proxi·
1002 5038 1056 5112 pit)
1072 5053 1159 5109 quam
1172 5034 1269 5090 senior
1280 5034 1485 5102 illeludaicus,
1498 5035 1627 5108 quicum
1639 5040 1826 5094 contemnen-

138 5137 216 5184 uum.
227 5129 303 5185 Nam
318 5128 389 5200 quid
400 5126 488 5183 latius
498 5143 563 5183 esse
572 5126 629 5183 dici
642 5131 748 5199 potest,
765 5144 853 5200 quam
870 5129 947 5201 quod
1002 5128 1073 5183 dum
1085 5123 1238 5198 judicavit.
1251 5124 1346 5188 Quare
1357 5122 1499 5179 intellexit
1509 5142 1598 5198 super
1610 5126 1827 5183 senioresaddi-

137 5217 291 5275 umrersam
309 5217 403 5290 legem
418 5221 447 5273 et
461 5215 670 5289 prophetarum
686 5215 763 5271 dicta
777 5215 949 5273 concludit?
1003 5217 1056 5285 dit,
1073 5212 1220 5270 videlicet:
1237 5213 1311 5278 Quia
1322 5213 1460 5268 mandata
1474 5216 1525 5269 tna
1535 5214 1678 5286 exquisivi
1689 5232 1696 5272 ε
1709 5233 1767 5272 non
1779 5216 1828 5273 ho-

135 5296 949 5383 llam.utSalvatordoeuit,inhisduobusmandatischa-
1003 5305 1117 5361 minum
1133 5317 1334 5376 perversorum
1351 5300 1489 5357 mandata
1504 5303 1624 5359 servavi.
1711 5293 1715 5300 ‘

132 5391 217 5450 suus
231 5392 278 5448 lex
292 5392 390 5449 omnis
405 5396 434 5448 el
450 5391 595 5465 propheta
613 5391 739 5463 pendent
752 5392 855 5458 (licttle.
866 5396 946 5460 xxti).
1004 5396 1052 5450 101
1073 5392 1112 5450 Ab
1126 5392 1203 5448 crusti
1216 5391 1262 5445 uio
1276 5389 1350 5444 melu
1361 5390 1492 5461 prohibui
1502 5392 1582 5463 pedes
1595 5409 1683 5449 meos:

129 5478 150 5538 li
162 5482 296 5539 Praecidit
305 5497 374 5556 erge
385 5481 530 5555 Propheta
539 5481 568 5537 in
580 5480 684 5555 spiritu
693 5479 839 5536 Christum
849 5481 948 5538 emnia
1075 5483 1106 5540 lll
1120 5480 1268 5536 custodium
1284 5480 1367 5534 verbo
1381 5483 1438 5537 tuu.

118 5585 358 5641 rconsummasse,
368 5586 433 5645 qua
448 5571 558 5644 scripta
572 5570 688 5627 suntde
702 5587 735 5626 co
751 5569 780 5625 in
792 5569 865 5643 lage,
881 5587 947 5642 pro·
1038 5571 1058 5627 G
1073 5571 1116 5627 Ab
1132 5568 1212 5626 onrni
1222 5568 1269 5624 via
1283 5566 1374 5624 mala:
1387 5567 1534 5642 significat
1542 5569 1746 5629 hereticorum
1759 5587 1825 5644 pra-
