3900 6098
101 302 165 370 ω)
809 288 913 354 vira
937 320 975 333 --
996 286 1077 349 un
1104 289 1142 351 u.
1792 286 1862 383 ‘m

102 433 235 514 squama
249 433 377 495 evadens
392 429 566 510 perieulum.
583 429 715 490 Praaede
735 443 815 502 crgo,
831 419 939 498 inquit,
956 421 1097 493 amens,
1108 421 1204 482 movit
1219 440 1368 500 gressum
1383 426 1420 486 ab
1435 429 1571 510 aeclesia,
1587 440 1618 495 et
1628 437 1862 512 adfamulorum

102 545 165 587 nos
182 528 212 584 in
231 526 352 583 nomine
377 523 503 582 Domini.
520 523 562 580 ld
587 522 695 580 lincam
723 519 826 591 itaque
849 510 947 572 cuncti
1000 511 1101 569 tandit
1109 512 1309 572 habitacula.
1321 514 1458 579 Piscandi
1470 539 1578 599 gnaros
1586 533 1680 603 vocat,
1688 537 1786 597 multa
1796 558 1864 602 cum

104 617 325 693 ingredientes,
341 616 522 672 transierunt
537 612 684 688 gurgitem
704 612 835 673 vastum,
862 603 948 678 aquis
1001 601 1047 658 eis
1064 602 1282 674 conquaeritat,
1299 620 1389 678 super
1401 613 1554 685 capiendis
1564 617 1698 691 piscibus
1709 629 1806 688 multa
1822 631 1864 690 in·

105 723 209 781 usque
224 706 260 762 ad
275 709 374 778 partes
389 704 533 760 femorum
548 701 662 776 irrigati
672 722 680 773 3
691 701 755 756 viro
772 702 872 754 autem
887 694 949 759 Dei,
1002 690 1113 758 culcat,
1124 708 1208 747 ncnc
1218 692 1316 765 pium
1327 693 1480 760 Odilonem
1490 704 1616 774 venisse,
1626 717 1706 769 nunc
1716 715 1795 775 diam
1807 720 1862 779 Do-

110 797 197 856 sicut
210 794 309 852 testati
327 796 398 849 sunt
422 793 472 866 qui
487 791 656 858 adfuerunt,
673 804 770 862 neque
796 801 890 859 usque
914 783 949 840 ad
1004 781 1121 838 minicae
1132 781 1379 843 resurrectionis
1390 792 1502 863 adesse,
1514 812 1592 852 nunc
1602 798 1708 857 fratres
1719 807 1861 868 melodia.

111 883 275 957 corrigiam
294 880 484 938 calceamenti
500 897 578 953 aqua
589 879 683 952 potuit
695 874 836 934 diffundi.
852 875 894 930 lia
909 872 951 929 in·
1004 888 1074 928 rum
1088 874 1178 927 cantu
1191 868 1348 943 fatigatos
1361 876 1431 937 fore.
1443 882 1698 956 lmpetatdemum
1708 891 1738 948 in
1750 896 1858 956 Christi

108 973 234 1032 fusione
248 972 349 1045 itaque
365 987 519 1044 aquarum,
531 967 792 1042 nimioquealgcre
802 961 951 1021 constricti
1004 960 1125 1028 virtute,
1138 963 1171 1015 ut
1188 961 1371 1030 Sequanam
1388 969 1507 1027 fluvium
1523 972 1633 1031 retibus
1645 984 1791 1051 expetant
1804 986 1856 1055 lte,

109 1079 222 1121 omncs
236 1059 319 1128 socii,
335 1060 455 1116 tandem
480 1058 626 1132 profunda
647 1061 731 1122 nocte
746 1056 893 1111 venerunt
915 1052 951 1108 ad
1007 1050 1114 1125 inquit,
1131 1054 1160 1106 et
1177 1045 1334 1110 meritum
1350 1051 1479 1116 Odilonis
1490 1061 1673 1134 interpellate
1688 1077 1856 1145 nomenque

106 1153 215 1210 locum
229 1149 278 1206 diu
296 1147 472 1222 flagitatum,
484 1147 581 1204 eximii
599 1145 736 1218 martyris
752 1142 882 1202 Marcelli
898 1142 953 1197 ho·
1007 1139 1116 1198 Christi
1133 1138 1280 1195 invocate
1294 1159 1301 1197 :
1317 1147 1401 1203 credo
1416 1149 1492 1204 enim
1506 1149 1575 1222 quia
1591 1168 1647 1207 non
1661 1152 1854 1216 frustrabitur

109 1258 188 1299 nore
204 1239 348 1296 dicatum.
366 1238 453 1294 Facta
468 1237 599 1293 eratione
614 1235 764 1309 petierunt
775 1235 909 1316 domum,
925 1237 954 1288 et
1008 1247 1076 1304 spes
1091 1233 1199 1286 vestra.
1218 1225 1253 1282 Id
1274 1229 1338 1289 sine
1353 1251 1435 1293 mora
1445 1237 1591 1294 fidissima
1605 1238 1746 1300 clientum
1762 1248 1851 1304 turba

109 1331 255 1391 sedentes
272 1328 352 1384 eirca
366 1327 463 1400 ignem
480 1325 641 1398 copiosum,
660 1324 708 1380 alii
725 1342 758 1380 sc
781 1321 951 1390 calefacere,
1008 1319 1272 1389 dantlluviorete3
1290 1322 1395 1381 fluvius
1407 1342 1440 1382 ex
1456 1326 1613 1400 improviso
1624 1329 1721 1387 reddit
1731 1332 1844 1405 placem

110 1428 188 1497 ‘pars
205 1420 360 1491 caeperunt
373 1418 469 1471 vestes
484 1418 609 1470 mutave.
627 1413 759 1477 Quorum
776 1420 894 1485 gravem
912 1409 952 1467 la·
1008 1409 1389 1484 magnitudincenormem,
1401 1415 1542 1472 vocabulo
1554 1415 1721 1488 sturiorcm,
1740 1421 1769 1477 in
1785 1439 1846 1495 quo

110 1510 220 1567 berem
236 1522 362 1563 cernens
378 1502 569 1560 dulcissimus
581 1501 797 1558 Paterincaluit
808 1499 914 1569 cordis,
926 1505 954 1556 et
1009 1499 1141 1556 dunvinis
1151 1499 1269 1574 gurgite
1275 1501 1366 1574 piscis
1375 1503 1561 1576 virunquam
1571 1504 1846 1580 ferebaturapisca-

112 1598 207 1656 dictis
222 1595 329 1653 amicis
344 1593 455 1650 afflicta
469 1595 587 1665 pectora
602 1590 720 1648 mulcet.
1008 1590 1123 1647 toribus
1138 1594 1244 1664 eaptus
1260 1609 1334 1649 esse.
1352 1594 1485 1650 Redeunt
1495 1609 1565 1666 ergo
1580 1595 1678 1650 onusti
1696 1594 1747 1669 qui
1761 1598 1843 1654 abie-

152 1685 344 1758 oquendum
361 1682 451 1738 lectos
467 1698 518 1754 per
533 1680 626 1736 multa
641 1679 773 1752 pericula
788 1677 908 1735 fratrcsl
1008 1684 1075 1735 raut
1089 1679 1183 1736 vacui.
1210 1681 1406 1739 Praesentatur
1431 1700 1524 1739 novus
1549 1681 1649 1755 piscis,
1676 1701 1764 1756 quem
1781 1704 1842 1742 nen

151 1775 194 1843 Ne
209 1776 308 1829 vestra
321 1773 427 1826 vestris
443 1769 584 1840 frangatis
599 1772 716 1840 pectere
731 1769 831 1835 rebus,
967 1812 991 1880 B
1008 1769 1165 1840 praedictus
1177 1769 1284 1825 fluvius
1294 1771 1364 1827 dare
1377 1771 1498 1839 solebat,
1516 1770 1567 1827 sed
1578 1769 1686 1827 Christi
1703 1771 1841 1847 largiflua

152 1864 209 1920 Per
222 1859 320 1916 varios
337 1875 425 1915 casus
441 1875 491 1931 per
501 1863 544 1913 tot
555 1857 729 1913 discrimina
744 1874 844 1913 rerum
1008 1874 1115 1914 manus
1130 1875 1183 1914 suo
1200 1875 1280 1915 servo
1296 1858 1450 1917 direxerat.
1462 1860 1544 1927 Quod
1556 1857 1838 1935 videlicetinopina-

152 1951 323 2021 Tendimus
335 1949 371 2004 ad
387 1964 511 2021 regnum
526 1944 601 2014 coeli,
619 1946 763 2019 sedesque
777 1947 888 2002 beatas.
1007 1951 1070 2002 tum
1087 1946 1261 2004 miraculum
1279 1948 1309 2003 in
1329 1950 1411 2005 tanta
1428 1947 1622 2004 admiratione
1646 1952 1690 2004 est
1705 1966 1722 2004 a
1737 1946 1840 2006 sancte

151 2041 273 2105 Durate,
291 2042 321 2094 ct
335 2037 397 2094 haec
413 2037 483 2092 olim
500 2034 670 2092 meminisse
680 2035 808 2108 juvabit.
1007 2038 1093 2092 Patre
1103 2035 1248 2104 habitum,
1261 2037 1390 2094 utetiam
1401 2035 1840 2109 infantesseboimquibuserat

115 2130 237 2189 Credite
253 2144 325 2184 ureae
339 2126 487 2200 parvitati,
503 2126 589 2181 beata
608 2125 659 2180 Dei
681 2128 784 2191 mater,
806 2125 843 2181 ob
866 2125 952 2197 eujus
1008 2124 1123 2181 invisus
1146 2130 1175 2181 et
1197 2126 1366 2199 incognitus
1381 2131 1468 2182 tante
1483 2125 1668 2182 enormitatis
1684 2124 1783 2198 piscis,
1799 2127 1837 2183 ad

115 2218 298 2290 obsequium
314 2213 606 2286 convenistis,hujus
621 2213 708 2269 vostri
719 2212 953 2286 laboriseritpia
1006 2213 1166 2270 videndum
1179 2215 1276 2271 venire
1293 2214 1472 2288 praeciperet,
1488 2219 1517 2270 et
1532 2214 1568 2270 ad
1596 2212 1839 2285 glorificationem
1936 2287 1938 2290 y

115 2304 345 2365 remuneratrix.
364 2303 510 2359 Posthac
528 2304 592 2359 cibo
607 2306 736 2374 sumpto,
755 2302 847 2359 fossos
871 2306 953 2358 artus
1007 2302 1057 2358 Dei
1073 2303 1283 2377 omnipotentis
1300 2320 1390 2376 super
1403 2302 1458 2358 hoc
1470 2301 1611 2357 beneficio
1626 2302 1756 2359 seniores
1767 2319 1837 2360 cum

114 2395 217 2454 somni
230 2391 953 2467 quieterefocillarunt.lncrastinumautemccrn·
1003 2391 1165 2463 juvenibus
1192 2397 1220 2448 ct
1249 2392 1348 2465 pueris
1376 2391 1472 2465 magis
1494 2407 1527 2447 ac
1544 2391 1639 2464 magis
1655 2391 1837 2449 accenderet.

114 2484 206 2560 pletis
221 2483 329 2539 olllciis
344 2480 563 2548 ecclesiasticis,
575 2479 788 2552 omnipotentis
802 2479 851 2536 Dei
864 2480 951 2547 dono,
1006 2481 1111 2554 Agitur
1126 2482 1189 2539 dies
1204 2481 1345 2538 solemnis
1360 2497 1412 2553 pro
1427 2478 1520 2553 gloria
1535 2479 1692 2537 Dominicae
1706 2487 1838 2539 iesurre·

112 2574 183 2632 cibo
198 2577 227 2629 et
242 2571 342 2628 latitia
371 2569 460 2626 corda
486 2570 609 2624 fratrum
630 2567 763 2640 implevit
791 2583 824 2623 ac
847 2568 953 2624 deinde
1006 2569 1124 2626 ationis.
1142 2571 1291 2626 Laetantur
1305 2568 1409 2625 heroes
1424 2568 1551 2624 novitate
1566 2567 1606 2625 rei
1621 2572 1743 2643 peracta
1753 2569 1840 2626 mer'i·

113 2662 293 2722 cluniacum
308 2659 450 2733 pervenit.
1006 2658 1047 2714 tis
1061 2659 1135 2714 tanti
1151 2659 1216 2715 viri.

113 2752 188 2809 Gar.
205 2750 280 2807 l'lll.
296 2781 331 2790 -
354 2750 392 2805 lle
405 2749 501 2819 pauca
518 2747 658 2819 pisciculis
679 2746 812 2817 pluritate
833 2748 950 2816 retectis,
1041 2747 1094 2803 Est
1105 2766 1194 2821 propa
1206 2751 1342 2803 sanctum
1358 2745 1526 2818 Dionysium
1544 2745 1788 2803 monasteriolum
1807 2747 1837 2804 in

154 2839 277 2896 Lutetiae
294 2840 352 2911 (22)
368 2836 547 2893 Parisiorum
563 2835 730 2908 proximum
746 2838 791 2891 est
806 2840 951 2891 monaste·
1007 2836 1118 2894 honore
1132 2838 1226 2894 sancti
1242 2836 1359 2892 Martini
1374 2835 1431 2904 (23)
1452 2839 1667 2904 consecratum,
1690 2840 1718 2893 et
1732 2828 1837 2911 vulga·

116 2930 211 3000 rium,
225 2928 320 2983 sancti
332 2924 464 2998 Dionysii
481 2924 617 2996 martyris
632 2922 750 2994 gloriosi
762 2924 891 2996 corperis
904 2922 953 2978 hc·
1007 2922 1078 2981 liter
1093 2926 1129 2981 ad
1146 2925 1295 2982 Publicam
1307 2925 1434 2981 Stratam
1447 2925 1574 2980 dictum:
1587 2925 1617 2980 in
1630 2942 1687 2998 quo
1699 2924 1838 2983 videlicet

115 3035 192 3077 nore
208 3016 394 3091 preclarum,
420 3015 470 3085 qui
492 3011 606 3068 lcausa
632 3011 808 3067 Francorum
834 3012 953 3085 regibus
1007 3012 1070 3070 leco
1086 3014 1202 3083 fratres,
1219 3015 1268 3089 qui
1286 3014 1315 3069 in
1332 3012 1469 3086 praedicto
1481 3014 1573 3069 sancti
1593 3014 1720 3088 ttionysii
1732 3030 1839 3072 mena-

118 3111 247 3182 !ugone
262 3110 289 3162 ct
313 3103 464 3173 lictberto,
480 3102 540 3158 viro
556 3100 608 3157 Dei
621 3099 736 3156 (idiloni
752 3101 846 3156 iuerat
870 3115 952 3156 cam·
1008 3103 1097 3159 sterio
1108 3121 1198 3160 causa
1211 3098 1443 3158 infirmitatisvol
1456 3100 1636 3174 fatigationis
1649 3118 1767 3158 manere
1778 3120 1838 3161 non

118 3197 247 3261 missus,
264 3199 297 3249 ut
322 3190 484 3247 vnouaolvali
501 3190 602 3246 ordine
617 3193 646 3245 et
660 3189 793 3246 doctrina
809 3189 952 3262 regularis
967 3177 989 3245 G
1008 3197 1143 3264 possunt,
1155 3190 1724 3273 aliquandoseceduntouadamitaque
1735 3191 1782 3249 die
1793 3193 1839 3249 vir

120 3285 185 3342 vitas
202 3282 414 3357 proveheretur
429 3280 459 3335 in
482 3279 598 3336 melius.
616 3280 648 3335 ln
671 3295 729 3351 quo
745 3277 875 3334 eoencbio
900 3277 954 3335 ali·
1009 3278 1840 3355 sanctusfatigatusadv·enians,m0nasteriumdeclinans,

120 3374 244 3448 quando
260 3371 312 3427 bei
327 3368 458 3425 famulus
473 3384 673 3434 commanens,
689 3366 754 3421 vitae
770 3365 910 3440 pabulum
927 3372 955 3423 at
1009 3385 1100 3424 causa
1109 3371 1325 3443 repausationis
1336 3368 1405 3425 illuc
1417 3368 1543 3424 divertit.
1555 3369 1635 3434 Quod
1648 3374 1841 3443 agnoscentes

121 3463 229 3522 salutis
247 3461 388 3516 haustum
400 3458 525 3514 facundo
536 3474 585 3514 ore
599 3456 662 3512 suis
673 3455 856 3511 auditoribus
868 3455 954 3512 mini·
1008 3456 1089 3515 illius
1105 3458 1275 3516 monasterii
1289 3457 1410 3530 majoris
1422 3463 1636 3530 procuratores,
1650 3459 1771 3516 mittunt
1781 3458 1839 3516 sibi

120 3550 248 3609 nnbat.
264 3547 523 3620 Quadragesimalc
539 3552 656 3619 tempus
672 3545 832 3610 effluxerat,
849 3549 878 3600 et
892 3545 955 3602 dies
1010 3564 1133 3621 quaeque
1143 3549 1317 3617 neccssaria,
1328 3548 1378 3605 scd
1390 3548 1425 3605 dc
1440 3547 1586 3621 piscibus,
1601 3565 1748 3620 nusquam
1759 3548 1839 3606 enim

120 3639 256 3714 mysticae
273 3652 362 3694 coenae
373 3651 426 3691 nec
438 3652 493 3691 non
507 3640 535 3689 et
545 3633 701 3690 salutiferae
714 3632 861 3704 passionis
872 3633 954 3688 Chri·
1008 3636 1128 3708 reperiri
1141 3638 1220 3711 apud
1234 3655 1282 3694 eos
1297 3637 1444 3710 valebant,
1455 3635 1539 3693 valde
1552 3655 1640 3712 parva
1651 3637 1839 3696 munuscula.

118 3725 156 3787 sti
170 3727 337 3794 desierant,
354 3740 423 3780 cum
439 3723 488 3780 lux
502 3722 622 3790 laetitias,
638 3721 810 3795 triumphus
821 3720 955 3779 videlicet
1008 3727 1123 3782 Interea
1137 3727 1208 3783 dum
1224 3725 1270 3781 vir
1281 3726 1395 3782 Domini
1408 3724 1553 3798 privatam
1566 3727 1696 3800 requiem
1712 3742 1744 3783 aa
1756 3732 1841 3801 putat

115 3814 285 3876 sominica
310 3811 543 3880 resurrectionis,
566 3810 677 3866 mundo
692 3808 855 3866 irradiaret.
879 3810 955 3868 Esus
1009 3814 1320 3883 haberaeocesubito,
1334 3815 1409 3871 sient
1421 3813 1456 3868 ad
1467 3829 1535 3871 eum
1549 3832 1666 3889 semper
1676 3806 1841 3889 frequentia

114 3922 188 3965 vero
205 3903 335 3978 piscium
349 3901 379 3957 in
393 3905 476 3957 tanta
491 3900 548 3957 diei
565 3897 750 3956 solemnitate
765 3899 840 3972 patri
854 3899 955 3955 fratri·
1009 3903 1221 3960 monachorum
1237 3919 1414 3976 quecunque
1437 3901 1569 3961 locorum
1591 3903 1735 3974 veniebat,
1752 3907 1838 3963 credo

113 3995 242 4068 busque
256 3993 365 4048 deerat.
382 3991 505 4048 Gerebat
519 3995 590 4045 tunc
605 3987 736 4044 officium
756 3987 955 4060 preposituras
1009 3992 1067 4048 duo
1079 3993 1274 4048 abbatescum
1288 3990 1422 4063 pluribus
1433 3991 1586 4049 monacbis
1598 3993 1836 4059 accedunt.0uos

112 4080 295 4148 senicrlvo,
307 4078 470 4136 amicabilis
481 4077 579 4144 homo,
591 4075 641 4150 qui
658 4076 884 4134 benemeritam
900 4076 955 4132 Pa·
1009 4097 1076 4137 cum
1098 4081 1206 4154 gavidic
1231 4080 1371 4150 suscepit,
1396 4083 1425 4134 et
1439 4077 1469 4134 in
1486 4079 1606 4154 longum
1623 4098 1689 4137 cum
1706 4078 1748 4138 eis
1776 4098 1836 4139 ser·

112 4173 350 4231 uisobservare
374 4173 402 4225 et
425 4168 519 4225 colere
548 4165 703 4234 studebat3
734 4166 844 4239 quique
868 4165 954 4222 valde
1009 4166 1835 4244 monenrprotaxit‚atqueadultimumutsecumpran-

110 4265 266 4319 maestum
282 4259 411 4331 gestiens
425 4258 557 4313 animum
567 4254 645 4327 quod
658 4255 797 4310 sterilitas
807 4270 952 4327 equarum
1009 4259 1121 4326 derant,
1138 4256 1278 4313 invitavit.
1305 4258 1453 4314 Accedens
1472 4275 1539 4316 vcro
1555 4260 1590 4316 ad
1605 4276 1714 4333 coquos
1739 4262 1768 4316 et
1790 4260 1837 4317 in-

114 4350 179 4410 sibi
195 4364 258 4405 non
282 4348 422 4420 preberet
437 4345 618 4402 aidrrcntiam
644 4343 789 4416 piscium:
815 4344 956 4399 actitabat
1010 4344 1130 4402 fartores
1146 4345 1290 4408 ciborum,
1305 4345 1510 4418 inquiritquid
1525 4347 1667 4406 haberent
1679 4348 1756 4406 unde
1767 4366 1837 4408 suos

112 4440 204 4498 enirn
221 4441 256 4493 ut
272 4436 467 4509 undecunque
478 4434 643 4507 acquireret
655 4432 799 4505 ejusmodi
811 4431 953 4499 edulium,
1009 4452 1082 4509 quos
1095 4434 1268 4491 invitaverat
1283 4434 1415 4506 hospites
1424 4437 1545 4492 relicere
1560 4441 1669 4508 posset.
1681 4439 1718 4494 At
1728 4437 1772 4494 illi
1784 4454 1837 4494 ca-

116 4526 174 4588 sed
197 4542 386 4601 ‘quacunque
405 4525 594 4599 agitabantur
612 4522 724 4579 minine
739 4520 775 4579 ad
791 4522 954 4595 profectum
969 4544 995 4614 ο
1009 4529 1070 4582 tara
1085 4525 1204 4597 qnidam
1232 4526 1382 4593 uteunque
1405 4522 1522 4594 habere,
1548 4525 1584 4581 de
1611 4524 1742 4599 piscibus
1768 4543 1836 4584 vere

117 4615 329 4692 proficiebant.
347 4614 450 4670 bivine
464 4612 543 4670 onim
560 4610 742 4684 providentia
759 4610 787 4666 id
803 4610 954 4683 agebatur,
1011 4631 1084 4690 pena
1096 4614 1167 4670 nihil
1177 4629 1251 4677 esse,
1264 4612 1436 4685 quedlentae
1448 4612 1630 4671 multitudini
1640 4613 1747 4672 valeret
1757 4615 1836 4672 eutit-

119 4710 158 4764 ut
170 4706 205 4761 in
232 4720 307 4759 nova
330 4703 485 4759 festivitate
510 4716 602 4758 novus
618 4699 725 4772 hospes
740 4699 866 4772 gurgitis
880 4718 953 4757 nove
1008 4721 1083 4762 cere.
1099 4701 1194 4769 Pueri,
1210 4701 1307 4773 inquit
1321 4701 1364 4756 vir
1379 4706 1511 4770 sauctus,
1527 4700 1569 4759 illi
1594 4708 1721 4761 vestram
1746 4720 1837 4775 super

121 4790 216 4852 etin
229 4790 353 4861 homini,
365 4792 529 4848 secundum
544 4787 715 4862 Apostolum
729 4788 834 4860 spiritu
847 4790 954 4846 mentis
1007 4793 1063 4850 hoc
1079 4790 1306 4849 sollicitudinem
1323 4790 1484 4858 committe,
1502 4790 1553 4863 qui
1566 4791 1602 4848 de
1612 4790 1743 4864 quinque
1753 4790 1835 4863 pani·

124 4890 186 4941 duae
197 4879 330 4938 dediein
340 4881 417 4938 diem
429 4881 575 4947 renovato,
588 4877 636 4933 [tei
647 4891 767 4933 munere
780 4875 952 4934 mitteretur.
1008 4884 1064 4940 bris
1073 4885 1102 4938 et
1112 4881 1228 4937 duobus
1236 4877 1366 4952 piscibus
1377 4878 1510 4952 quinqua
1520 4879 1614 4937 millia
1624 4876 1778 4936 hominum
1789 4895 1837 4935 va·

125 4971 187 5029 Sub
204 4972 271 5044 ipso
286 4973 383 5042 itaquo
394 4985 506 5042 magna
517 4966 573 5024 diei
587 4964 770 5039 crepusculo,
782 4965 955 5038 completos
1008 4971 1065 5028 luit
1080 4970 1195 5039 satiare,
1213 4973 1242 5024 et
1255 4968 1295 5024 ita
1310 4967 1394 5024 nobis
1406 4966 1633 5041 hospitibusque
1648 4967 1758 5025 nostris
1772 4967 1834 5041 ple·

126 5055 954 5126 lintribuscelebritcrmatutinaticilicio,pradictuslro
1010 5060 1164 5117 nissimam
1203 5057 1388 5113 refectionem
1427 5061 1598 5129 preparate.
1627 5057 1694 5114 flac
1733 5057 1835 5114 dicens

127 5148 217 5206 fldem
240 5147 397 5222 possidens
415 5147 446 5202 in
463 5151 530 5213 Deo,
547 5146 583 5200 de
599 5142 713 5200 meritis
728 5142 822 5200 Patris
847 5158 955 5216 praesu·
1010 5148 1171 5216 abscessit;
1188 5146 1229 5202 illi
1245 5162 1312 5202 vere
1328 5146 1406 5218 quod
1413 5147 1532 5217 jussum
1544 5146 1648 5211 luerat,
1662 5145 1833 5220 diligentius

161 5311 222 5378 (22)
234 5307 299 5364 llaec
314 5322 409 5380 usque
424 5306 460 5362 ad
476 5305 537 5361 baec
550 5305 638 5362 verba
654 5306 728 5360 tanti
742 5305 798 5360 viri
813 5304 957 5363 habemus
1010 5308 1193 5366 ihibabitant
1204 5303 1349 5372 monachi,
1361 5305 1637 5377 quamvisredditns
1647 5305 1836 5380 pinguissimi

129 5396 162 5437 ax
179 5379 268 5436 unico
284 5379 347 5436 cod.
367 5380 397 5434 S.
414 5377 562 5434 Germani.
1012 5383 1080 5449 sint,
1107 5378 1189 5452 quie
1211 5377 1307 5450 priore
1336 5377 1584 5435 commendatario
1614 5376 1835 5453 percipiuntur;

163 5451 221 5521 (23)
246 5450 387 5507 Subsistit
411 5448 555 5522 hodieque
580 5445 703 5503 ecelesia
717 5446 746 5502 S.
771 5446 900 5520 Dionysii
921 5450 957 5507 de
1013 5454 1093 5509 'uxta
1107 5451 1182 5506 banc
1195 5446 1348 5504 ecclesiam
1366 5446 1423 5504 alia
1437 5448 1562 5505 habetur
1575 5448 1735 5532 parochiali
1750 5447 1835 5504 titulo

127 5526 226 5594 Quota
239 5520 334 5595 vulgo.
351 5523 427 5577 seint
449 5526 541 5649 Detege
565 5519 598 5601 cte
613 5520 739 5601 t'dstrec,
757 5518 805 5600 ubi
822 5519 958 5577 visuntur
1011 5522 1161 5597 insignita,
1178 5520 1233 5577 sub
1249 5519 1342 5576 saneti
1356 5518 1471 5577 Martini
1489 5520 1660 5596 pairocinro.

127 5591 501 5667 vetustissimesspulcraS
528 5591 958 5663 ,DionysuetsccrorumNulli
