3884 6084
113 269 173 330 999
566 264 600 329 S.
623 260 805 323 ODlLONlS
829 260 1112 324 ctroutacausts
1136 264 1302 327 lunaris
1326 266 1364 328 V.
1753 267 1828 329 lolli

115 401 141 458 ei
158 419 172 455 a
187 416 245 471 quo
262 403 295 453 ut
309 401 385 453 essct
400 395 510 467 aceepit
525 394 679 466 originem.
689 393 808 458 idcirco,
825 394 940 458 tratres,
955 395 982 461 Α
999 394 1139 451 suiectus
1156 397 1296 454 Dominus
1310 403 1409 454 noster
1420 398 1553 471 legaliter
1562 399 1657 455 voluit
1670 416 1688 454 a
1703 399 1828 471 parenti·

115 490 152 545 de
163 488 312 544 divinitate
327 483 431 540 Christi
449 488 529 538 tante
551 482 681 536 diximus
697 486 724 538 et
741 482 835 537 adbuc
851 481 945 538 dicere
1000 484 1055 538 bus
1080 485 1261 557 circumcidi,
1285 487 1334 553 ita,
1362 488 1542 560 quaterdeno
1567 504 1691 543 numero
1717 488 1827 545 dierum

116 575 253 632 ratuinus
270 575 384 640 ut,dum
402 571 485 626 illum
502 573 529 625 in
544 570 682 643 presepio
696 567 945 643 positumpannis
1000 572 1204 641 deductonum
1220 574 1364 648 legalibus
1379 576 1484 632 hostiis
1500 595 1517 632 a
1532 583 1627 632 matre
1643 576 1764 649 Virgine
1781 592 1827 634 ro·

115 664 289 729 involutum,
306 662 449 718 humilem
464 660 611 716 hominem
638 660 714 716 ieter
736 659 835 716 omnia
851 659 944 716 cerni·
999 660 1056 717 luit
1070 661 1099 716 in
1115 664 1224 735 templo
1239 666 1417 736 presentari.
1434 665 1627 721 circumcisio
1638 669 1825 738 tunctempo

115 771 194 820 mus,
211 754 302 809 Deum
320 768 419 807 rerum
437 753 465 805 et
481 749 636 804 Dominum
659 765 749 821 super
767 748 866 803 omnia
881 764 944 804 esse
1000 749 1040 806 ris
1055 751 1090 806 ab
1107 752 1241 824 originali
1269 757 1385 825 peccato
1410 753 1597 810 circumcisio
1623 753 1781 827 purgabat,
1802 759 1825 811 el

115 859 173 898 non
188 838 448 897 dubitemustllud
465 855 531 893 vero
547 837 695 910 singulare
709 854 814 893 nomen
828 836 944 892 deitatis
999 837 1101 911 legalis
1116 839 1223 896 oblatio
1239 841 1338 912 pueris
1353 846 1381 897 et
1395 843 1541 898 matribus
1557 841 1766 913 purificatione
1786 841 1824 898 ia·

115 932 191 1003 quod
208 934 253 985 est
271 935 357 993 Deae,
374 926 525 983 multoties
542 927 570 981 iu
587 926 693 981 divinis
718 925 823 981 litteris
838 926 874 980 ad
891 925 943 981 Pa·
999 929 1165 1000 digeulibus
1181 935 1209 984 et
1230 929 1326 985 radice
1353 932 1420 985 Ade
1447 929 1568 1003 pollutis
1594 926 1822 1002 purificationem

114 1024 189 1075 trem
204 1018 338 1083 retertur,
355 1016 510 1089 aliquoties
526 1016 561 1070 ad
580 1014 694 1070 Filium.
707 1015 825 1081 Quoties
840 1016 876 1069 ad
892 1015 943 1070 Pa·
998 1018 1164 1088 praestabat.
1183 1018 1237 1074 Sed
1255 1017 1327 1073 nibil
1343 1018 1448 1075 horum
1474 1023 1574 1074 noster
1598 1017 1755 1091 parvulus,
1779 1035 1821 1075 nce

113 1112 187 1164 trem
203 1108 355 1172 referatur,
370 1104 451 1160 nullo
467 1105 553 1159 modo
583 1121 667 1160 mens
694 1103 826 1159 bumana
849 1109 944 1176 potest
998 1107 1064 1177 ejus
1074 1107 1262 1162 sanctissima
1278 1112 1305 1162 et
1321 1108 1518 1164 mundissima
1528 1107 1659 1181 genitrix
1668 1106 1819 1181 indigebat.

112 1196 258 1270 colligere,
275 1200 303 1251 ct
317 1195 395 1267 quod
412 1193 570 1265 aliquando
598 1194 633 1248 ad
659 1190 766 1248 Filium
791 1192 941 1262 referatur,
996 1195 1070 1251 Vere
1085 1213 1142 1250 non
1158 1195 1307 1269 indigebat
1322 1197 1370 1252 Dei
1387 1196 1479 1252 Filius
1492 1195 1579 1269 legali
1592 1196 1818 1265 circumcisione,

113 1284 214 1342 multis
230 1283 406 1340 testimoniis
422 1283 587 1338 edocemur.
603 1282 686 1336 Unde
698 1285 742 1336 est
758 1279 830 1336 illud
843 1297 849 1334 :
862 1282 941 1351 Dens,

107 1374 197 1447 jarden
207 1374 308 1446 jacens.
325 1376 396 1426 Cum
422 1372 559 1437 dirimas,
584 1373 662 1434 Deus,
683 1369 772 1442 judee
783 1372 886 1441 justes,
907 1370 943 1424 de

113 1463 184 1520 Filio
200 1463 310 1518 dictum
327 1478 461 1517 essenon
480 1460 732 1531 dubitamus.tpse
750 1459 828 1513 anim
845 1457 940 1514 dixit:

111 1555 196 1609 Peter
209 1568 263 1608 noa
273 1550 380 1622 jnrlirat
396 1566 569 1621 qrrrmquem,
585 1547 631 1603 sed
646 1563 724 1602 ornae
742 1547 880 1618 judiciuin
895 1546 941 1602 de·
996 1557 1040 1608 ast
1054 1552 1230 1624 lapis.quenr
1244 1552 1344 1608 Daniel
1357 1551 1429 1608 vidit
1440 1551 1596 1624 precisum
1609 1552 1646 1608 de
1657 1551 1815 1609 monteaine

112 1642 153 1697 dit
167 1641 245 1697 Filio.
263 1643 296 1694 lit
312 1640 341 1693 in
358 1638 413 1693 alio
429 1635 666 1701 locoPsalmista,
684 1640 840 1708 postquam
853 1636 939 1692 dixit:
996 1642 1143 1709 manibus,
1167 1640 1300 1696 Christus
1320 1641 1453 1697 videlicet
1478 1645 1565 1696 natus
1595 1641 1633 1698 de
1659 1641 1813 1698 Judaeornm

112 1732 233 1794 Domine,
246 1727 383 1784 addidit:
399 1731 470 1782 oens
483 1726 582 1780 salutis
603 1741 680 1781 mee.
707 1725 794 1780 lesus
816 1724 942 1781 Salvator
995 1734 1090 1803 gente,
1108 1728 1188 1785 nullo
1204 1729 1334 1786 humano
1350 1747 1436 1802 apere
1453 1729 1679 1786 interveniente,
1696 1730 1756 1786 Non
1776 1729 1810 1785 in.

112 1819 171 1876 sive
185 1819 319 1874 saltatoria
334 1816 550 1887 interpretatur.
567 1819 637 1868 Item
663 1814 813 1884 Scriptura
838 1812 938 1868 clami·
995 1819 1210 1890 digebatetiam
1224 1819 1270 1873 Dei
1283 1819 1407 1891 genitrix
1419 1818 1622 1890 purificatione
1637 1818 1810 1891 carnalique

111 1912 154 1965 iat
170 1925 176 1964 :
193 1909 325 1964 Dominus
341 1906 450 1977 ineest
466 1905 544 1969 neas,
561 1880 691 1958 lanienas
716 1905 772 1973 inse
795 1907 833 1958 eu
856 1907 937 1957 oens.
993 1908 1125 1980 concapit
1136 1924 1192 1962 non
1206 1906 1534 1980 operationerirititsod
1549 1908 1658 1964 virtute
1670 1907 1807 1976 artissimi,

111 1999 203 2062 Oltam
222 1997 388 2066 frequenter
408 1993 542 2049 Christus
556 1993 643 2048 Jesus
656 1992 796 2047 Dorulaus
811 1995 937 2057 vocetur,
992 2002 1020 2052 et
1035 1996 1227 2052 illustratione
1243 1996 1369 2068 Spiritus
1386 1996 1489 2052 sancti.
1515 1997 1570 2052 Sed
1598 1997 1663 2053 ideo
1688 1997 1771 2055 uoluit
1783 2014 1806 2054 se

110 2086 207 2143 omnis
224 2085 330 2158 pagina
344 2084 441 2139 diriua
466 2086 589 2138 testatur
615 2098 620 2135 :
644 2083 775 2136 llorninua
797 2085 938 2137 conterens
993 2102 1136 2157 seramque
1151 2086 1322 2157 genitricem
1337 2085 1470 2152 decretis
1487 2084 1632 2157 legalibus
1649 2088 1805 2154 subderem

111 2177 192 2242 belia,
205 2176 337 2231 lioncinne
353 2189 451 2228 nornen
465 2180 504 2227 rat
520 2172 574 2237 ilii,
595 2176 624 2225 et
649 2170 805 2226 Psalmistn
822 2187 828 2226 :
846 2171 937 2226 Domi·
992 2175 1138 2230 rideretur
1151 2191 1215 2230 esse
1228 2174 1300 2246 legis
1316 2179 1508 2246 contemptor,
1524 2175 1575 2246 qui
1591 2179 1653 2230 crat
1669 2176 1805 2248 utriusque

110 2280 162 2320 nes
177 2263 347 2320 illuminatio
363 2279 421 2316 inca
436 2268 461 2315 et
471 2261 547 2315 setara
561 2275 631 2314 rnen.
650 2258 827 2314 lllumiaatio
840 2264 939 2314 nostro
993 2264 1171 2319 Testamenti
1187 2263 1308 2335 largitor
1319 2267 1347 2319 et
1362 2263 1641 2336 eonditor.Urgebat
1655 2264 1731 2320 enim
1744 2263 1802 2338 lcg's

111 2359 154 2410 est
169 2353 238 2425 quia
253 2352 330 2408 sicut
344 2348 522 2422 evangelista
538 2349 610 2403 dixit
629 2366 635 2404 :
652 2349 709 2418 lpse
724 2348 866 2402 illuminet
881 2364 938 2404 om·
988 2351 1095 2423 jussio,
1114 2356 1145 2406 ut
1161 2349 1299 2424 parvulus
1314 2356 1414 2407 octava
1440 2351 1486 2407 die
1507 2352 1768 2421 circumcideretur,
1780 2356 1802 2408 et

110 2459 171 2498 nern
187 2441 324 2497 bominem
336 2441 490 2494 evenientem
517 2439 548 2491 ie
569 2437 796 2491 trasemundum.
814 2437 848 2491 llt
863 2436 939 2491 sicut
993 2441 1218 2512 quadragesimo
1235 2441 1291 2509 die,
1309 2444 1341 2495 ut
1356 2441 1467 2496 dictum
1490 2446 1545 2508 est,
1561 2441 1592 2496 in
1616 2441 1723 2514 templo
1742 2459 1801 2515 pre·

111 2531 142 2586 B.
157 2531 261 2587 Petrus
276 2527 426 2600 apostolus
442 2527 483 2582 ait
500 2544 506 2582 :
524 2528 582 2598 lpse
599 2525 694 2581 adrisit
708 2542 756 2581 nos
769 2525 801 2581 de
818 2526 938 2580 tenebris
993 2535 1167 2599 sectaretur,
1184 2533 1211 2583 et
1228 2534 1362 2601 parentes
1383 2531 1448 2601 eJ'us
1470 2547 1521 2602 pro
1546 2547 1580 2585 eo
1605 2547 1658 2602 par
1672 2535 1799 2586 tanarum

112 2619 317 2676 inadmiraide
331 2617 422 2671 triticea
435 2632 527 2671 suurn.
545 2612 630 2670 Salus
656 2631 707 2669 nos
730 2620 775 2669 est
793 2613 936 2681 Christus
993 2622 1044 2674 aut
1064 2618 1137 2673 duos
1162 2617 1258 2690 pullas
1287 2619 1490 2674 columbarum
1506 2619 1654 2687 offerrent,
1671 2620 1693 2674 si
1709 2632 1799 2692 agnou

111 2709 187 2765 sicut
202 2708 278 2764 idem
301 2706 363 2779 ipse
388 2709 487 2777 pastor
512 2702 646 2759 Eccleeiae
672 2703 752 2771 dicit,
770 2703 849 2759 Isaiae
865 2720 938 2758 usus
992 2705 1124 2762 invenire
1140 2724 1197 2763 non
1215 2711 1344 2779 possent.
1357 2707 1388 2761 ln
1402 2712 1525 2780 utroque
1537 2724 1604 2763 vero
1619 2707 1802 2780 animali‚pre

998 1285 1046 1357 qui
1076 1301 1132 1340 uon
1161 1289 1223 1340 erat
1249 1284 1359 1342 carnali
1389 1285 1565 1341 admistione
1594 1286 1818 1353 concretus,sed

997 1375 1123 1431 adventu
1137 1373 1264 1446 Spiritus
1279 1373 1372 1430 sancti
1388 1379 1416 1429 et
1429 1373 1572 1430 Altissimi
1587 1374 1711 1442 virtute,
1725 1373 1816 1448 aemio

996 1463 1162 1530 nuntiante,
1179 1462 1208 1517 in
1226 1469 1307 1519 utero
1320 1462 1455 1536 virginali
1472 1468 1645 1537 conceptus.
1662 1463 1729 1536 lpse
1752 1464 1815 1520 eain

110 2796 279 2855 testimonio
295 2813 301 2850 2
317 2795 399 2867 Cujus
414 2796 499 2850 liuore
514 2795 610 2849 serrati
621 2793 761 2847 aremusllt
776 2792 936 2847 B.Petrus:

109 2885 271 2951 tinnirent
283 2901 361 2958 quem
377 2884 497 2938 ibimus?
514 2881 624 2952 etipse
648 2881 678 2936 in
704 2879 759 2936 alio
783 2880 845 2937 laco
862 2897 869 2935 ε
886 2882 938 2936 lio·

108 2978 194 3042 enine,
212 2976 311 3030 boetem
326 2980 364 3028 cst
376 2989 424 3028 noa
439 2973 484 3026 liic
499 2988 563 3028 esse.
573 2971 606 3026 Ei
617 2970 745 3026 Thomas
760 2972 826 3041 post
841 2985 937 3024 resur-

994 2794 1124 2867 lulgebat
1147 2797 1242 2868 gratia
1265 2794 1401 2851 salutaris
1427 2796 1569 2868 mysterii.
1598 2797 1713 2865 Tartar,
1725 2802 1753 2851 ut
1765 2791 1800 2850 illi

993 2883 1095 2940 volunt
1104 2884 1154 2957 qui
1170 2885 1204 2940 de
1220 2883 1332 2940 naturis
1344 2885 1514 2939 animalium
1526 2883 1802 2958 disputantcastissi·

994 2990 1075 3027 mum
1091 2978 1136 3028 est
1150 2973 1273 3040 animal;
1291 2971 1426 3029 columba
1442 2974 1713 3032 mansuetissimum
1725 2977 1750 3029 et
1760 2988 1801 3045 pa·

110 3066 266 3124 rectionem
281 3064 345 3135 ejas
362 3079 369 3119 :
386 3064 517 3118 Doirrinns
531 3077 606 3116 ruens
620 3068 646 3116 ct
664 3061 735 3116 Deus
758 3074 842 3114 nerra.
859 3056 939 3112 Sicut
993 3061 1297 3118 tientissimum.Bcne
1311 3079 1363 3135 pro
1378 3062 1493 3124 Christo
1506 3067 1603 3120 turtur
1616 3064 1675 3120 sive
1688 3060 1800 3118 columbe

109 3148 653 3228 sepissimeChristusicsusllomiaus
664 3148 752 3203 simul
765 3148 878 3203 etlleus
890 3164 937 3203 vo·
954 3130 974 3197 C
994 3151 1123 3215 offertur,
1140 3151 1209 3223 quia
1226 3152 1288 3223 ipsc
1303 3157 1347 3207 eet
1362 3150 1507 3223 patientie
1531 3157 1560 3207 et
1588 3148 1797 3208 mansuetudinis

109 3244 225 3310 citatur,
243 3242 282 3297 ita
297 3240 455 3313 aliquando
472 3256 520 3293 rex
536 3243 564 3294 et
580 3237 667 3303 Deris,
694 3237 850 3308 aliquando
871 3252 937 3290 vcro

110 3332 251 3387 Dominus
267 3334 295 3386 et
309 3346 358 3385 ren
375 3326 546 3401 appellatur.
565 3327 624 3381 Rex
640 3330 668 3380 et
681 3326 767 3393 Deus,
784 3325 813 3379 in
835 3325 937 3396 quinto

111 3419 224 3492 psalmo
242 3435 248 3474 :
266 3419 324 3473 Rae
346 3433 420 3472 ureris
444 3424 469 3471 ct
491 3417 559 3470 Deus
584 3414 814 3479 rrwnr,Don1iuus
834 3417 862 3469 ei
878 3430 936 3480 rex,

110 3508 187 3563 sicut
203 3508 231 3561 in
246 3505 385 3561 vicesimo
401 3504 486 3559 tertio
504 3520 510 3556 :
527 3504 658 3558 Dominus
675 3504 809 3558 virtutem
824 3504 881 3572 ipsc
899 3505 938 3557 est

110 3596 282 3666 reaptorioe.

145 3684 195 3738 llis
210 3699 279 3755 ergo
295 3685 322 3738 ct
338 3681 413 3751 aliis,
442 3681 545 3736 iratres
566 3679 764 3745 dilectissimi,
782 3680 937 3751 Scripturce

110 3772 212 3828 diriuae
230 3770 407 3827 testimoniis
422 3770 540 3836 eruditi,
559 3769 582 3824 si
608 3768 756 3825 credimus
780 3767 937 3822 Dominum

110 3866 243 3919 nostrum
259 3860 359 3916 iesum
376 3859 729 3923 Christummediatorem
744 3856 789 3912 Dei
801 3861 829 3912 et
846 3856 937 3912 borni-

110 3949 305 4022 uum‚Deique
315 3954 344 4006 et
355 3948 483 4005 hominis
496 3948 588 4003 lilium
601 3947 630 4002 in
642 3951 741 4003 nostra
751 3946 841 4001 luisse
852 3962 939 4002 carne

110 4038 276 4105 mortalem,
293 4042 323 4093 et
338 4037 532 4110 predicamus
552 4036 636 4091 illum
663 4035 770 4108 Regem
786 4052 898 4108 regum,
912 4039 939 4090 et

109 4129 266 4184 adoramus
278 4127 360 4183 illum
378 4127 470 4182 Deum
487 4127 658 4192 deorumst
670 4123 828 4179 Dominum
844 4123 937 4179 domi·

111 4233 225 4283 uorum,
240 4221 316 4271 recte
332 4216 475 4271 credendo
497 4220 525 4270 et
546 4215 619 4270 bene
643 4213 938 4287 operando‚vitiorum

110 4321 222 4363 errores
247 4304 433 4370 declinando,
462 4322 512 4378 per
537 4302 660 4376 justitiae
679 4302 741 4358 vias
766 4302 938 4378 incedendo,

111 4411 227 4451 carnem
244 4397 375 4449 nostram
392 4411 458 4449 curu
475 4393 553 4449 vitiis
567 4395 596 4448 et
610 4389 854 4463 concupiscentiis
864 4406 940 4445 mor·

111 4482 258 4548 tranando,
276 4482 405 4538 risibilia
420 4481 645 4545 contemnendo,
662 4478 822 4534 invisibilia
834 4496 938 4535 conca·
952 4501 976 4568 D

112 4570 261 4644 pisceado,
278 4588 343 4626 caru
362 4569 421 4627 illis
437 4572 532 4626 tribus
555 4569 647 4642 Magis
669 4573 728 4623 tres
753 4568 937 4640 supradictas

111 4657 222 4732 speeies
240 4658 540 4730 munerum,qnotidie
549 4655 740 4731 spiritualiter
748 4658 783 4712 ad
796 4658 860 4728 ejus
872 4675 938 4730 por-

111 4753 208 4804 tamus
224 4747 411 4819 praesepium.
429 4747 480 4802 Cui
497 4747 536 4802 sit
550 4747 641 4819 gloria
657 4752 685 4802 et
700 4746 940 4819 potesteS‚honor

112 4842 139 4909 et
154 4835 392 4910 imperium,cum
407 4837 489 4892 Patre
504 4841 533 4892 et
546 4836 655 4908 Spiritu
669 4839 769 4892 sancto
780 4836 941 4908 peremnia

113 4925 219 4983 saecule
234 4926 419 4983 seculorum.
434 4929 537 4982 Amen.
919 4919 922 4924 ’

433 5033 554 5089 SERMO
574 5033 621 5089 lll.

139 5119 174 5159 ns
194 5120 411 5162 contemnamus
430 5122 607 5162 cancamum
628 5120 787 5160 aaurrnrcrs
807 5121 913 5161 raanan.

150 5190 363 5264 Omnipotentis
386 5194 438 5250 Dei
468 5193 560 5251 Patris
589 5193 774 5266 omnipotens
797 5197 942 5262 sermea

114 5277 261 5352 regalibus
276 5282 395 5339 sedibus
407 5283 536 5352 veniens,
551 5282 721 5340 hominibus
740 5280 827 5339 homo
844 5282 937 5341 lactus

7 5378 13 5386 “
115 5383 269 5441 apparens,
288 5369 408 5427 indutus
424 5373 533 5428 amictu
549 5388 697 5445 corporeo,
711 5370 843 5426 llosaicae
865 5371 938 5445 legis

113 5455 207 5519 voluit
222 5447 554 5532 adimplendorum,
573 5466 604 5517 ut
619 5461 746 5533 antiquae
766 5461 940 5533 prevarica-

114 5544 204 5643 tionis
218 5545 328 5607 deleret
340 5546 670 5624 chirographumsicnt
685 5549 762 5607 enim
778 5552 881 5608 octava
892 5550 938 5609 die

992 3239 1172 3312 auctor-,ipse
1187 3239 1363 3311 virginitatis
1381 3245 1477 3296 custos
1493 3245 1522 3296 et
1537 3241 1683 3297 castitatis
1697 3242 1795 3295 amator.

991 3329 1055 3400 lpse
1071 3329 1105 3383 ad
1123 3345 1176 3383 nos
1190 3329 1319 3393 veniens,
1335 3346 1369 3384 cx
1387 3328 1507 3402 Virgine
1521 3347 1624 3385 rerum
1649 3342 1794 3402 corpusne·

992 3434 1122 3484 sumens,
1150 3417 1346 3490 virginitatem
1373 3418 1401 3472 in
1427 3422 1520 3474 matre
1546 3417 1734 3483 consecrarit;
1755 3428 1793 3486 pru

992 3506 1076 3563 nobis
1092 3506 1220 3562 moriens
1236 3507 1380 3578 pationtiae
1397 3507 1482 3563 nobis
1498 3508 1665 3580 exemplum
1691 3503 1793 3576 reliquit

1027 3594 1145 3651 sistitur
1160 3595 1256 3661 hodie,
1272 3595 1348 3650 sicut
1365 3597 1460 3651 Lucas
1475 3596 1574 3664 refert,
1591 3594 1793 3668 praesentiaru-

993 3684 1208 3756 uispuerlcsus
1218 3683 1405 3756 Domino‚qui
1419 3680 1792 3758 nunquamperprresentiam

992 3772 1155 3828 divinitatis
1171 3779 1321 3845 apaterno
1344 3773 1416 3828 solio
1439 3774 1585 3830 discessit.
1610 3774 1695 3831 Diues
1708 3773 1733 3828 in
1745 3782 1791 3833 sua,

993 3878 1104 3936 pauper
1129 3862 1158 3916 in
1179 3865 1289 3929 nostro,
1315 3861 1453 3918 recolitur
1475 3862 1562 3918 hodie
1585 3866 1762 3936 presentatus
1772 3854 1792 3909 ln

992 3948 1112 4022 templo,
1150 3951 1228 4021 quod
1263 3949 1332 4005 olim
1372 3950 1428 4005 sibi
1463 3957 1676 4023 praeparaverat
1706 3944 1793 4006 Decidit

993 4040 1149 4112 prudentia
1176 4043 1205 4094 et
1229 4038 1377 4094 Salomnis
1400 4039 1556 4095 industria.
1587 4041 1659 4096 lare
1692 4040 1724 4095 ab
1754 4032 1793 4090 illa

994 4130 1113 4185 domum
1130 4127 1185 4184 sibi
1200 4128 1323 4183 condere
1338 4128 1513 4195 decrevit,de
1524 4145 1653 4201 quorum
1666 4129 1746 4200 stirpe
1753 4137 1793 4178 rar·

993 4223 1067 4273 trem
1079 4217 1185 4290 eligere
1200 4216 1301 4272 voluit.
1312 4215 1523 4273 convenienter
1538 4217 1753 4280 ditissimorum,
1764 4225 1792 4267 n·

993 4306 1245 4380 pientissimorum
1271 4310 1299 4361 et
1320 4305 1549 4363 fortissimorum
1573 4308 1703 4363 omnium
1717 4310 1789 4375 regum

994 4393 1152 4467 propagine
1169 4396 1324 4465 generatur
1345 4393 1396 4449 Dei
1410 4394 1537 4465 genitrix
1558 4399 1587 4449 et
1602 4390 1789 4466 semperne,

993 4482 1093 4549 Maria,
1110 4482 1180 4554 quia
1195 4481 1278 4537 illum
1294 4486 1357 4537 erat
1371 4481 1514 4554 paritura,
1530 4484 1582 4555 qni
1594 4487 1639 4540 est
1654 4482 1702 4539 Dei
1713 4478 1787 4534 rinna

992 4572 1068 4627 sic-ut
1083 4570 1233 4644 apostolus
1249 4570 1357 4626 Paulus
1373 4571 1497 4643 intonat,
1514 4577 1542 4627 et
1557 4573 1608 4628 liei
1623 4567 1758 4646 sapientia,
1768 4560 1786 4615 tl

995 4665 1027 4717 ut
1042 4661 1105 4732 ipse
1121 4658 1227 4716 Paulas
1242 4663 1368 4717 testatur
1385 4661 1434 4716 :ln
1449 4676 1501 4731 quo
1516 4670 1581 4718 seut
1595 4678 1686 4718 omnes
1700 4645 1786 4716 neae

994 4752 1139 4823 sapientise
1152 4758 1178 4805 ct
1192 4751 1315 4806 scientim
1324 4749 1561 4807 absconditi.l]rat
1574 4750 1652 4807 enim
1663 4748 1785 4807 atenac

995 4844 1056 4895 stra
1071 4855 1223 4911 puerpera,
1240 4854 1349 4910 pauper
1365 4831 1484 4894 terrena¹
1495 4833 1736 4911 possessione,setl
1743 4826 1783 4902 1³¹⁰·

995 4945 1033 4984 aa
1048 4927 1155 4984 cmlcsti
1172 4927 1382 4983 benedictione.
1402 4928 1471 4982 Erat
1495 4929 1649 5002 progenita
1670 4914 1785 4984 stannci

994 5015 1094 5089 rogali,
1112 5016 1161 5072 sed
1173 5032 1282 5088 pauper
1296 5015 1368 5070 adeo
1385 5014 1530 5087 stipendio
1543 5010 1785 5090 temporalibus

996 5106 1094 5172 rebus,
1112 5106 1216 5160 relerta
1231 5103 1338 5159 divinis
1353 5103 1573 5160 muneribusla
1586 5109 1698 5161 tantum
1708 5098 1786 5174 pauper

995 5200 1027 5250 nt
1042 5193 1215 5266 agnum,qui
1232 5209 1285 5266 pro
1302 5196 1419 5265 peccato
1435 5177 1786 5259 offerebatnnnonhrbent

995 5284 1145 5339 intantum
1158 5281 1237 5338 dives
1249 5284 1537 5354 utAgnum‚peceata
1545 5278 1788 5339 munditenentem·

994 5373 1074 5429 salva
1088 5371 1404 5445 virginitate‚gcuerare
1419 5369 1597 5443 posset.Una
1606 5366 1791 5442 utcmque·

992 5464 1057 5533 suit,
1074 5468 1103 5520 et
1118 5463 1195 5537 quod
1211 5462 1246 5517 de
1262 5477 1390 5534 paupere
1414 5463 1520 5531 matre,
1544 5461 1625 5535 quod
1651 5461 1687 5518 de
1700 5459 1793 5529 caper

993 5558 1056 5614 sata
1070 5553 1189 5629 Virgine
1204 5549 1339 5613 Christus
1354 5549 1436 5610 nasci
1447 5549 1550 5622 voluit,
1567 5554 1602 5611 ut
1612 5539 1797 5610 nectente

1839 4618 1843 4679 l
