3884 6084
113 249 188 324 idil
594 250 800 330 annnam-1
822 251 1120 331 athanacenses
1141 254 1330 334 uersuum.
1744 252 1824 336 itti·

112 389 278 457 ditem-est,
293 401 421 447 senune
436 401 531 460 usque
552 385 718 446 custoditur
732 385 770 444 ab
785 386 933 457 omnibus,
948 386 977 457 Α
991 390 1156 455 secusdum
1180 388 1270 462 iidem
1292 382 1820 463 erengeiicsmsttrsditionemspo·

113 477 217 535 debere
232 475 350 546 servari,
360 493 414 533 nec
430 475 585 549 superduci
599 479 650 535 aul
665 474 811 533 introduci
826 474 937 549 aliquid
992 478 1136 546 stoiioem,
1153 478 1270 536 nulium
1284 494 1370 551 posse
1384 475 1501 546 saivari,
1518 475 1574 533 nisi
1586 468 1646 549 <per
1659 491 1822 548 squamae·

112 568 192 641 quod
207 569 259 622 aui
269 565 471 623 auctoritatem
487 582 544 622 non
561 565 678 633 habeat,
694 568 746 621 aut
760 563 879 622 aliunde
890 582 936 633 so·
991 568 1198 642 generationis,
1215 574 1247 624 ut
1262 567 1326 641 ipse
1339 568 1480 624 Dominus
1503 566 1545 623 ait
1561 583 1568 621 :
1587 564 1679 622 «Nisi
1698 565 1767 637 quis
1782 582 1822 623 re·

112 657 208 729 cipere
217 654 350 712 videatur
362 654 530 728 exempinm
542 653 556 708 i
570 653 735 711 Praesertim
749 654 867 710 sumsit
880 670 938 710 ma·
992 661 1078 714 natus
1092 657 1180 714 suerit
1196 673 1230 714 ex
1245 674 1322 730 aqua
1335 661 1364 713 et
1376 656 1496 730 spiritu,
1509 672 1567 711 non
1581 658 1690 729 potest
1704 653 1822 710 introire

112 746 253 803 nilestum
278 744 308 800 in
334 760 451 800 omnem
477 742 601 811 ltaliam,
618 742 737 810 Gallias,
754 741 936 815 Hispaniam,
992 746 1021 801 in
1036 763 1159 819 regnum
1175 744 1225 802 Dei
1240 749 1332 813 (ioan.
1349 746 1401 816 ru).
1420 769 1431 798 ι
1450 743 1573 818 Peccata
1585 758 1655 799 vero
1681 758 1747 815 qua
1762 749 1825 815 post

111 832 238 889 Aiacem
262 834 349 903 atque
372 830 513 899 Siciliam,
532 830 704 904 insulasque
733 830 938 900 interjacentes
992 835 1183 907 baptismum,
1195 834 1337 891 suadente
1352 832 1467 890 diabolo
1483 835 1513 889 st
1526 829 1822 905 proprisvoluntate,

112 919 229 978 nullum
244 918 410 978 instituisso
424 917 580 985 Ecclesiae,
597 918 653 974 nisi
669 934 956 991 conquestionem.
991 923 1169 980 contrahunt
1182 921 1328 990 homines,
1345 922 1519 978 eonfitemur
1543 937 1596 993 per
1619 919 1822 992 poenitentiam

111 1008 179 1066 bilis
207 1009 310 1065 Petrus
340 1012 392 1063 eut
419 1008 482 1079 ejus
512 1024 696 1064 antecessores
723 1006 939 1064 constituerunt
992 1028 1050 1068 non
1065 1012 1161 1068 solum
1176 1009 1422 1077 celmanicorum
1434 1010 1529 1083 ipsam
1545 1007 1682 1065 diuinam
1698 1006 1821 1080 gratiam

111 1098 350 1155 sacerdotesdui
364 1095 464 1170 legant
478 1097 502 1152 si
515 1096 544 1151 in
558 1095 605 1152 his
617 1095 773 1168 provinciis
784 1094 860 1158 eiius
872 1112 938 1168 apo·
992 1116 1078 1174 posse
1093 1098 1262 1174 promereri,
1277 1115 1346 1167 cum
1359 1113 1412 1171 per
1426 1115 1491 1155 eam
1510 1096 1669 1153 uideamus
1685 1094 1823 1168 percurri.

111 1187 253 1245 steiorum
270 1183 937 1259 inuenitursutlegiturdocuisee3quisinon
991 1205 1053 1245 cern
1075 1188 1197 1259 Mariam
1228 1187 1581 1256 mundatam,Zechosum
1607 1184 1823 1256 justificatum,

111 1275 222 1350 legunt.
239 1272 309 1347 quta
332 1291 481 1347 nusquam
509 1274 671 1341 inveniunt,
689 1277 802 1347 oportet
817 1289 866 1329 ees
883 1271 937 1328 hee
990 1279 1108 1334 Petrum
1120 1280 1188 1350 post
1201 1276 1319 1350 lapsum
1335 1273 1507 1343 relevatum,
1523 1273 1673 1331 latronem
1691 1272 1769 1328 inira
1778 1290 1824 1346 pa·

111 1364 195 1438 sequi
210 1364 289 1437 quod
316 1361 442 1419 Frrlesia
470 1363 602 1419 Romana
627 1361 764 1428 custodit,
781 1376 937 1437 aquaeue
990 1366 1123 1423 redisum
1137 1371 1300 1439 receptum.

112 1451 288 1528 principium
304 1453 453 1524 accepisse
465 1469 524 1508 non
533 1450 657 1507 dubium
668 1454 766 1519 est,ne
775 1451 847 1507 dum
859 1465 938 1522 pere·
1026 1455 1180 1513 Credimus
1189 1457 1294 1511 <autem
1308 1458 1441 1529 mnomm
1455 1449 1617 1515 Ecclesiam
1632 1465 1823 1509 communem

110 1541 210 1617 grinis·
233 1541 445 1599 assertionibus
460 1540 604 1608 student,
618 1538 937 1611 coputrnsritotionem
991 1544 1124 1611 omnium
1139 1542 1272 1601 {idoli-um
1287 1547 1424 1609 matrem,
1434 1540 1611 1613 nullumque
1626 1539 1667 1612 ad
1683 1556 1822 1612 eamque

110 1631 266 1692 videantur
278 1628 424 1686 emittere.
991 1631 1284 1706 in.coe1isest,posss
1299 1631 1460 1706 peruenire,
1475 1628 1532 1687 nisi
1548 1645 1601 1702 per
1615 1628 1701 1703 benc
1714 1645 1780 1697 oua
1795 1628 1824 1684 in

385 1719 473 1774 xvh.
495 1718 662 1777 Conclusio.
992 1721 1078 1777 terris
1093 1726 1147 1792 est,
1167 1720 1338 1793 acquisitus.
1355 1719 1454 1789 inerit.
1469 1718 1700 1787 Sacramentum
1728 1719 1823 1773 summ

145 1811 212 1869 iam
225 1808 289 1867 dies
304 1808 340 1864 ad
365 1824 501 1865 oceasum
523 1806 661 1864 declivior
682 1807 753 1874 eret,
770 1808 798 1861 et
809 1805 937 1862 domnus
988 1809 1132 1867 nominiei
1146 1807 1277 1884 eorporis
1285 1813 1314 1866 et
1321 1806 1475 1882 anagninis
1490 1805 1640 1863 hooaDeo
1649 1804 1824 1881 confitemur

110 1899 266 1973 episcopus
278 1897 327 1954 his
342 1897 392 1971 qui
408 1896 544 1954 audiendi
560 1894 654 1969 gratie
668 1893 936 1962 conueneranteir-
991 1915 1056 1956 esse
1071 1898 1179 1972 pignus
1194 1902 1300 1955 nostre
1315 1893 1525 1970 redemptionis
1539 1899 1570 1952 et
1582 1893 1706 1971 salutis,
1721 1893 1823 1968 deque

111 1987 327 2047 cumstantibus
350 1987 390 2042 ait
408 1986 558 2042 :Fuerant
582 1984 665 2051 satis,
681 1984 799 2051 iratres,
815 1999 879 2054 quae
902 1981 936 2037 de
991 1988 1134 2045 Dominus
1144 1986 1203 2044 ait:
1221 1985 1306 2043 «Nisi
1322 1983 1821 2057 manducaveritisearnemmeem,

111 2077 159 2137 his
169 2094 224 2135 nos
237 2080 406 2150 oportuerat
414 2075 449 2130 ad
461 2074 693 2131 confirmandam
705 2072 794 2128 iidem
809 2073 937 2126 uestram
991 2079 1020 2133 ot
1036 2075 1168 2132 biberitis
1185 2091 1286 2132 meum
1300 2075 1490 2149 sanguinem,
1499 2089 1557 2130 non
1571 2071 1725 2141 habebitis
1736 2071 1821 2129 vitum

111 2165 274 2233 enuntiare,
291 2163 395 2220 sed-ne
417 2179 468 2218 uos
484 2162 554 2236 pius
566 2176 652 2218 onere
666 2161 821 2218 verborum
836 2176 936 2233 grave·
991 2164 1021 2220 in
1032 2163 1114 2221 vobis
1124 2166 1212 2232 (icen.
1224 2163 1274 2237 vr).
1285 2184 1300 2214 a
1318 2161 1355 2221 iit
1365 2163 1492 2231 iterum:
1509 2185 1523 2212 «
1533 2164 1607 2219 Cere
1618 2176 1768 2237 moenere
1780 2163 1830 2218 ost,

112 2271 190 2321 mus,
201 2251 351 2311 sufficiant
365 2248 936 2309 ista.iiootentu1nservutefidcivestrae
991 2251 1085 2319 cibus,
1096 2251 1254 2325 etsonguis
1270 2267 1354 2307 meus
1368 2267 1433 2307 vere
1443 2253 1586 2324 est-potus
1600 2248 1733 2327 “Ml-⁴·
1742 2249 1820 2321 Quod

84 2333 86 2339 ’
112 2342 320 2405 intemeratum
335 2338 532 2412 signaculum,
546 2336 938 2409 recolenteshoequodi'au-
991 2357 1097 2413 corpus
1112 2346 1142 2397 et
1165 2338 1352 2415 sanguinem,
1368 2338 1532 2396 seeundum
1558 2336 1649 2412 qued¹
1668 2337 1736 2413 ipss
1759 2336 1819 2409 ait:

112 2424 936 2503 lusapestoluspredixerat,quia«innovissimisdiebus
991 2452 1005 2482 n
1021 2428 1149 2503 Accipite
1171 2432 1202 2485 et
1229 2428 1405 2485 manducate
1433 2444 1470 2485 ex
1496 2427 1553 2485 hec
1574 2442 1694 2495 omncs,
1709 2425 1821 2501 houset

112 2515 398 2590 discedentquidam
413 2534 431 2572 a
446 2516 513 2585 fide,
529 2515 712 2577 attendentes
727 2513 950 2595 spiritibusers
991 2518 1070 2575 enim
1089 2534 1197 2590 eorpus
1220 2532 1321 2573 meum
1335 2516 1441 2589 (batth
1456 2515 1534 2589 xsvr)
1547 2533 1555 2585 ς
1570 2536 1586 2567 s
1603 2518 1636 2573 et
1648 2537 1663 2567 o
1680 2514 1778 2593 Bibits
1790 2531 1820 2573 ex

112 2608 227 2667 rorieet
236 2605 378 2665 doctrinis
392 2605 606 2662 demoniorum
622 2603 651 2661 in
662 2601 808 2677 hypocrisi
818 2600 937 2674 ioqusn·
991 2606 1046 2667 hoo
1055 2622 1169 2674 omnes,
1176 2604 1223 2662 hic
1233 2609 1279 2662 est
1289 2603 1367 2667 enim
1379 2603 1454 2661 culix
1463 2602 1620 2678 sanguinis
1630 2603 1691 2675 mei
1697 2602 1822 2679 (iiidie.

112 2699 234 2767 tium„el
241 2694 432 2754 materiatam
444 2692 935 2760 habentiumeonscientiemsuam3
991 2694 1193 2759 indubitanter
1207 2692 1520 2767 profitemureamdem
1533 2686 1818 2769 maestarumque.

112 2783 331 2861 prohibentium
348 2784 468 2847 nubere,
484 2782 632 2840 obstinere
647 2799 664 2838 a
679 2780 763 2848 cibis,-
775 2797 848 2853 quos
858 2780 950 2843 Deus¹
990 2799 1027 2845 ex,
1038 2782 1158 2857 Virgine
1173 2781 1290 2853 namin
1305 2781 1550 2855 ouoepsssamo
1565 2779 1706 2857 sepulcre
1715 2778 1817 2855 iuncte.

112 2873 269 2933 creavitad
290 2870 512 2946 percipiendum
542 2886 609 2927 cum
638 2870 799 2944 gratiarum
824 2868 937 2926 actione
990 2869 1633 2947 supercrelos1exaltatu,flsedetinpeterent¹
1653 2868 1818 2945 majesutis

112 2961 250 3023 fidelibus
264 2963 289 3037 (1
296 2962 371 3019 iim.
388 2960 437 3032 ιν).
455 2983 469 3011 »
990 2959 1162 3034 gloriaiioc
1177 2959 1227 3034 qui
1244 2959 1327 3017 audit
1340 2957 1599 3029 incredulus,buie
1614 2974 1669 3033 nec
1684 2956 1817 3039 Christus

147 3049 381 3111 Verumtalibus
391 3049 477 3106 dietis
488 3048 588 3106 domni
598 3048 738 3122 episcopi,
749 3047 779 3103 hi
791 3044 949 3125 qnipsulo.
991 3052 1089 3119 natus,
1105 3065 1158 3105 noe
1172 3064 1289 3122 passus,
1306 3065 1358 3105 neo
1373 3046 1507 3120 sepultus
1517 3050 1577 3115 est,
1588 3062 1644 3123 nee
1657 3062 1731 3105 cum
1741 3045 1818 3121 Cirri-

113 3145 182 3201 ante
195 3141 252 3199 sibi
265 3140 441 3205 uidebantur
461 3137 673 3212 insuperabiles
695 3136 792 3205 verbo,
809 3120 971 3201 neesuiioG
993 3141 1039 3197 eto
1050 3137 1263 3211 partembeeta
1271 3124 1818 3213 resurrectionisobtinsbit.Quodmp·

111 3231 193 3289 vorin
207 3247 312 3305 genero
325 3246 412 3302 posse
435 3226 606 3301 constringi,
624 3227 778 3283 verborum
795 3223 937 3299 gravitate
990 3226 1113 3285 sterium
1127 3242 1186 3284 non
1201 3225 1278 3295 alias
1287 3228 1386 3298 potest
1399 3223 1587 3295 sanctificari,
1600 3222 1663 3285 ont
1677 3240 1831 3303 superse.

113 3320 312 3381 et-msnilssta
326 3318 377 3374 Dei
393 3318 501 3377 virtute
514 3316 556 3373 ite
569 3314 762 3388 obstupefacti
782 3316 935 3380 steterunt,
990 3318 1177 3375 crossnctum
1194 3314 1385 3389 aitare„quod
1396 3313 1432 3383 de
1448 3316 1525 3381 terre
1535 3304 1754 3391 sibidiominu's
1770 3330 1826 3389 pen

112 3409 340 3481 nonnunquam
357 3405 450 3463 ulium
465 3420 632 3463 sermonem
642 3403 938 3465 didicissentcontra·
991 3403 1258 3478 Moyseninstituit
1270 3402 1346 3476 lieri.¹
1786 3396 1790 3402 ’

113 3496 228 3557 dicendi
245 3511 252 3551 ι
269 3493 402 3568 mutique
417 3494 453 3550 ad
469 3493 569 3549 omnia
588 3492 644 3548 hoo
668 3489 763 3549 seium
780 3493 938 3564 potuerunt
1026 3494 1291 3564 Gonnuhia-autem
1309 3490 1417 3566 quihus
1433 3507 1572 3549 maressa
1586 3494 1673 3565 supi,
1680 3490 1819 3569 Dominus

113 3584 289 3658 respondere
303 3581 344 3638 ita
357 3581 414 3641 sihi
428 3581 530 3649 rideri,
547 3597 599 3637 nee
624 3579 680 3639 alio
702 3578 874 3639 christiano
890 3597 937 3637 sa·
992 3585 1021 3638 et
1035 3581 1173 3656 discipuli
1197 3582 1274 3662 ejus,
1288 3581 1449 3654 dnewmo
1472 3578 1612 3657 gentium-
1628 3584 1659 3657 ct
1670 3568 1818 3655 ¹licentiisuu

112 3672 185 3731 lutis
199 3687 318 3737 summa
342 3687 429 3744 posse
444 3669 604 3727 consistere
619 3686 709 3742 quem
723 3667 754 3725 in
769 3668 817 3725 his
828 3686 892 3742 qna
907 3668 937 3729 iu
992 3670 1083 3740 dedit,
1099 3676 1128 3727 et
1142 3670 1403 3745 legitimebsernere
1411 3667 1559 3751 institnit,
1565 3672 1655 3745 eta..

113 3759 433 3836 presentisepiseopus
443 3761 618 3816 enarrasset.
629 3759 672 3815 Ad
683 3774 757 3832 quos
767 3757 936 3831 episcopus:
1029 3760 1059 3817 Si
1074 3759 1255 3832 quissutem
1270 3763 1375 3831 contra
1385 3757 1461 3831 benc
1473 3754 1653 3831 catholicam,
1666 3754 1819 3833 institutio¹

112 3851 144 3909 si
159 3847 353 3922 haec„inqnit,
369 3847 412 3906 its
434 3864 498 3905 esse
513 3848 643 3918 creditis,
656 3846 836 3921 deponentes
849 3849 939 3903 tante
992 3866 1060 3913 nem
1075 3846 1209 3915 senserit,
1223 3852 1335 3907 sortem
1347 3847 1424 3918 inter
1435 3845 1537 3905 adeles
1547 3844 1658 3919 babere
1670 3848 1819 3921 neapole-

113 3937 505 4014 perfidiemincrsdulitstis,
521 3936 676 3995 nobiseum
698 3935 774 3993 hanc
802 3934 938 4001 heresim
992 3938 1039 3995 rit.
1055 3937 1165 3994 Verum
1180 3937 1251 4010 quia
1263 3936 1306 3998 illi
1322 3935 1381 4017 qni.
1395 3935 1482 4009 papio
1496 3935 1591 4009 [ente]
1603 3933 1747 4011 heretica
1758 3931 1820 4013 inii·

113 4045 192 4095 cnm,
203 4027 268 4103 suis
292 4027 472 4109 auctoribus,
488 4025 545 4082 nisi
560 4026 747 4100 resipuerint,
764 4025 938 4083 damnantes
992 4026 1111 4084 delitute
1125 4026 1310 4101 tenebantur,
1326 4024 1388 4095 beo
1402 4040 1467 4099 que
1482 4021 1739 4097 hatinaoretiono
1749 4022 1817 4099 dise

98 4116 370 4179 'excommunitata
387 4117 472 4172 Tune
484 4114 640 4189 episcopus
653 4118 683 4171 et
696 4130 798 4179 omnes
812 4113 863 4186 qui
887 4113 938 4177 ed-
992 4116 1187 4194 hantunnon
1207 4115 1279 4173 setis
1301 4112 1465 4187 intelligere
1492 4116 1642 4191 poterant,
1657 4112 1819 4187 auditaper

114 4209 197 4262 erant
212 4204 434 4276 abbatesatque
448 4203 658 4273 archidiaconi,
672 4203 827 4277 clerusque
842 4201 938 4267 oannis
992 4204 1182 4278 interpretem
1196 4202 1348 4285 vulgarem
1362 4192 1819 4277 excommunicationifisenten·

114 4292 214 4364 simul,
232 4293 345 4351 fauente
360 4291 479 4365 populo,
492 4292 534 4349 ita
547 4292 715 4366 incipiunt:
992 4293 1056 4367 tia],
1072 4292 1261 4372 expositaque
1276 4307 1365 4349 sacre
1380 4291 1448 4349 fldei
1469 4288 1667 4365 professione,
1681 4288 1748 4368 papi
1760 4292 1820 4346 soto

150 4383 231 4445 iisne
244 4378 462 4454 haeresimque
479 4380 565 4437 hodie
580 4384 681 4437 contra
695 4395 793 4437 veram
805 4378 939 4437 otcetho·
993 4400 1036 4453 se,
1050 4387 1080 4439 et
1095 4381 1173 4456 quod
1187 4381 1361 4438 damnatum
1377 4381 1472 4439 luerat
1486 4370 1822 4455 [abjuraretetquods

114 4471 203 4532 licem
216 4468 377 4531 heclesiam
392 4469 577 4543 conspirasse
592 4470 710 4533 invente
724 4473 851 4540 estque
862 4467 939 4525 uide·
953 4493 980 4559 n
993 4471 1130 4529 iideiibus
1146 4469 1290 4527 creditum
1305 4469 1405 4539 lueretss
1421 4469 1540 4535 erodere
1554 4484 1588 4525 se
1602 4464 1732 4545 proiospi
1745 4470 1819 4533 suot·

113 4558 379 4632 lieetbaptismum
399 4559 435 4615 ed
461 4557 637 4621 abluendam
665 4556 818 4633 originalis
846 4554 938 4631 culpes
978 4560 1342 4627 'Sedsdeonfirmsndum
1353 4557 1818 4632 ansidei-testamenment-

115 4646 661 4716 maculemetaetuaiiadeiietnnihil
675 4647 940 4721 prolaturumcon·
994 4649 1126 4724 quisque·
1149 4663 1250 4706 eorum
1280 4647 1310 4705 in
1340 4647 1462 4705 modum
1491 4646 1588 4703 crucis
1616 4642 1817 4719 hujusmodil

114 4737 227 4810 tendit„
242 4739 271 4794 et
297 4752 349 4810 per
376 4736 578 4809 poenitentiam
607 4739 727 4810 peccata
753 4751 946 4808 nequaquam.
995 4737 1154 4813 quemdam
1170 4736 1368 4807 characterem
1387 4735 1621 4815 conscripsitut
1634 4726 1695 4809 hoe
1707 4732 1768 4809 iliis
1780 4731 1822 4803 si:

115 4844 210 4902 posse¹
225 4825 347 4887 relaxari
377 4828 539 4898 profitetur,
561 4831 668 4898 siquae
684 4824 880 4893 sanctomitei
894 4839 940 4881 ec·
995 4843 1088 4902 gnam
1103 4825 1134 4882 in
1150 4828 1277 4893 extremo
1289 4825 1413 4898 judicio,
1430 4823 1457 4897 si
1471 4824 1559 4887 iidem
1573 4822 1819 4901 benesonantem,

116 4915 247 4985 olseium,
262 4919 292 4975 ot
313 4920 534 4974 sacrosanctum
563 4913 653 4971 altere
681 4918 769 4985 atque
798 4911 941 4970 Dominici
995 4917 1250 4990 representaretur
1268 4911 1508 4980 eud-salutemet
1528 4915 1634 4985 autem·
1652 4910 1819 4991 prprmrios·

116 5003 247 5076 corporis
260 5008 291 5061 et
305 5004 459 5078 sanguinis
473 5000 941 5065 sacramenwmnihilessesiiud
996 5010 1097 5075 rentur
1108 5001 1285 5084 semileret
1306 5002 1356 5065 eis.
1375 4999 1703 5077 inconfusionembie
1726 4999 1822 5076 itaque

117 5092 174 5149 nisi
199 5093 278 5163 qnod
302 5093 449 5167 corporeis
477 5091 570 5151 oculis
597 5091 738 5160 intuetur,
762 5096 792 5148 et
806 5092 861 5151 hoo
874 5096 941 5150 tun-
995 5092 1182 5173 omnes,‚1)‚eo¹
1202 5091 1313 5165 gratiss
1337 5091 1371 5157 ip
1397 5106 1561 5163 commupe,
1582 5088 1750 5167 reddentes,
1764 5080 1825 5153 ete,

117 5196 206 5254 quam
221 5181 277 5241 vile
293 5183 443 5255 negotium
458 5181 586 5256 respicit,
605 5184 634 5237 et
648 5197 713 5253 qus
728 5179 860 5257 legitima
874 5199 941 5241 con·
996 5185 1104 5242 domm
1120 5181 1257 5256 episcopo
1280 5179 1494 5237 benedictionis
1519 5194 1643 5249 munere
1667 5176 1817 5257 donatist

117 5268 209 5327 nubis
222 5268 338 5338 devitat,
355 5269 430 5327 hane
450 5275 479 5327 et
492 5286 595 5328 omnes
616 5268 667 5343 qui
689 5284 754 5327 eam
781 5270 946 5342 affirmant,
996 5273 1116 5339 dierunt
1129 5269 1253 5329 feliciter
1267 5269 1430 5343 inanest).

119 5357 297 5415 damnamus
311 5363 340 5414 et
354 5358 648 5419 anathematizemus.
665 5358 841 5417 Proiitemur
851 5359 940 5429 enim,

155 5465 194 5535 (i)
209 5464 265 5519 Les
278 5467 357 5522 actes
369 5464 408 5521 du
425 5466 538 5538 synode
549 5464 667 5549 d'Arras
681 5464 761 5523 n'ont
775 5482 829 5538 pas
842 5469 888 5524 ete
902 5469 944 5525 in·
997 5471 1131 5527 contente
1145 5466 1182 5525 de
1195 5464 1241 5523 ies·
1252 5463 1391 5538 indiquen
1404 5467 1422 5523 d
1433 5462 1553 5548 istabla
1566 5463 1609 5527 dn
1622 5466 1705 5523 mmo
1717 5458 1818 5533 Vilice

118 5537 210 5628 seres·
226 5535 301 5597 dens
327 5533 371 5595 ies
396 5536 524 5613 grandes
552 5536 732 5622 collectione,
767 5554 840 5606 arce,
855 5539 945 5626 qn’iis
997 5536 1321 5624 eotesontetddonnes
1335 5537 1487 5624 anpnpho
1521 5534 1604 5621 ηερ,
1621 5534 1654 5613 L,
1669 5529 1742 5614 d'to
1807 5570 1821 5621 ,-

119 5608 330 5739 neamentpiss
344 5622 448 5665 encore
471 5608 516 5665 ite
539 5607 664 5681 publres,
680 5602 721 5664 he
756 5608 942 5682 .iiardourn,
997 5612 1072 5697 dans
1097 5626 1149 5670 son
1176 5604 1332 5683 Specillpe,
1362 5604 1483 5668 tom.il
1524 5604 1642 5678 ,inin
1664 5609 1695 5665 et
1715 5604 1816 5670 iem-r

120 5678 192 5741 dont
208 5677 277 5737 ledi
301 5694 339 5740 en
362 5683 408 5741 est
430 5678 639 5757 percenseret
653 5677 724 5739 celio
738 5680 774 5741 de
788 5682 896 5755 bebba,
912 5701 944 5743 se
996 5680 1094 5743 rn·foi.
1798 5704 1802 5712 ·
