3900 6098
778 308 886 373 viss.

1629 299 1690 369 tut

84 448 157 510 iim‘l
169 449 313 525 Nunquid
328 448 397 507 dare
407 446 617 522 aliquisvaleat
631 444 802 522 seipsocha-
817 444 845 513 Α
862 462 927 502 rum
943 462 977 502 ac
992 448 1163 504 caeterorum
1179 463 1232 521 pru
1242 443 1357 506 Christo
1369 440 1691 518 taborumiireprehen·

85 542 174 617 njurii
190 558 262 616 ergo
279 558 342 597 mea
357 539 503 597 sententia
524 538 644 607 erimus,
662 537 686 594 si
710 537 747 593 ab
767 552 802 593 eo

85 649 172 707 psum
189 632 253 697 dat,
268 631 345 703 quod
360 630 415 686 sihi
429 634 473 685 est
488 629 684 703 prestantius,
696 627 804 699 impor-

85 722 219 795 ijeetiora
232 737 409 793 queramus.
427 718 523 774 Liceat
536 723 634 774 tortian
657 717 738 790 prius
753 733 802 771 ex-

85 813 99 869 ‚i
113 810 228 885 quibus
244 808 352 866 studiis
364 825 467 865 corum
478 806 747 864 exercitatal'ucriut
756 822 804 860 ne·

86 918 154 975 quar
170 900 208 966 si,
228 905 260 954 ut
284 897 410 970 expedit,
426 896 523 953 valere
546 894 802 966 constiteritque

85 1008 112 1046 rr
124 989 259 1065 gratuito
275 988 344 1043 darc
361 987 453 1058 parati
465 987 616 1042 sumusllt
631 1003 666 1041 no
680 982 803 1040 difficul-

85 1079 117 1137 ei
127 1077 345 1150 interposuisse
356 1075 634 1143 videamur,litteras
645 1074 693 1148 qui
707 1073 803 1128 adnos

85 1185 106 1226 e
121 1168 296 1224 desiderant
309 1165 505 1221 afferantHuc
516 1169 629 1220 tantum
641 1165 677 1219 ub
688 1162 803 1218 ciamu-

85 1256 253 1315 ritmateria
263 1254 490 1311 examinationis
503 1253 698 1326 exposcimus.
713 1274 726 1300 »
737 1250 802 1306 llaec

85 1345 254 1421 praemissor
267 1344 388 1400 diversa
404 1343 510 1406 atatis,
523 1348 552 1398 et
565 1341 710 1416 ingenuis,
727 1344 755 1395 et
769 1357 803 1394 ex

861 534 978 593 sibilans
993 552 1092 593 eoram
1109 536 1169 592 Deo
1179 541 1208 594 et
1218 530 1688 604 hominibusesbiberestudebat;

860 623 975 681 nullum
990 642 1044 682 nee
1059 625 1184 693 sibinen
1199 627 1266 685 aliis
1280 627 1476 685 familiaribus
1492 627 1605 682 secreta
1618 639 1692 695 pras·

859 715 960 771 sentin
975 732 1035 772 suae
1058 716 1294 789 frequentatibus
1317 735 1441 774 vacuum
1465 715 1502 772 ab
1526 727 1613 786 opere
1636 711 1690 770 Dei

857 809 976 878 tempus
991 821 1056 862 esse
1072 805 1198 879 patiens,
1214 824 1273 880 quo
1289 825 1347 865 non
1362 810 1413 865 aut
1429 803 1688 880 psalleret,oraret,

858 899 910 951 aut
925 894 1043 968 legeret,
1059 898 1112 950 aut
1135 895 1171 951 de
1197 895 1297 970 aliqua
1321 898 1446 954 utilitate
1470 889 1623 957 conferret,
1637 896 1691 950 aut

858 989 936 1041 certe
951 984 987 1041 dc
1001 1000 1091 1040 sacra
1107 985 1264 1057 Scriptura
1278 983 1493 1060 questionibus
1507 979 1687 1053 disputaret:

858 1075 887 1131 in
901 1074 1010 1148 quibus
1025 1072 1223 1131 dissolvendis
1238 1094 1328 1149 quam
1344 1075 1450 1141 alacer,
1467 1086 1556 1144 quam
1575 1069 1687 1143 efficax,

857 1179 947 1235 quam
962 1165 1118 1236 promptus
1133 1167 1196 1219 erat
1208 1168 1238 1220 et
1253 1166 1347 1223 facilis
1360 1163 1366 1219 l
1383 1164 1534 1220 Postremo
1556 1160 1586 1217 in
1607 1162 1690 1220 omni

858 1250 1093 1309 confabulatione
1108 1251 1182 1323 ejus,
1199 1253 1225 1308 si
1243 1255 1363 1326 quando
1380 1250 1469 1308 etiam
1485 1250 1597 1308 aseriae
1611 1256 1692 1309 esset

858 1342 898 1398 rei
916 1342 1011 1415 rigore
1025 1338 1277 1412 laxata‚quautam
1294 1341 1693 1416 dignitatem,quantamque

94 1435 235 1492 lleclesiae
249 1433 411 1506 progenitis
427 1429 747 1498 exhibebat,nonnullis
763 1428 803 1483 in·
854 1430 1072 1502 jucunditatum
1088 1429 1184 1485 inesse
1200 1428 1314 1502 liquido
1330 1432 1397 1486 erat
1410 1428 1563 1502 respiceret
1580 1431 1635 1506 qui
1649 1432 1701 1489 uix

85 1523 185 1581 rdditis
202 1529 307 1594 praeter
322 1521 470 1593 stipendia
492 1521 662 1589 bersellciis3
679 1537 746 1574 cum
767 1533 803 1572 ne
858 1538 925 1578 raro
940 1523 992 1577 aut
1006 1535 1157 1591 nunquam
1173 1518 1248 1583 cibo,
1266 1512 1312 1575 iel
1333 1533 1451 1587 somne,
1466 1518 1523 1578 nisi
1547 1527 1704 1597 quantum

85 1609 803 1685 imquidemminusintelligibilem:etatemquos
859 1604 1712 1688 nuturanecessitasrogeret‚indulserit.Scdquisomnia

101 1700 212 1759 indolis
227 1716 302 1766 esse,
318 1703 346 1754 et
368 1715 421 1770 pre
446 1702 532 1770 captu
559 1714 612 1753 suo
637 1696 743 1754 sciolos
767 1695 803 1750 ab
859 1701 939 1757 dieta
954 1698 1076 1771 ejus,vel
1090 1697 1167 1754 facta
1182 1699 1363 1751 memoratu
1378 1696 1521 1772 dignaret
1533 1705 1718 1768 erudislsgi.

85 1790 185 1865 gitatis
197 1805 258 1845 sue
270 1789 364 1859 Jalula
375 1786 542 1844 excluserit.
549 1785 672 1843 Talibus
687 1783 804 1859 pietatis
819 1827 842 1890 B
859 1809 929 1847 mus
944 1790 1019 1864 stylo
1034 1783 1403 1861 eornprehenderettndeo
1413 1793 1719 1870 meritissjusomnia

85 1877 196 1936 noticiis
211 1879 247 1933 ad
264 1894 395 1932 amorem
412 1876 502 1932 studii
523 1876 686 1932 multorum
712 1873 803 1930 animi

85 1972 182 2034 antur,
199 1970 228 2021 et
243 1964 402 2021 nonnullos
417 1964 467 2036 qui
484 1963 642 2021 mobilitati
669 1964 802 2021 animum

85 2061 120 2114 nt
134 2055 264 2111 vidimus
279 2061 313 2111 ad
333 2054 433 2110 studia
447 2070 613 2122 conversos
631 2057 728 2127 obque
745 2054 804 2108 im·

85 2150 143 2204 tem
158 2145 268 2201 laboris
281 2161 350 2200 cum
367 2143 553 2216 perfectionis
568 2144 664 2217 gratia
689 2162 706 2199 a
721 2146 803 2199 tauto

85 2252 107 2292 e
121 2235 294 2292 canonicam
311 2231 445 2288 lleclcsim
462 2232 568 2304 stipem
584 2237 747 2289 assecutos.

85 2341 134 2399 (X.
151 2343 188 2398 De
202 2339 351 2412 impendiis
375 2340 409 2393 ob
433 2354 463 2393 ea
485 2338 520 2393 ad
538 2339 662 2411 aedificio
676 2341 759 2407 dotis,
778 2346 804 2395 ct

215 2415 282 2470 ritae
299 2412 360 2483 ejus
377 2412 552 2482 perfectione.

85 2520 155 2561 uero
171 2501 196 2558 si
212 2502 258 2557 cui
273 2519 307 2557 ex
324 2500 401 2556 clero
418 2503 468 2554 aut
482 2498 569 2555 etiam
582 2517 616 2555 ex
631 2499 715 2556 luicis
733 2499 802 2556 mdi-

85 2609 163 2649 ruerc
178 2591 297 2648 unimus
306 2587 499 2655 esset,bileris
512 2587 802 2661 datorlargissimam

85 2699 149 2757 tque
164 2697 220 2737 mre
233 2679 412 2754 porrigendo
432 2694 552 2732 manum
576 2678 613 2733 ud
638 2678 667 2734 id
692 2678 803 2735 laboris

85 2771 166 2829 lebat
181 2769 298 2826 admitti
325 2771 551 2839 cooperatorem.
569 2768 650 2833 Quod
675 2784 728 2841 ego
751 2769 802 2824 bo·

84 2862 137 2934 jus
167 2858 271 2915 multis
306 2861 374 2913 anto
406 2860 434 2911 et
465 2860 530 2927 post
562 2854 732 2928 impensum
763 2857 803 2912 in·

87 2948 161 3007 mibi
192 2952 221 3004 ct
250 2965 309 3002 non
335 2944 467 3012 merenti,
497 2960 565 2999 eum
588 2945 803 3018 benignissime

85 3037 217 3112 rgiasime
232 3034 397 3092 exhibitum
414 3034 442 3088 in
459 3033 548 3089 simili
568 3050 737 3106 operosum
754 3053 801 3092 ex·

94 3125 243 3198 accipiens
260 3142 277 3180 a
292 3129 355 3179 tam
372 3123 510 3177 munifico
533 3121 672 3195 largitore
689 3142 798 3181 narinus

85 3232 190 3273 *rarum
206 3231 273 3269 oum
290 3212 357 3267 aiiis
373 3210 474 3266 multis
489 3212 524 3266 ad
541 3211 600 3266 bre
617 3212 800 3280 necessariis
817 3197 838 3263 C
857 3218 925 3273 cir.
943 3217 1036 3273 xxxi.
1054 3222 1093 3274 ue
1108 3218 1270 3273 terminer-te
1283 3216 1403 3290 corpora
1423 3215 1482 3288 ejas
1496 3215 1685 3274 absolutione.

85 3322 111 3360 tn
129 3299 801 3375 multopostnilsperanti,quippcquiuimium

85 3393 213 3459 uissem,
231 3388 426 3446 mediocritati
449 3406 519 3444 meae
540 3405 703 3461 congruum
728 3391 802 3447 satis

85 3481 212 3555 ·udjesit
226 3479 414 3536 beneficium.
432 3478 537 3534 Parum
562 3482 607 3533 ost
630 3479 708 3549 quod
725 3479 801 3547 dico,

98 3570 281 3627 memorabo.
296 3568 437 3623 Miserum
461 3583 518 3634 me,
532 3565 579 3621 vix
598 3566 680 3622 fateri
696 3569 800 3636 audeo,

85 3678 100 3718 e
115 3658 360 3731 indignissimum
376 3661 404 3711 ot
418 3655 588 3711 confusione
604 3653 724 3726 plenum
740 3656 802 3713 dul-

85 3770 90 3806 »
115 3747 167 3805 illo
191 3765 245 3803 suo
269 3744 436 3803 excellentis
462 3743 589 3801 scientim
611 3747 640 3800 et
660 3744 802 3818 elegantis

110 3838 173 3898 sele
188 3837 305 3894 condito
327 3835 498 3908 dignaretur
512 3834 652 3907 alloquio,
669 3852 802 3892 nonnun-

85 3922 800 3996 ›salmodiaeetorationisnonrepellcbarsecrct03

85 4016 165 4093 ipius
177 4019 288 4089 quanto
304 4012 443 4079 solitarie,
458 4017 537 4068 tanto
562 4013 663 4068 devote
674 4018 759 4070 noete
773 4018 802 4069 et

85 4106 137 4165 soli
152 4107 213 4163 Deo
237 4105 266 4160 in
282 4101 464 4160 orationibus
478 4118 579 4159 vacare
593 4101 697 4158 solitus
712 4107 800 4158 esset.

85 4212 113 4254 aa
126 4195 216 4253 certis
231 4194 261 4249 in
276 4192 462 4248 hebdomada
477 4190 566 4256 feriis,
578 4188 621 4246 vol
638 4195 713 4246 certe
721 4192 802 4262 jeju·

85 4303 90 4341 ι
113 4288 247 4357 tempore
276 4298 311 4337 ex
338 4281 550 4337 consuetudine
576 4278 699 4336 solemni
720 4280 802 4335 nulla

85 4390 105 4430 n
119 4372 227 4431 hiemis
251 4373 426 4442 tempestate
450 4370 624 4435 retardatus,
639 4368 802 4440 patrocinia

85 4464 177 4521 nudus
192 4465 364 4519 sanctorum
381 4457 538 4527 circuibat,
556 4474 623 4514 cum
638 4457 714 4512 inter
729 4473 800 4513 euu-

859 1882 1005 1938 minorata
1019 1882 1098 1949 sunt,
1112 1893 1176 1952 quae
1190 1875 1226 1930 de
1239 1874 1333 1928 tauto
1356 1877 1418 1938 viro
1433 1881 1557 1959 elinguis
1572 1890 1719 1961 prauitas

858 1975 961 2027 nostra
975 1969 1021 2027 vix
1038 1968 1147 2026 sufficit
1162 1962 1324 2038 explicare.
1348 1967 1405 2026 Sed
1430 1976 1459 2030 et
1480 1974 1539 2032 alia
1562 1994 1637 2050 quae
1652 1981 1715 2043 diei

857 2063 980 2133 possent
1005 2060 1041 2116 de
1064 2059 1123 2117 rita
1148 2049 1301 2130 pontilicis
1317 2060 1418 2116 nostri
1433 2062 1579 2139 insignia;
1597 2084 1666 2140 quae
1684 2076 1711 2131 si

857 2166 1031 2208 enumerare
1044 2148 1167 2206 velimus
1173 2163 1224 2219 per
1232 2142 1500 2225 singulariorum
1508 2153 1706 2232 breviarium,

858 2242 892 2293 ut
907 2238 1030 2311 polliciti
1045 2254 1161 2303 sumus,
1177 2237 1227 2293 sed
1257 2238 1412 2309 proposito
1427 2243 1571 2304 maiorem
1588 2245 1703 2306 codicis

857 2327 1040 2386 incurrimus
1055 2326 1266 2400 quantitatem
1283 2342 1317 2382 ac
1334 2328 1359 2384 si
1371 2329 1423 2404 qui
1438 2331 1700 2404 stagnantislacus

858 2434 949 2490 parva
963 2417 1052 2476 lintre
1066 2417 1193 2473 nimium
1213 2431 1336 2474 securus
1360 2418 1457 2492 pergit
1478 2419 1605 2491 sulcare,
1622 2423 1695 2481 dum

857 2507 962 2576 nescit,
978 2506 1081 2564 vicinis
1094 2507 1220 2580 equoris
1236 2507 1404 2564 metuendis
1424 2508 1602 2566 absorbetur
1615 2512 1694 2568 asti·

858 2595 925 2663 bus,
942 2601 1000 2653 ata
1014 2595 1120 2653 mediis
1135 2594 1274 2670 periculis
1290 2599 1358 2668 post
1377 2596 1499 2654 dorsum
1517 2598 1692 2671 respiciens,

857 2701 924 2742 sero
937 2684 1135 2743 reminiscitur
1149 2701 1257 2756 magna
1267 2683 1364 2756 parvis
1380 2686 1492 2741 tentare
1500 2684 1691 2743 adminiculis

857 2778 974 2845 quante
990 2773 1078 2831 fuerit
1093 2771 1336 2831 temeritatis.Sed
1349 2775 1468 2847 praestat
1483 2772 1689 2843 interim,dum

857 2863 946 2919 resin
963 2861 1176 2935 tranquillitate
1191 2859 1427 2931 sunt,adlittoris
1438 2860 1523 2919 sinus
1537 2861 1689 2921 clavofra·

856 2950 946 3023 gilem
962 2950 1092 3014 lembum
1109 2950 1267 3019 reflectere,
1284 2966 1320 3006 ne
1343 2949 1367 3006 si
1383 2950 1462 3021 quod
1478 2950 1554 3007 vires
1569 2953 1689 3009 excedat

855 3040 1077 3108 tentaverimus,
1094 3056 1152 3095 non
1169 3044 1228 3095 tam
1245 3054 1365 3095 cursum
1381 3039 1531 3111 agarenae
1547 3038 1687 3097 fluctibus

857 3128 1065 3186 miserabiliter
1079 3128 1163 3184 obrui
1178 3128 1340 3184 videamur.

893 3306 1114 3378 [Pretermissis
1129 3305 1186 3379 (34)
1200 3304 1300 3378 igitur,
1311 3309 1344 3361 ut
1358 3303 1470 3361 dictum
1486 3308 1540 3374 est,
1550 3303 1686 3378 pluribus

856 3398 917 3450 tam
942 3394 1029 3452 dictis
1052 3411 1141 3467 quam
1166 3395 1251 3450 lactis
1275 3393 1409 3466 ejusdem
1434 3393 1608 3452 venerabilis
1631 3393 1684 3451 viri

857 3483 1017 3540 admodum
1033 3488 1196 3539 memoratu
1211 3481 1320 3555 dignis,
1332 3481 1458 3561 termino
1473 3481 1580 3538 charta
1595 3482 1684 3540 linem

856 3571 920 3627 vite
937 3573 1001 3644 ejus
1015 3571 1160 3646 explicare
1174 3572 1419 3643 studeamusque
1435 3575 1528 3628 morte
1543 3569 1684 3628 bomohic

856 3661 908 3717 Dei
923 3665 1038 3718 terrena
1060 3659 1208 3733 linquens,
1225 3658 1354 3717 celestia
1378 3664 1546 3733 penetrans,
1563 3658 1685 3718 feliciter

857 3749 958 3819 exivit,
970 3755 999 3806 et
1014 3765 1133 3823 gregem
1149 3748 1264 3806 Domini
1286 3747 1434 3805 insolubili
1450 3764 1572 3807 moerore
1584 3749 1683 3807 confe-

856 3842 937 3895 ctum
953 3838 1180 3896 suavissimasui
1194 3837 1698 3916 prasentiaegregiuspusterdeso-¹

856 3926 1029 3992 larittluem
1042 3927 1161 4000 quidem
1175 3926 1404 3999 omnipotentem
1416 3926 1510 3983 Deum
1525 3928 1562 3983 ab
1576 3944 1610 3983 eo
1620 3944 1684 4001 pre-

856 4017 940 4073 cibus
956 4021 1106 4073 exoratum
1125 4030 1200 4083 eme,
1218 4030 1302 4071 nemo
1328 4014 1378 4086 qui
1401 4013 1492 4071 vitam
1516 4015 1580 4086 ejus
1603 4016 1684 4072 novit

855 4105 996 4178 ambigat,
1012 4122 1080 4160 cum
1096 4104 1150 4160 hoo
1173 4108 1201 4160 et
1216 4104 1382 4175 frequentes
1397 4102 1425 4159 in
1441 4103 1572 4160 oratione
1598 4107 1683 4160 testa·

856 4199 958 4250 rentur
973 4192 1149 4266 lacryment
1163 4192 1226 4264 ipse
1242 4190 1615 4265 communinonnunquam
1626 4191 1683 4248 ser}

857 4298 942 4337 mone
966 4297 1033 4337 cum
1060 4280 1106 4336 bis
1130 4280 1182 4353 qui
1206 4278 1262 4336 sibi
1286 4278 1462 4337 familiarius
1484 4279 1680 4351 adherebant,

856 4388 949 4440 annos
964 4387 1034 4427 suos
1048 4387 1081 4425 so
1096 4366 1476 4441 sidierummalitieplenos
1487 4368 1681 4436 siteausatus,

855 4461 943 4515 etiam
958 4465 1075 4530 tempus
1090 4476 1154 4515 esse
1169 4475 1227 4529 quo
1243 4456 1387 4514 infelicem
1403 4462 1520 4515 exueret
1531 4455 1681 4514 homiuem

85 4567 176 4624 smper
191 4551 377 4621 eleemosyna
387 4546 488 4618 ejusin
498 4546 802 4602 manuseeumdeum-
817 4565 840 4630 p
856 4549 894 4604 sit
908 4549 1232 4622 protestatus].Saxtum
1246 4549 1282 4602 ab
1296 4545 1481 4604 ordinatione
1496 4563 1550 4604 sua
1564 4546 1595 4603 in
1609 4546 1683 4621 regi·

85 4640 107 4697 is
120 4641 288 4705 desudaret,
304 4638 395 4693 donec
411 4640 573 4692 occurreret
589 4634 635 4690 cui
658 4653 692 4690 ea
714 4634 801 4690 etiam

85 4730 119 4786 uti
140 4734 282 4817 tanqupm
309 4725 424 4782 Christo
452 4724 694 4781 cornrnittoretur.
719 4723 801 4779 liele-

85 4834 161 4876 tucro
170 4819 429 4890 boraquaeunquc
441 4817 631 4886 parataeraut
640 4812 800 4885 pulmenta,

85 4907 225 4977 epulatum,
242 4905 333 4962 nullis
349 4903 503 4961 reservatis
515 4903 564 4974 qui
579 4901 624 4958 rel
637 4920 654 4957 a
668 4919 710 4968 se,
726 4902 770 4957 vel
786 4921 803 4960 a

93 4993 337 5052 discumbentibus
352 5011 385 5049 co
401 4993 447 5048 die
462 4992 574 5048 conieci
598 4995 741 5063 poterant,
759 4992 802 5049 vel

85 5080 216 5141 sitissimis
236 5085 321 5151 cibis,
346 5082 446 5138 omnia
467 5098 628 5153 pauperum
654 5082 801 5138 alimentis

85 5168 211 5228 rebantur.
224 5174 329 5244 Sicque
344 5187 451 5227 manus
466 5168 718 5241 eleemosynarum
734 5188 801 5227 cum

85 5251 192 5314 iirotiva
212 5259 401 5332 castigatione
417 5258 569 5314 charitatis
595 5258 660 5330 igne
685 5276 802 5314 conere-

94 5341 124 5396 ud
136 5346 212 5405 celos
226 5351 389 5406 orationum
407 5347 520 5402 levabat
542 5351 683 5402 aromata.
700 5348 802 5412 Quoti-

85 5442 117 5482 ¹111
127 5447 187 5490 sone
207 5437 453 5494 conversationum
479 5453 563 5492 suam
589 5438 804 5507 perseverantia

85 5528 251 5584 nusiamento
260 5527 341 5598 jugis
354 5524 678 5597 abstineptiu,potoutia
694 5525 803 5598 vigilie-

85 5600 98 5669 tl
111 5601 184 5665 tucis
197 5612 303 5671 inclusa
318 5617 347 5672 in
362 5615 448 5671 oditis
464 5609 522 5671 rien
538 5602 715 5687 comparent.

858 4638 937 4693 mine
949 4637 1134 4709 episcopatus
1151 4635 1255 4708 agebat
1268 4652 1390 4702 annum,
1402 4640 1441 4705 ot,
1452 4639 1484 4692 ut
1498 4634 1611 4693 dietum
1625 4639 1680 4703 ost,

857 4723 1683 4798 fidelissummipatrisfamiliasdispensuuprsuaquibus-

857 4833 914 4887 quo
930 4814 1195 4882 rcddcbut,servata
1210 4810 1681 4886 diligentissimamomnibusdis·

856 4902 981 4977 ciplina;
997 4920 1065 4959 cum
1092 4901 1315 4975 superveniente
1339 4899 1537 4974 apostolorum
1561 4900 1637 4957 Patri
1653 4904 1683 4957 et

857 4992 938 5049 Pauli
955 4991 1150 5058 solemnitate,
1153 4990 1306 5062 jucundus
1320 4989 1452 5063 ipsorum
1467 4988 1600 5047 interfuit
1610 4987 1680 5062 vigl-

856 5081 1076 5154 liis,n1issisque
1089 5079 1178 5153 priori
1192 5084 1222 5136 et
1236 5084 1353 5152 postera
1367 5079 1413 5135 die
1428 5077 1682 5136 solemnitereele·

857 5171 949 5226 bratis
964 5169 994 5226 iu
1010 5167 1196 5241 singulorum
1212 5167 1351 5236 eeclesiis,
1369 5167 1399 5223 in
1420 5166 1539 5224 illorum
1563 5167 1681 5226 servitio

858 5257 1007 5332 religionis
1031 5257 1120 5312 finem
1145 5257 1301 5329 accipiens,
1317 5273 1368 5329 per
1391 5272 1465 5330 ques
1487 5255 1574 5313 beatu
1589 5260 1683 5313 mater

857 5348 986 5405 Ecclesia
1001 5345 1149 5419 roligionis
1166 5346 1294 5420 sumpsit
1308 5346 1470 5415 exordium,
1487 5346 1522 5402 ad
1548 5362 1680 5403 mensam

858 5437 972 5494 rediens
987 5435 1064 5492 inter
1078 5436 1283 5508 prandendum
1302 5435 1399 5509 primo
1422 5439 1560 5504 tremore,
1575 5435 1680 5492 deinde

858 5526 937 5600 gravi
953 5528 1047 5581 tactus
1062 5528 1105 5581 est
1120 5523 1291 5590 calore.0uo
1306 5525 1417 5582 catoris
1433 5525 1543 5582 sensim
1558 5524 1680 5581 artubus
