3884 6084
124 278 202 345 test
255 276 269 357 ’,
408 292 415 299 “
661 279 860 347 BERNONIS
882 280 1048 345 aeaerls
1070 278 1290 344 AUGillNSlS.
1757 280 1836 345 rese

118 414 247 479 tissime,
263 414 352 471 seme
368 412 697 489 aspiratusmunquam,
710 417 749 474 sit
762 420 861 491 posset
875 415 950 485 fleri,
965 416 992 484 Α
1008 417 1186 489 quandoque
1195 414 1305 489 pertrui
1312 413 1833 488 mererenturvisionelledemptoris.

117 504 337 575 jucundissima
360 504 466 560 harum
495 504 669 562 assiduitate
696 505 802 563 vellem
832 504 948 579 privari.
1040 505 1071 561 ln
1087 505 1177 578 hujus
1191 505 1291 578 itaque
1305 504 1385 579 pacis
1398 505 1497 563 studio
1511 505 1585 562 dum
1606 504 1745 561 animum
1771 518 1834 562 ses-

122 593 195 650 Hinc
210 593 282 649 mihi
302 592 364 649 dics
380 597 539 667 noctesque
562 593 615 650 tali
643 594 779 653 astuanti
805 593 950 653 desiderio
1004 597 1083 651 trum
1097 600 1162 652 turn
1178 593 1353 668 populorum
1371 595 1458 663 tama,
1473 610 1543 651 oum
1558 593 1628 668 ipsa
1638 607 1742 650 rarum
1757 609 1835 668 eaps-

120 680 203 738 nnlla
217 697 264 738 res
280 680 429 755 refrigerio
442 698 508 739 esse
524 682 630 755 poterit
644 682 710 752 elia,
723 682 781 738 nisi
794 681 857 741 sola
870 685 950 755 opta-
1003 682 1267 751 rientie‚intentnm
1282 699 1347 740 esee
1360 683 1562 757 cognovimus,
1574 680 1834 759 immensaslsrgi.

119 768 227 826 tissimi
242 769 341 826 vultus
356 769 399 825 tui
415 771 578 843 prasentia.
591 772 684 836 Onam
695 771 764 844 quia
779 787 837 827 non
849 788 948 828 coram
1003 772 1059 828 tori
1074 771 1208 830 omnium
1223 772 1334 846 gratias
1359 773 1524 843 referimus,
1547 772 1671 846 quiade
1693 771 1833 831 virtutum

120 874 243 930 nequeo,
258 857 362 915 sallem
377 860 564 931 presentium
581 860 745 916 litterarum
760 861 856 918 officio
878 859 950 917 inte·
1002 865 1165 918 vestrmum
1177 860 1521 934 prolectatantouberius
1532 860 1735 936 gratulamur,
1746 876 1834 934 quen-

120 947 175 1003 rim
195 946 303 1014 saluto,
319 947 454 1021 interque
469 948 621 1006 charitatis
637 949 760 1006 vulnera
783 950 947 1022 (vulnerato.
1001 953 1032 1006 to
1047 966 1099 1023 per
1112 966 1185 1006 verae
1202 950 1355 1007 charitatis
1365 949 1500 1008 ellectum
1512 950 1720 1007 mentivestrsr
1730 949 1836 1015 ceretius¹

118 1034 216 1108 inquit
229 1036 353 1111 Sponsa,
363 1039 500 1094 ctoritate
514 1054 561 1111 eqo
573 1043 645 1108 eum)
660 1038 864 1111 hujuscemodi
879 1054 948 1095 voce
1002 1038 1127 1096 amando
1143 1037 1326 1112 colligamur.
1343 1039 1425 1096 Unde
1439 1038 1830 1113 perhesbeatitudinemse

118 1128 185 1181 ntor
198 1142 266 1181 cum
279 1125 458 1183 Psalmista:
477 1127 542 1195 Quis
562 1127 639 1185 debit
655 1129 729 1184 milri
748 1144 854 1200 pennos
875 1129 948 1184 sicat
1001 1126 1830 1195 stramlitterasnimiumsalutantes,sollicitecuravimss

116 1214 251 1273 cohtmdae
264 1222 291 1273 et
304 1215 397 1272 volabo
411 1219 439 1273 et
452 1216 639 1289 requiescam?
654 1218 716 1283 Quo
732 1216 789 1273 nisi
809 1217 865 1273 sub
881 1233 945 1273 um·
1001 1216 1168 1283 admonere,
1186 1219 1331 1290 quatenus
1347 1218 1457 1274 honum
1472 1217 1646 1290 pacis,qnod
1663 1217 1791 1275 extenm
1802 1217 1829 1275 in

116 1302 170 1360 bra
184 1302 323 1360 culminis
338 1304 406 1360 tui?
421 1304 472 1361 ubi
487 1306 592 1362 sicum
607 1305 821 1378 passeribus,id
836 1308 945 1374 est,ve-
1000 1305 1111 1361 mundo
1129 1305 1293 1362 necessario
1307 1304 1406 1379 agitis,
1421 1305 1501 1362 eirea
1521 1304 1829 1379 domesticosqueqne

116 1391 157 1448 ris
172 1391 281 1450 Christi
295 1392 485 1465 pauperibus,
502 1411 580 1450 nunc
596 1394 774 1451 nidificando
785 1395 946 1467 requiesce-
1000 1393 1067 1450 lldei
1083 1394 1120 1450 ob
1133 1394 1262 1467 quietem
1277 1409 1429 1451 servorum
1445 1398 1474 1452 et
1488 1393 1667 1451 ancillarum
1691 1394 1742 1451 Dei
1761 1394 1827 1453 inte

116 1497 189 1549 rem,
206 1497 252 1536 me
264 1482 442 1554 quandoque
457 1499 602 1539 cneorum
613 1483 946 1540 numeroluturumesse
999 1482 1062 1539 rius
1075 1499 1208 1540 exercerc
1223 1499 1281 1540 non
1298 1483 1531 1557 negligentiaque
1554 1499 1608 1556 per
1623 1484 1759 1557 ipsorum
1773 1499 1827 1541 me-

116 1585 175 1625 non
189 1568 377 1642 desperarem
393 1572 428 1626 dc
444 1571 554 1644 quibus
569 1573 660 1628 isaias
675 1570 805 1644 loquitur
819 1571 919 1629 dicens
936 1589 944 1629 t
999 1571 1055 1627 rita
1069 1572 1308 1629 intercessionem
1320 1571 1826 1646 quandoquepervanirevalestissd

115 1659 211 1714 Sancti
224 1660 273 1730 qai
286 1668 397 1730 aperient
413 1661 440 1714 ie
458 1660 571 1717 lloosino
582 1661 725 1717 mutabant
742 1660 943 1732 fortitudinem,
998 1677 1089 1734 regna
1104 1661 1249 1734 polorum.

63 1805 66 1809 ,
114 1754 254 1803 assument
266 1763 370 1820 persnas
385 1757 416 1805 et
431 1750 678 1822 oqeilaeeolotunt
691 1759 716 1807 et
737 1767 794 1806 noe
808 1751 941 1822 deficient.
1034 1749 1090 1806 Sed
1106 1749 1165 1805 haec
1181 1749 1297 1806 interim
1309 1749 1663 1808 omittentesintimamus
1676 1749 1824 1823 quanolvis

114 1840 153 1893 lte
169 1837 532 1911 quorumcollegiotu,qui
548 1855 579 1894 es
608 1839 942 1896 dulcedecusnostrum
997 1839 1149 1910 adjaceant
1173 1837 1437 1894 incommoditates.
1463 1839 1537 1895 Nem
1561 1839 1707 1897 noveritis
1730 1838 1824 1897 multis

114 1925 876 2005 omniumquediademamonachorumindubitanter
887 1929 944 1985 exi·
997 1927 1169 1984 emulorum
1185 1926 1301 1984 insidiis
1315 1943 1370 1984 noe
1384 1931 1492 2001 patere,
1515 1927 1567 2001 qni
1583 1928 1709 1985 omnino
1723 1928 1824 2002 quietis

113 2019 205 2083 stans,
218 2015 279 2088 jam
295 2014 402 2089 spretis
417 2016 521 2073 mundi
538 2017 627 2089 hujus
638 2017 803 2086 desideriis,
812 2034 880 2074 cum
895 2016 942 2075 hia
996 2020 1101 2072 nostre
1116 2016 1214 2074 studio
1230 2016 1372 2084 invident,
1389 2017 1430 2072 ita
1453 2022 1486 2072 ut
1509 2015 1591 2075 omni
1606 2016 1683 2075 artis
1709 2017 1823 2092 ingenie

114 2105 149 2161 de
164 2105 273 2177 quibus
289 2106 460 2161 dictumest
476 2123 483 2160 ι
499 2107 583 2163 ibunt
597 2107 629 2162 de
640 2109 740 2163 virtute
755 2108 786 2163 io
801 2108 941 2175 uirtutem,
996 2103 1184 2175 elaborent,si
1199 2122 1257 2178 quo
1267 2105 1354 2161 modo
1369 2104 1434 2178 pias
1449 2121 1483 2160 ac
1497 2104 1654 2178 religiosas
1668 2105 1756 2180 regia
1771 2122 1824 2162 sns-

113 2193 314 2250 iortitudinem
330 2195 450 2250 mutasti
459 2195 523 2265 jam
539 2194 723 2268 velutaquila
733 2195 940 2263 reviviscendo,
991 2194 1109 2265 jestatis
1124 2211 1210 2251 eures
1225 2193 1366 2251 simistris
1381 2192 1550 2251 rumoribus
1560 2194 1599 2251 da
1611 2195 1824 2253 nobisnoetris»

113 2281 241 2354 sumptis
253 2282 394 2336 virtutum
410 2283 516 2354 pennis
531 2284 568 2338 ad
585 2283 644 2339 alta
657 2283 833 2349 volasti,nec
849 2285 878 2340 in
896 2285 941 2340 in·
996 2298 1052 2355 que
1067 2283 1235 2339 mentiendo
1250 2282 1729 2357 possintinlicere,etquiddamde
1741 2284 1823 2341 rebus

114 2370 253 2426 firmitate
267 2386 405 2442 corporea
419 2371 567 2440 deficiens,
585 2372 634 2428 sed
652 2372 751 2445 polius
774 2390 842 2428 curn
865 2375 941 2446 Apo·
995 2372 1032 2427 ed
1045 2377 1180 2428 nostrum
1196 2372 1823 2445 usumpertinentibusquoquomodointes·

113 2457 188 2514 stolo
212 2457 368 2531 proficiens
392 2463 420 2514 et
441 2458 557 2516 dicens:
583 2461 697 2529 Quaado
716 2462 852 2532 ierfirsnor,
877 2466 942 2518 lunc
995 2460 1100 2533 cipere,
1117 2465 1150 2517 ut
1163 2461 1246 2517 vobis
1261 2478 1295 2517 ex
1309 2465 1392 2534 parte
1406 2460 1726 2517 constatmaniiestum
1742 2476 1820 2529 esse,

111 2549 212 2621 sortus·
223 2551 331 2603 conatii
346 2547 416 2619 quia
431 2546 511 2604 illius
531 2548 634 2605 divinae
651 2550 940 2623 promissioniscom·
995 2551 1033 2618 et,
1050 2550 1129 2622 qnod
1150 2543 1268 2623 gravius
1290 2549 1359 2606 imis
1383 2549 1528 2606 viseerum
1555 2549 1697 2623 suspiriis
1721 2549 1820 2606 estin·

112 2654 166 2711 pos
177 2636 302 2694 existere
317 2636 461 2703 meruisti,
477 2654 541 2709 qua
556 2638 628 2693 dicit
643 2655 650 2694 :
666 2639 814 2696 Seeetollum
829 2646 941 2712 teeepar
995 2638 1227 2711 gemiscendnm‚
1244 2638 1274 2695 hi
1289 2638 1435 2712 praecipue
1456 2638 1486 2693 in
1508 2638 1562 2695 hae
1586 2642 1672 2712 parte
1689 2637 1821 2695 videntur

111 2725 286 2784 altitudinem
300 2732 565 2797 torrmmeqnaeso,
575 2727 611 2783 ed
627 2731 655 2784 te
671 2727 712 2784 sic
727 2728 940 2786 exclamantem
994 2728 1151 2798 notabiles,
1166 2729 1217 2801 qui
1233 2729 1289 2784 sub
1304 2727 1407 2784 habitu
1421 2728 1617 2785 venerationis
1639 2726 1818 2802 specietenus

111 2814 215 2874 exaudi
233 2832 240 2870 :
262 2815 354 2873 d'rolre
366 2830 410 2870 me
422 2822 482 2886 poet
507 2824 542 2883 te,
570 2821 717 2889 quatenus
729 2817 759 2873 in
782 2819 869 2875 odore
884 2835 939 2875 un·
994 2817 1180 2889 pretendunt
1195 2817 1320 2874 formam
1336 2816 1512 2873 sanctitatis.
1536 2816 1621 2883 Ouia,
1644 2814 1670 2873 si
1686 2816 1818 2873 veradler

111 2908 287 2979 guentorum
302 2908 421 2960 tuorum
439 2920 485 2960 me
500 2910 645 2973 currente,
660 2905 712 2963 illa
723 2906 890 2964 haereditate
901 2911 941 2963 te·
993 2922 1095 2962 eornm
1108 2904 1247 2962 interiora
1259 2921 1374 2962 morum
1390 2905 1534 2978 probitate
1548 2904 1746 2963 exterioribus
1757 2920 1817 2962 con·

111 3011 178 3059 enm
196 3009 309 3050 merear
323 2992 502 3066 participari,
519 3011 608 3066 quam
633 2995 776 3052 Dominus
801 2996 939 3069 dignatus
993 2995 1158 3063 cordarent,
1175 3010 1363 3068 nequaquam
1376 2992 1535 3066 adhucper
1548 2992 1657 3050 vitium
1672 2991 1816 3050 seculod·

111 3083 222 3140 esttibi
239 3080 368 3156 polliceri
385 3098 391 3138 :
408 3083 443 3138 Et
457 3082 526 3139 dolo
554 3084 615 3151 tili,
631 3083 737 3158 inquit,
754 3085 938 3142 teredinem
993 3082 1061 3139 dem
1077 3082 1350 3139 servarentverum
1365 3083 1569 3155 cujuscunque
1584 3081 1647 3138 sint
1660 3079 1812 3139 ordinisve!

23 3211 26 3215 -
110 3172 192 3232 tacco
204 3173 292 3245 patrie
307 3173 359 3227 tui.
950 3157 972 3225 G
990 3169 1460 3240 conditionis,callidaaeinimicre
1478 3187 1580 3226 eorum
1588 3169 1811 3245 tergiversationi

409 3277 577 3334 qpngqqaq
598 3278 632 3336 ῃ,
991 3259 1177 3332 providentia
1187 3263 1288 3316 vestra
1304 3258 1438 3333 clypeum
1453 3258 1605 3315 humiliter
1627 3259 1755 3332 petimus
1767 3275 1809 3332 op·

110 3386 147 3426 sn
167 3384 302 3425 senonens
321 3383 375 3423 ssu
394 3380 527 3423 senonens
556 3384 805 3425 ancnrerrscovuns
826 3386 937 3426 nacon·
991 3347 1070 3421 imnis
1087 3347 1256 3420 nequidem
1273 3351 1334 3403 ⁰¹¹oe
1357 3346 1488 3420 maligna
1513 3348 1710 3421 n⁰⁸¹121²¹lmd
1728 3348 1808 3405 ⁰⁰ffll·

431 3454 615 3496 suanensem.
992 3454 1063 3492 num
1080 3440 1212 3492 nostrum
1228 3437 1321 3510 possit
1335 3435 1400 3492 laedi
1415 3435 1593 3493 innocentia.

112 3545 274 3601 gramma,
287 3546 315 3601 0,-
323 3560 419 3616 pacem
433 3546 553 3616 impegi,
568 3545 792 3620 emmam,
803 3556 937 3605 mom,
1027 3525 1169 3580 Caetorum
1185 3525 1214 3579 in
1229 3523 1806 3599 hujusschedulucolcenostrampamm

147 3618 187 3672 rii
199 3618 245 3671 eui
260 3632 311 3681 res,
327 3632 359 3670 oc
373 3616 482 3687 rcqelce
496 3618 679 3690 episcopatem
692 3627 785 3676 sancte
804 3620 937 3676 maine·
992 3631 1054 3687 per,
1071 3630 1254 3686 quesumus,
1269 3613 1491 3670 animadvertite
1506 3614 1804 3681 commonitorium,ct·

148 3686 241 3744 ‘milli'
253 3688 376 3759 eximiii·
993 3704 1019 3760 si
1035 3703 1134 3760 minus
1150 3702 1321 3775 eloquentia
1338 3701 1424 3759 melle
1448 3702 1596 3776 sapidum.
1622 3703 1719 3760 Nimio
1740 3701 1803 3759 enin

31 3866 37 3871 -
147 3793 271 3851 Domino
285 3792 450 3867 apostolica
462 3793 615 3867 dignitatis
631 3794 711 3868 apice
732 3794 890 3853 sublimato
904 3798 936 3853 G.
992 3790 1079 3848 vestri
1094 3791 1202 3847 amoris
1218 3791 1285 3863 igne
1300 3790 1531 3860 succensi,dulce
1541 3790 1803 3849 habemusvestrsm

112 3882 387 3956 Parthenopoliteno
411 3883 640 3958 archiepiscopo,
666 3889 697 3940 B.
715 3884 763 3941 [tei
788 3884 889 3942 Matris
905 3902 939 3942 ac
993 3879 1803 3953 diutiuselerrnntiamamri.utpoteeujusJucundissinr

111 3971 240 4046 Virginis
256 3988 366 4040 servus,
384 3971 493 4027 intime
510 3972 671 4030 devotionis
691 3972 814 4042 cultum,
831 3974 939 4047 persec-
994 3969 1140 4027 memoriae
1155 3969 1285 4025 suavitas
1300 3986 1335 4025 ex
1347 3969 1442 4043 primo
1455 3968 1632 4043 cognitionis
1639 3974 1741 4027 nostra
1748 3973 1803 4024 tem·

110 4065 205 4135 taque
219 4060 288 4117 iidei
301 4059 469 4132 integritate
485 4061 634 4130 retortum,
993 4076 1062 4132 pore
1077 4076 1095 4115 a
1110 4057 1211 4115 tabula
1235 4058 1331 4115 cordis
1354 4058 1447 4115 nostri
1470 4056 1552 4114 nullo
1575 4057 1732 4115 oblivionis
1743 4053 1803 4130 arlo

88 4136 100 4151 “
145 4148 274 4208 Gloriam
290 4147 387 4206 laudis
401 4149 460 4206 Deo
476 4149 572 4224 angeli
593 4150 698 4207 merito
724 4151 894 4208 cecinerunt
908 4152 938 4208 in
994 4147 1088 4220 potuit
1103 4145 1472 4219 cholericongratnlamnr
1487 4161 1592 4220 nempe
1609 4148 1654 4203 sic
1667 4141 1803 4220 temporali

111 4237 242 4307 excelsis,
260 4239 377 4311 quando
390 4255 483 4312 nuper
495 4238 666 4296 hominibus
679 4239 937 4308 benevolentatie,
992 4239 1094 4292 vestra
1109 4233 1357 4308 gloriae,utpotius
1371 4239 1506 4308 optemus
1516 4236 1674 4293 vosmodis
1683 4234 1802 4293 omnibns

111 4331 277 4401 pervestrae
293 4326 502 4384 sollicitudinis
518 4344 619 4384 curam
647 4327 712 4402 ipso
737 4333 857 4386 auctore
882 4331 939 4387 Deo
992 4322 1280 4396 aptaribeatitudine
1295 4326 1452 4396 perpetum·
1468 4324 1550 4389 Quod
1579 4326 1652 4381 lunt
1676 4324 1760 4398 digno
1776 4320 1804 4377 ⁶⁰

110 4418 227 4473 tanturn
243 4416 325 4489 pacis
342 4416 451 4472 effulsit
461 4416 491 4471 in
506 4416 853 4490 terrissiquidemhujus
864 4417 940 4474 salu-
992 4411 1074 4470 vobis
1090 4410 1153 4468 fiori
1169 4411 1303 4484 potest,si
1319 4411 1591 4485 dignitatisvestra
1607 4411 1737 4470 officium
1751 4407 1803 4467 dili·

111 4505 200 4561 tilera
216 4505 296 4576 pacis
312 4504 422 4560 donum
438 4522 505 4561 cum
522 4506 669 4562 universis
692 4523 744 4579 spe
760 4507 796 4563 ad
811 4523 939 4580 superna
953 4527 977 4592 D
992 4506 1093 4575 genter
1107 4499 1296 4558 attenditis:si
1313 4499 1805 4576 qualemepiseopumoporteatesse

110 4592 301 4650 tendentibus
315 4592 389 4648 votis
405 4594 543 4650 omnibus
559 4595 597 4650 sit
612 4594 938 4669 adoptandumspeeia·
993 4590 1153 4666 apostoliea
1166 4588 1300 4657 lectione,
1315 4588 1396 4662 vigili
1416 4589 1606 4647 meditatione
1631 4588 1804 4665 perquiritis:

111 4681 168 4740 lius
183 4686 282 4738 tamen
293 4680 400 4737 Christi
411 4682 779 4752 sacerdotibus,nonmodo
789 4684 940 4757 inquiren·
993 4681 1017 4738 si
1032 4681 1062 4736 in
1078 4678 1201 4745 mundo,
1217 4676 1311 4750 quiin
1327 4677 1457 4751 maligno
1472 4678 1586 4752 positus
1606 4686 1663 4749 est,
1692 4676 1806 4754 corporis

110 4772 296 4841 dum,verum
308 4771 393 4842 ‚iuxta
409 4771 570 4827 Psalmistre
579 4788 676 4829 vocem
685 4773 940 4845 prnomnibusost
993 4770 1064 4827 estis
1074 4767 1292 4832 necessitatem
1311 4766 1478 4825 coelestibus
1492 4772 1590 4826 autem
1604 4762 1807 4827 conservamini

109 4862 347 4935 persequendum
364 4878 371 4917 ι
388 4861 509 4934 inquire,
526 4860 633 4933 inquit,
648 4878 743 4933 pacm
757 4866 783 4918 ct
795 4879 937 4936 perseque—
993 4859 1101 4916 mentis
1115 4855 1371 4929 contemplatione,
1388 4862 1421 4912 ut
1448 4857 1568 4931 possitis
1590 4857 1667 4915 illud
1690 4851 1808 4934 Apostoli

110 4966 139 5005 re
153 4967 223 5007 eam.
238 4950 328 5023 Cujus
341 4948 381 5006 rei
397 4966 456 5006 non
467 4949 623 5006 immemor
636 4949 792 5023 Apostolus
808 4951 871 5007 ait:
887 4950 940 5007 Pa·
993 4946 1174 5022 proclamare
1190 4963 1197 5001 :
1213 4946 1281 5002 Noto
1295 4948 1388 5002 eutem
1402 4948 1568 5003 moereatis
1582 4948 1613 5003 iss
1628 4947 1705 5005 ecelis
1718 4952 1765 5005 est.

110 5052 173 5094 cem
188 5041 218 5095 et
231 5038 456 5095 sanctimoniam
473 5038 644 5111 sequimini,
674 5038 737 5096 eino
765 5056 824 5113 qua
852 5057 938 5097 nemo
1028 5037 1147 5110 Oportet
1160 5034 1289 5091 etiamut
1302 5035 1448 5091 talentum
1461 5035 1773 5109 Regiaiamiliaritntie
1785 5035 1808 5091 in

110 5123 221 5181 videbit
237 5126 337 5182 Deum.
353 5128 411 5183 Sed
432 5132 465 5183 et
481 5127 625 5184 mediator
653 5125 703 5183 Dei
731 5133 760 5182 et
783 5127 938 5184 hominum
993 5125 1112 5182 miseria
1126 5129 1154 5180 et
1168 5121 1324 5180 afflictione
1339 5122 1443 5197 positis
1462 5123 1509 5198 pie
1532 5141 1566 5182 ac
1591 5125 1809 5184 misericorditer

110 5211 198 5269 homo
213 5211 348 5270 Christus
362 5213 459 5284 lesus,
475 5220 594 5289 peracta
608 5215 705 5272 carnis
720 5216 939 5289 dispensatione
992 5231 1044 5289 per
1057 5212 1277 5270 intercessionis
1290 5208 1432 5268 auxilium
1445 5213 1810 5285 subveniendo,llomino,s

110 5300 147 5358 ad
162 5300 277 5357 Patrem
294 5317 438 5370 reversus,
454 5304 529 5361 hunc
544 5303 697 5377 discipulis
712 5303 775 5361 suis
789 5321 937 5362 commen·
993 5321 1051 5377 quo
1065 5302 1137 5359 illud
1153 5299 1334 5376 percepistis,
1348 5302 1503 5361 recorteris
1516 5320 1585 5361 oum
1601 5302 1733 5363 lucrodit
1744 5303 1809 5360 heus

110 5389 189 5446 davit
201 5389 352 5459 altentms,
367 5397 514 5463 quatenus
529 5391 700 5451 dulcissimo
711 5393 882 5466 hujusmodi
897 5394 939 5467 pi·
992 5390 1204 5450 observationis
1218 5388 1351 5464 regulam
1366 5392 1446 5448 omni
1462 5391 1518 5450 nisi
1533 5391 1660 5468 implere
1673 5390 1812 5451 contendi·

110 5495 202 5556 gnere
216 5477 297 5536 velut
310 5476 413 5536 ultimo
428 5479 491 5539 vele
506 5480 645 5540 divinitus
669 5482 820 5553 consolati,
836 5483 866 5540 in
881 5500 937 5543 cce·
992 5488 1031 5554 te,
1047 5488 1080 5541 ut
1093 5482 1165 5539 dum
1179 5480 1210 5538 iu
1225 5480 1310 5539 activi
1321 5478 1432 5541 laboris
1453 5482 1550 5541 studio
1575 5482 1657 5543 diem
1671 5481 1811 5547 consumi·

25 5632 28 5637 ,
109 5568 177 5634 laeli
191 5568 434 5647 semotamque
448 5569 938 5653 iuterpretaturstirpataipsius
992 5573 1074 5645 ticin
1091 5588 1179 5633 usum
1194 5570 1298 5648 quieta
1313 5571 1572 5652 contemplationis
1595 5590 1651 5653 per
1677 5568 1811 5635 emtionis
