3884 6084
128 269 183 335 tat
579 267 612 331 S.
635 268 835 334 DRUNONIS
858 269 1168 332 HERBlPOLENSlS
1191 268 1381 333 episcopt.
1779 267 1838 331 {92

127 400 202 461 ratio
214 399 447 476 iudeorum‚qui
463 403 578 460 terrena
593 401 753 475 sepiunt‚et
767 402 838 459 dum
852 406 951 460 trans·
965 406 993 471 Α
1008 403 1295 479 proximenturzquae
1307 420 1365 460 non
1376 400 1618 476 poterantridere
1627 399 1836 475 longinquum.

125 492 257 549 ferentur
271 494 397 560 montes,
413 491 442 548 id
458 496 513 561 est,
529 490 653 565 apostoli
668 490 777 548 relictis
793 491 952 550 incredulis
1007 492 1030 549 H
1046 493 1139 568 Opera
1153 492 1280 563 Domini,
1296 492 1396 558 idest,
1412 491 1537 547 virtutes
1552 489 1614 547 Dei.
1631 496 1651 546 G
1665 489 1837 564 Prodigium

125 581 246 638 Jadaeis.
263 581 295 637 ln
311 597 360 637 cor
375 580 474 647 maris,
488 579 542 637 hoc
553 581 643 636 estad
654 581 872 653 predicandum
886 599 954 655 gen·
1007 582 1117 639 dictum
1129 586 1224 652 est‚co
1237 582 1314 656 quod
1329 582 1415 654 porro
1430 580 1603 647 dicat.Quod
1621 580 1732 636 factum
1748 584 1795 636 εει
1806 579 1835 637 in
1882 572 1886 585 ⁸

125 670 207 727 tibus
230 668 410 726 transierint.
427 673 447 723 (t
462 670 496 725 Et
520 669 747 742 inspiciendum,
762 670 840 742 quod
865 671 952 726 aride
1006 671 1162 728 Nativitate
1176 672 1304 740 Domini,
1322 672 1439 745 quando
1462 671 1544 743 virgo
1569 668 1691 742 peperit,
1707 672 1736 725 et
1751 668 1838 726 stella

11 775 22 794 ·
125 763 209 815 terre
225 756 348 831 perfidia
362 758 633 831 iudeorumnquis
648 774 714 814 vero
731 758 813 815 falsis
829 759 953 816 creduli·
1006 761 1101 835 magis
1117 761 1264 834 apparuit.
1281 761 1423 817 Auferens
1439 759 1525 826 bella,
1543 759 1571 814 id
1584 762 1638 828 est,
1650 757 1721 830 quia
1736 757 1765 814 in
1781 759 1837 813 Na-

126 851 215 904 tatem
231 846 363 921 gentium
380 848 624 919 comparavitzut
635 846 781 904 illacorda
794 846 824 903 in
842 849 954 905 malum
1005 849 1116 906 tivitate
1145 850 1440 922 Domini:ragnante
1469 848 1626 921 Augusto:
1647 850 1726 902 totus
1756 846 1837 905 orbis

126 938 239 1005 durata,
254 935 315 992 hec
326 953 393 992 vcro
409 935 573 1009 evangelico
589 935 650 993 sale
665 936 782 993 condita
797 954 951 1011 cognosce·
1005 937 1113 1012 legitur
1141 955 1205 995 esse
1232 942 1365 1011 pacatus.
1382 937 1405 994 H
1421 937 1527 993 Omnia
1551 935 1628 993 bella
1652 935 1683 993 in
1708 935 1836 992 adventu

125 1043 182 1083 res.
248 1044 251 1053 ⁴
1006 1026 1120 1084 Domini
1141 1027 1286 1099 quievisse
1304 1043 1310 1076 τ
1327 1026 1486 1082 multorum
1511 1028 1612 1082 narrat
1634 1023 1767 1090 historia,
1783 1023 1836 1081 Vel

124 1116 143 1171 3
178 1114 335 1172 ὃοηεενιιηι
349 1118 374 1169 et
389 1115 585 1171 attrectassent
600 1129 681 1188 epaae
695 1130 809 1171 cerain:
1006 1132 1121 1189 pugnas
1133 1115 1271 1172 vitiorum
1289 1115 1397 1188 accipe.

178 1203 342 1261 conturbali
356 1208 421 1259 serit
436 1211 538 1259 inantea
554 1205 582 1259 in
598 1202 761 1274 fortitudine
774 1204 843 1276 ejus.
1006 1207 1021 1260 9
1041 1206 1158 1262 ‚Arcum
1171 1212 1291 1262 conteret
1304 1212 1329 1261 et
1343 1205 1496 1277 confringet
1509 1220 1589 1259 arma
1602 1221 1613 1259 :

180 1294 352 1366 Dicpselmc.
1058 1295 1092 1351 Et
1103 1302 1180 1351 scuta
1194 1295 1332 1351 noroberet
1346 1295 1414 1366 ipni.

160 1386 180 1438 C
195 1382 235 1439 De
246 1383 372 1438 adventu
387 1380 500 1436 Domini
512 1398 631 1438 sonasse
642 1381 713 1437 dicit
723 1380 871 1455 apostolos
882 1399 952 1454 pre·
1041 1383 1064 1441 ll
1079 1385 1186 1441 Arcum
1201 1386 1340 1453 conteret,
1358 1383 1387 1438 id
1403 1387 1458 1455 est,
1470 1382 1600 1439 occultes
1616 1381 1739 1439 insidias
1751 1382 1837 1455 spiri-

125 1471 286 1529 dieationes
297 1487 439 1544 suasque
450 1475 579 1543 tempore
588 1470 720 1526 turbatas
729 1470 950 1543 asseritaquas,
1004 1475 1089 1530 tuum
1106 1472 1262 1529 malorum.
1279 1473 1446 1547 confringet
1460 1489 1553 1541 arma,
1564 1472 1591 1527 id
1609 1476 1664 1542 est,
1675 1476 1836 1546 presentes

125 1561 155 1618 id
171 1564 225 1629 est,
242 1560 414 1617 innumeras
439 1563 550 1634 gentes,
567 1577 631 1632 qua
650 1560 685 1616 de
700 1559 751 1616 tali
767 1560 885 1616 fuerunt
899 1577 950 1615 an·
1005 1579 1130 1636 pugnas.
1143 1563 1178 1618 Et
1193 1566 1311 1618 scutum
1327 1562 1481 1619 comburet
1495 1560 1567 1636 igni,
1577 1561 1605 1618 id
1617 1566 1838 1629 ost,oonsumet

125 1648 308 1707 nuntiatione
322 1648 950 1722 etmiraculorumadmirationepertcrritae.
1006 1651 1073 1725 igne
1098 1649 1233 1724 spiritali,
1260 1650 1431 1724 phantasias
1453 1649 1602 1707 diabolice
1625 1650 1834 1723 excusationis,

125 1738 296 1796 conturbati
312 1741 383 1794 sunt
397 1742 522 1805 montes,
538 1738 566 1793 id
593 1742 638 1794 est
661 1737 760 1795 saculi
781 1741 949 1810 potestates,
1005 1739 1184 1797 defensionis
1199 1743 1395 1812 peecatorum,
1411 1738 1455 1795 vel
1481 1737 1679 1812 protectionis.
1696 1738 1783 1796 CVel
1797 1740 1836 1797 do

126 1828 244 1903 quaudo
259 1831 359 1884 contra
374 1826 544 1901 religionem
560 1826 703 1900 Dei,lages
725 1826 882 1900 sacrilegas
897 1844 951 1900 pa·
1005 1829 1096 1886 armis
1110 1828 1254 1903 gentium,
1271 1828 1378 1902 quibus
1399 1828 1487 1885 fidem
1512 1829 1726 1902 impugnabant
1750 1832 1778 1885 et
1802 1846 1835 1886 sa

125 1917 193 1992 gani
218 1918 391 1973 inferebant.
409 1918 441 1973 ln
464 1917 635 1973 fortitudine
660 1917 736 1989 ejus,
753 1914 864 1974 scilicet
886 1916 951 1972 soni
1005 1919 1223 1975 defendebant:
1240 1917 1506 1991 accipe,haeccnim
1525 1917 1626 1974 omnia
1649 1917 1836 1992 confringen-

125 2006 324 2083 apostolorum
337 2023 344 2062 ε
357 2005 555 2080 apostolorum
582 2006 660 2063 enim
690 2006 868 2080 grandisona
883 2021 953 2078 pre·
1008 2011 1058 2064 tur
1072 2007 1143 2063 dum
1158 2006 1279 2063 veritate
1294 2007 1461 2063 vincuntur.

125 2096 270 2154 dicationo
285 2099 366 2153 totus
382 2098 511 2152 mundus
528 2095 691 2165 intremuit,
704 2104 732 2151 et
748 2093 909 2151 adDomini
921 2111 951 2151 se
1006 2096 1041 2152 10
1080 2096 1595 2170 Vccnteetoiitetcpacntcmeposum
1610 2099 1705 2153 Deaa:

124 2185 328 2242 crudelitatem
342 2184 496 2257 limpidato
511 2189 613 2257 postea
627 2185 712 2241 corde
725 2183 878 2241 revocavit.
1077 2187 1225 2243 Eceltabor
1239 2187 1270 2241 in
1284 2187 1412 2256 pertibus
1426 2193 1452 2242 ct
1465 2185 1607 2241 exauctor
1621 2186 1652 2240 in
1665 2192 1749 2242 terra

125 2274 141 2330 1
178 2275 315 2331 Ftumiais
325 2276 439 2345 impetus
453 2274 575 2344 letificat
590 2275 728 2330 ciuitatem
743 2274 791 2329 Dei
804 2292 813 2328 :
1040 2279 1060 2330 C
1075 2275 1158 2331 Hunc
1172 2273 1349 2331 versiculum
1362 2273 1525 2346 loquuntur
1538 2273 1591 2329 filii
1602 2276 1672 2330 Cora
1686 2290 1721 2330 ex
1736 2290 1835 2347 perso·

181 2363 368 2435 Seaaificcuit
385 2363 591 2418 tabernaculum
604 2378 685 2417 auem
700 2362 865 2419 ditissimus.
1005 2383 1044 2422 na
1059 2364 1185 2423 Domini.
1203 2363 1303 2420 Merito
1318 2363 1377 2419 illis
1392 2362 1616 2431 dicitur,vaoata
1628 2381 1635 2419 :
1647 2363 1698 2435 qui
1709 2363 1833 2420 munda-

161 2456 181 2509 (ι
195 2452 252 2509 Iste
267 2450 346 2508 enim
362 2449 469 2507 fluvius
483 2450 617 2506 Christus
632 2454 718 2517 estet
732 2449 882 2507 benedixit
896 2450 951 2506 flu·
1005 2454 1054 2510 nis
1068 2453 1255 2511 illusionibus
1270 2452 1470 2521 armabantur,
1483 2455 1511 2509 et
1525 2451 1641 2509 diabolo
1657 2451 1834 2509 serviebant.

32 2542 41 2551 ”
125 2540 215 2599 minis
230 2540 368 2615 impetus,
380 2539 452 2612 quia
466 2538 539 2595 nihil
554 2539 696 2612 palustre,
712 2538 786 2595 nihil
801 2555 951 2596 morosum
1006 2543 1148 2611 Quoniam
1166 2559 1219 2616 ego
1234 2559 1301 2599 sum
1317 2547 1404 2608 Deus,
1420 2557 1479 2597 non
1494 2539 1544 2597 ille
1559 2540 1610 2614 qui
1623 2557 1674 2598 vos
1689 2540 1772 2614 prius
1787 2559 1836 2598 ar·

125 2646 230 2688 cursus
249 2630 314 2702 ejus
338 2629 474 2698 sustinet,
491 2646 558 2685 eum
583 2645 614 2685 εε
638 2627 767 2702 potentia
790 2627 951 2685 divinitatis
1006 2632 1107 2687 mebat
1121 2631 1157 2687 ad
1173 2631 1297 2697 malum,
1314 2630 1365 2687 sed
1381 2630 1431 2703 qui
1447 2629 1597 2687 exaltabor
1612 2629 1641 2685 in
1657 2630 1797 2703 gentibus
1808 2634 1837 2688 et

127 2721 192 2794 ejus
204 2717 590 2777 infuderit'fabernnculum
601 2716 745 2775 Altissimi
758 2721 802 2774 est
812 2717 949 2784 Ecclesia,
1006 2720 1036 2777 in
1062 2724 1149 2789 terra,
1163 2719 1193 2776 id
1216 2723 1271 2787 est,
1288 2719 1318 2775 in
1342 2724 1428 2793 gente
1450 2719 1562 2787 tuden,
1579 2718 1720 2792 quoniam
1735 2714 1737 2720 ’
1750 2723 1835 2777 terre

128 2810 189 2867 sive
203 2808 326 2866 humaui
342 2809 471 2882 corporis
485 2807 613 2882 gloriosa
629 2807 786 2886 susceptio.
1006 2826 1097 2883 supra
1114 2825 1120 2864 :
1136 2809 1254 2866 Judaeos
1267 2809 1456 2882 comparavit.

125 2900 144 2956 5
181 2904 250 2956 Deus
264 2899 293 2955 in
309 2898 397 2955 medio
411 2899 471 2971 ejas
484 2913 537 2954 non
553 2897 787 2954 commovebitur:
1006 2899 1036 2956 11
1080 2898 1210 2955 borsines
1223 2900 1359 2954 virtutum
1370 2897 1512 2954 aetutem
1529 2913 1536 2952 ι

176 2987 324 3062 adjuvabit
337 3004 398 3045 eam
408 2994 477 3046 Deus
491 3003 573 3043 mccc
585 2986 718 3043 dilaculo.
1076 2986 1218 3060 susceptor
1228 2994 1319 3044 imiter
1330 2988 1400 3043 Deus
1413 2988 1509 3044 Jacob.
1535 2980 1580 3058 ὃς·
1589 2986 1751 3060 Dicpsolme
1767 2995 1775 3055 ζ

158 3078 270 3136 cneus
281 3077 311 3133 in
327 3077 422 3134 medio
438 3078 513 3150 ejus,
529 3076 558 3133 id
574 3080 619 3133 est
634 3075 779 3144 Ecclesia,
796 3083 854 3132 non
870 3092 948 3132 com·
1041 3075 1176 3132 cratem
1192 3074 1339 3148 siquidem
1350 3075 1561 3148 professionem
1573 3076 1638 3134 ideo
1650 3076 1780 3134 seeundo
1792 3094 1836 3135 re·

123 3167 298 3226 movebitur.
314 3166 494 3224 commoveri
509 3166 588 3222 enlm
604 3182 663 3222 uon
678 3168 775 3239 potest
799 3164 926 3222 Ecclesia
941 3182 948 3220 ε
965 3148 987 3216 C
1005 3168 1110 3239 petunt
1124 3164 1177 3220 filii
1192 3166 1312 3233 florent
1326 3181 1378 3237 per
1392 3181 1456 3221 eam
1473 3165 1557 3222 nobis
1570 3165 1836 3223 declararentlibe·

122 3273 187 3329 qua
200 3256 231 3312 in
248 3255 428 3313 solidissima
443 3255 596 3328 petra,hoc
611 3259 656 3312 εει
666 3255 695 3311 in
706 3254 820 3313 Christo
833 3271 839 3310 :
852 3255 949 3311 nosci·
1004 3253 1146 3311 rationem
1157 3253 1318 3326 prestitam
1329 3252 1511 3310 fuisseDcus
1520 3253 1610 3311 Jacob
1621 3252 1686 3312 ideo
1696 3252 1834 3328 frequen·

122 3347 171 3401 tur
185 3360 250 3402 esse
265 3345 395 3400 fundata.
412 3343 569 3415 Adjuvabit
584 3343 666 3412 dixit,
678 3343 790 3400 scilicet
804 3343 834 3399 in
850 3343 948 3399 saeculi
1003 3345 1048 3398 ter
1062 3341 1229 3417 apponitur,
1244 3344 1278 3398 ut
1290 3340 1412 3398 victoria
1421 3340 1577 3398 Christiani
1590 3341 1690 3417 populi
1699 3342 1830 3401 declam·

123 3431 297 3489 adversitate
316 3431 508 3489 laborantem.
525 3433 548 3487 H
564 3431 710 3500 Dilucul0,
728 3433 756 3488 id
780 3436 835 3499 cst,
850 3431 949 3504 inspa-
1003 3432 1113 3505 tur,qui
1131 3431 1198 3488 licet
1213 3432 1251 3488 sit
1265 3434 1396 3504 tempore
1410 3431 1570 3506 posterior:
1584 3432 1712 3505 primum
1728 3435 1830 3490 ιειιιειι

123 3521 218 3578 ειὶοιιε
233 3524 334 3578 sancta
357 3537 446 3593 quam
473 3520 631 3577 merebitur
654 3537 704 3576 cor
727 3522 881 3578 mundum.
896 3521 948 3577 Vel
1003 3520 1145 3595 populum
1162 3519 1239 3577 frdeli
1255 3519 1406 3577 devotione
1422 3520 1613 3578 transcendit.

123 3626 220 3679 manc,
235 3609 265 3665 id
280 3613 336 3675 est,
348 3608 416 3665 beni
432 3609 529 3681 operis
544 3608 730 3682 principio,et
740 3609 795 3665 hoc
806 3609 948 3679 diluculo,
1248 3626 1350 3666 oanrro
1369 3627 1405 3665 aa
1424 3627 1503 3666 esna.
1519 3627 1583 3666 nav.

121 3698 219 3765 idest,
235 3697 450 3754 illuminatione
464 3697 591 3771 Spiritus
606 3697 710 3754 sancti.
1039 3699 1228 3772 Perspicuum
1244 3698 1274 3755 iu
1291 3698 1457 3755 imminenti
1472 3698 1662 3757 tribulatione
1682 3699 1829 3774 refugium

120 3788 139 3844 6
175 3788 347 3845 Conturbatoe
359 3794 423 3843 arent
437 3791 530 3858 pectes
544 3791 570 3843 ct
591 3787 727 3843 inclinata
749 3795 815 3844 sunt
837 3805 922 3858 regne
938 3807 948 3843 .·
1002 3787 1169 3845 misericors
1182 3792 1268 3858 Deus,
1284 3788 1435 3845 sanctifica
1449 3789 1560 3862 impetu
1575 3788 1673 3845 eterni
1696 3789 1830 3847 fluminis

174 3876 256 3934 Dedit
270 3891 360 3933 accen
371 3893 458 3945 saum,
474 3883 696 3933 mossetena.
1001 3877 1201 3935 habitaculum
1215 3876 1311 3955 cordis
1327 3877 1420 3935 nostri
1436 3893 1444 3934 ι
1461 3883 1494 3934 ιιι
1507 3882 1535 3935 ιε
1550 3877 1608 3935 Dae
1624 3877 1765 3935 virtutum
1781 3897 1832 3937 uo-

150 3966 180 4040 ·ll
196 3964 379 4022 conturbatas
395 3970 465 4022 sunt
485 3969 597 4039 gentes,
614 3964 726 4022 seilicet
749 3963 887 4021 vitiorum
914 3983 947 4023 ac
1001 3966 1115 4023 hiscum
1138 3969 1286 4041 operante,
1303 3970 1419 4024 terrena
1443 3965 1543 4040 prelia
1566 3967 1763 4025 confutemus.
1778 3969 1832 4027 Par

120 4054 288 4114 criminum.
304 4057 325 4110 G
339 4053 480 4112 Inclinata
495 4057 565 4111 sunt
576 4070 676 4128 regna,
684 4054 713 4110 id
729 4053 948 4123 est,humiliata
1001 4055 1159 4112 Dominum
1175 4059 1319 4123 nostrum,
1336 4059 1391 4112 etc.

119 4145 240 4201 suntad
257 4144 450 4203 adorandum.
467 4143 552 4201 Dedit
571 4159 672 4200 vocem
689 4161 696 4200 :
713 4160 765 4217 per
787 4160 818 4200 εε
843 4143 945 4217 prndi-
1278 4162 1441 4220 pgAgMUg
1459 4162 1554 4220 xgvp,

119 4233 213 4291 cando
229 4237 258 4291 et
272 4250 324 4308 per
338 4233 535 4307 apostolos,ad
547 4249 636 4306 quam
647 4248 766 4290 necesse
778 4233 834 4291 fuit
844 4236 947 4290 treme·
1223 4250 1421 4291 nnauunurun
1440 4252 1511 4291 asna
1528 4252 1603 4290 xcvi.

119 4322 182 4380 fleri
198 4327 384 4396 peccatores:
401 4321 451 4396 qui
464 4321 572 4379 terreni
585 4327 804 4397 nuncupantur.
815 4321 868 4378 Vel
879 4339 946 4396 gen·
1035 4326 1057 4379 G
1071 4327 1132 4380 Vox
1146 4322 1279 4380 Ecclesia
1294 4322 1387 4380 Deum
1399 4322 1828 4399 laudantisnsccnsionemqus

120 4414 163 4468 tes
190 4409 320 4467 idolatrae
338 4428 344 4467 :
362 4412 541 4468 conturbate
570 4416 661 4468 sunt.
689 4411 719 4467 in
748 4411 845 4469 subito
874 4428 946 4469 sono
1001 4413 1065 4484 ejus
1079 4411 1276 4486 predicantis.

120 4497 337 4572 predicationis
351 4498 506 4572 incognitae
522 4499 683 4572 religionis.
961 4521 985 4586 D
1123 4501 1181 4558 ΊΤ.
1198 4504 1229 4558 ln
1243 4503 1327 4573 finem
1336 4518 1387 4575 pro
1401 4503 1469 4575 fitia
1489 4502 1556 4560 dore
1568 4503 1702 4576 psalmus

118 4589 137 4642 7
172 4588 305 4645 Dominus
319 4589 453 4644 virtutum
466 4589 608 4645 antaeum
623 4608 633 4646 :
1036 4591 1245 4664 CLoquuntur
1259 4594 1288 4648 et
1302 4590 1332 4647 in
1358 4589 1413 4647 hoe
1436 4590 1551 4664 psalmo
1575 4591 1628 4648 filii
1656 4595 1736 4658 Dore,
1753 4606 1829 4665 qnos

170 4678 316 4750 Susceptor
330 4685 429 4746 nester,
445 4678 516 4735 Deus
530 4676 621 4744 Jacob,
636 4678 807 4750 Dicpaatme.
1000 4678 1104 4736 vexillo
1119 4678 1214 4737 erucis
1229 4683 1323 4737 mater
1337 4679 1435 4754 signat
1449 4680 1587 4738 Ecclesia.
1600 4684 1831 4738 commonentur

153 4768 174 4823 (ι
189 4766 330 4824 Dominus
341 4766 599 4840 virtutum,utique
613 4766 661 4823 cui
676 4765 799 4824 virtutes
814 4765 946 4824 coelestes
1000 4769 1099 4841 itaque
1114 4769 1210 4843 primo
1220 4773 1369 4843 gentes,ut
1379 4768 1503 4827 Domino
1514 4768 1618 4829 laudes
1629 4770 1754 4827 debeant
1764 4786 1830 4844 par-

118 4855 578 4931 serviunt.Nobiscum,quoniam
596 4859 749 4929 assumpta
761 4872 847 4913 carne
861 4855 945 4913 habi·
1000 4871 1115 4924 sonare,
1131 4857 1260 4914 secundo
1275 4858 1392 4915 Domini
1405 4858 1545 4916 Ascensio
1560 4862 1589 4916 et
1613 4874 1736 4933 regnum
1762 4859 1829 4932 ejus

117 4945 190 5002 tavit
204 4946 233 5002 in
248 4948 345 5004 terris.
361 4947 537 5020 susceptor:
551 4945 668 5019 quando
682 4961 800 5003 carnem
815 4963 868 5019 pro
883 4946 947 5002 iufr-
1000 4946 1056 5004 sub
1071 4945 1211 5004 brevitate
1226 4946 1414 5005 describitur.

118 5031 229 5090 delium
244 5034 338 5092 salute
353 5035 651 5110 suscepitDieitvero
665 5037 774 5104 noster,
791 5052 849 5093 non
866 5035 944 5092 enim
1000 5036 1013 5092 1
1053 5036 1150 5094 Omnes
1164 5039 1257 5108 penta
1271 5036 1394 5109 plaudite
1407 5037 1557 5094 monitio:

118 5122 196 5179 Deus
210 5122 304 5180 solius
317 5123 334 5180 J
337 5125 418 5194 acob,
435 5124 486 5182 sed
501 5125 635 5182 omnium
651 5123 701 5198 qui
718 5123 808 5180 simili
823 5124 880 5182 fida
894 5125 943 5181 de·
1051 5125 1174 5184 dubitate
1188 5126 1240 5182 Deo
1255 5126 1285 5181 in
1297 5141 1360 5183 voce
1373 5126 1576 5193 metationis,

117 5209 176 5267 voti
193 5214 272 5267 sunt.
1034 5212 1214 5271 GPlaudunt
1228 5230 1295 5271 vero
1319 5213 1456 5272 manibus
1474 5231 1481 5271 ε
1498 5215 1549 5289 qui
1575 5214 1759 5289 elemosynas
1784 5212 1827 5271 fa-

117 5301 135 5356 8
173 5300 266 5357 Venite
279 5308 305 5356 ct
320 5301 407 5358 uidete
421 5317 502 5374 opera
517 5303 627 5358 Domini
636 5316 699 5375 quae
712 5304 804 5376 posuit
814 5302 944 5375 modicia
998 5301 1089 5374 ciunt,
1105 5303 1220 5376 egmtis
1236 5303 1375 5360 serviunt.
1391 5303 1522 5362 tubilare
1536 5321 1604 5362 vero
1628 5304 1757 5379 gaudere
1769 5307 1827 5374 est,

207 5397 428 5460 superterram:
998 5392 1049 5466 qui
1062 5409 1157 5450 sermo
1173 5392 1269 5450 dictus
1284 5397 1330 5449 est
1344 5411 1361 5450 a
1370 5394 1545 5467 juvanda,id
1561 5398 1616 5464 est,
1629 5392 1799 5452 delectando
1819 5408 1825 5449 :

170 5478 303 5550 Auferens
319 5478 392 5535 betta
406 5495 491 5553 usquc
502 5479 538 5535 ad
551 5479 633 5551 fineen
648 5484 741 5538 tcmae.
998 5481 1357 5556 quandomagnitudincm
1367 5484 1467 5557 gaudii
1477 5501 1534 5541 non
1543 5483 1707 5542 articulatis
1718 5499 1828 5540 sermo·

153 5565 290 5624 Gl'enita
305 5583 372 5627 cum
385 5568 467 5641 dicit,
482 5568 688 5641 hortatureas,
700 5573 732 5627 ut
747 5570 804 5627 fide
819 5571 942 5628 Domino
997 5570 1096 5642 nibus,
1112 5572 1163 5630 sed
1179 5571 1302 5632 confusa
1315 5589 1384 5632 voce
1407 5573 1594 5647 proferimus.
1609 5573 1672 5632 Vox
1697 5571 1826 5632 exsulta·
