3884 6084
843 272 1085 337 uluuouhrs.

500 613 901 752 aureolus
949 611 1423 813 orruouhul

513 1028 524 1081 1
950 1022 980 1089 Α
1029 1021 1182 1080 Oldsricus
1196 1023 1232 1078 ad
1246 1023 1339 1081 vicem
1354 1023 1496 1081 harduini
1516 1027 1675 1085 cancellani
1699 1031 1819 1106 scripsit

112 1116 244 1173 Goidoois
265 1115 449 1187 privilegiam
468 1067 556 1171 odila
583 1116 731 1172 obhotissae
755 1113 938 1169 parthenonis
992 1115 1021 1167 et
1032 1112 1218 1186 subscripsit.

376 1186 404 1242 S.
418 1188 495 1243 Petri
509 1203 674 1252 conoessum.
1388 1232 1415 1288 Π

423 1314 518 1381 (huno
534 1312 624 1384 1035.)
993 1317 1095 1373 Chorto
1110 1318 1241 1374 Widonr's
1255 1320 1462 1392 archiepiscopi,
1483 1339 1537 1395 quo
1560 1324 1732 1395 seminare
1753 1344 1819 1385 con-

175 1418 270 1493 [Dom.
287 1418 417 1486 Mamor,
432 1421 584 1493 Metropolis
599 1421 750 1487 hortensis,
767 1419 803 1486 ll,
817 1418 874 1489 85.]
1202 1393 1257 1462 sm
1269 1392 1357 1570 ⁰1ngss
1370 1392 1402 1449 dt
1415 1394 1608 1572 ¹C(Zt(³)0)t'ttt'cttto.

1342 1515 1399 1554 nno
1489 1545 1494 1555 .

117 1594 122 1599 .
150 1561 182 1616 111
198 1558 317 1617 nomine
333 1559 392 1616 Dei.
408 1563 510 1616 hmen.
1083 1600 1128 1675 [D.
1144 1602 1275 1668 Mentor,
1290 1604 1443 1676 Metropolis
1458 1606 1605 1677 Ronwnsis,
1622 1609 1656 1677 lI,
1672 1610 1729 1683 85.]

117 1680 126 1689 —
148 1649 208 1722 Rgo
222 1648 306 1715 Vide,
328 1650 486 1706 Remorum
507 1648 755 1723 archiepiscopus,
773 1647 880 1704 tuturis
895 1651 940 1702 at-

114 1754 171 1810 que
198 1738 401 1810 praesentibus,
432 1742 539 1795 nostra
561 1737 760 1794 conventionis
783 1753 939 1792 commune
1028 1736 1318 1793 Innominesanota
1337 1737 1536 1796 etiudividua
1561 1741 1733 1802 Trinitanis.
1760 1746 1819 1821 ligo

113 1831 257 1884 statutum
269 1828 346 1899 quod
356 1828 391 1883 de
399 1827 483 1883 altari
490 1827 587 1884 Sancti
594 1825 733 1901 Stephani
743 1827 939 1883 lecimuscum
995 1823 1407 1898 Wido,ReigratiaRemorum
1418 1829 1821 1905 archiepiscopus,uotillcare

113 1916 211 1972 Sancti
220 1915 296 1971 Petri
307 1916 587 1985 abbatissaOdila,et
597 1915 940 1973 sanctimonialibuslte·
994 1915 1079 1986 cupio
1094 1913 1226 1970 Ecclesia
1242 1918 1358 1985 nostra,
1374 1920 1434 1973 tam
1447 1919 1642 1990 presentibus
1662 1939 1751 1995 quam
1774 1924 1820 1981 lu·

110 2006 211 2062 iuncto
224 2005 352 2074 Dodone,
369 2007 493 2062 venitin
509 2010 610 2062 nostra
630 2022 719 2061 manu
744 2008 773 2060 et
797 2008 940 2077 potestate
993 2004 1069 2059 turis
1084 2002 1521 2075 fidelibus,qualiteradomino
1530 2008 1635 2065 abbate
1643 2010 1821 2069 Theoderico

114 2094 316 2167 supradictum
333 2094 424 2151 altare
439 2114 445 2164 ;
463 2096 613 2152 abbatissa
628 2112 705 2162 vero,
722 2094 821 2151 audita
847 2097 951 2167 morte
995 2091 1165 2164 ceterisque
1180 2096 1280 2149 oratus
1295 2097 1322 2148 et
1339 2101 1474 2152 exoratus
1494 2095 1584 2154 altare
1608 2099 1643 2156 ds
1666 2099 1735 2157 villa
1758 2118 1821 2174 que

114 2183 255 2251 Dodouis,
273 2183 939 2257 quamcitiuspotuit‚adiitprasentiamno·
995 2179 1200 2238 Crusciniacus
1233 2182 1341 2237 dicitur
1373 2200 1425 2256 pro
1459 2184 1564 2242 animae
1591 2205 1663 2244 mee
1693 2191 1821 2252 remedio

116 2277 217 2328 strae...
234 2272 442 2329 familiaritatis
457 2278 485 2329 et
500 2277 532 2330 ut
546 2290 622 2345 sape
638 2273 748 2328 dictum
764 2270 853 2328 altare
873 2288 942 2326 san·
996 2271 1025 2326 S.
1040 2270 1164 2342 Remigii
1184 2270 1356 2327 tradiderim
1381 2272 1522 2342 coenobio,
1549 2275 1585 2330 ad
1611 2275 1662 2333 Dei
1685 2278 1824 2350 gloriam,

117 2365 163 2417 cto
175 2362 256 2418 Petro
272 2362 458 2419 concederem
476 2361 710 2436 impersonaliter
733 2363 753 2428 ¹,
779 2360 939 2432 requisivit.
997 2359 1075 2415 beati
1091 2375 1207 2431 quoque
1223 2359 1317 2415 Patris
1332 2363 1360 2415 et
1375 2361 1569 2420 antecessoris
1584 2365 1676 2420 nostri
1699 2365 1823 2442 Remigii

117 2451 632 2523 'lalitenoreprabuimusassensum
644 2449 775 2524 petitioni
786 2449 941 2506 abbatissa
997 2464 1138 2514 amoram,
1155 2446 1302 2504 evidenter
1316 2449 1506 2506 considerans
1521 2468 1653 2524 parasse
1667 2455 1759 2527 justis
1774 2472 1823 2528 pe·

117 2537 145 2596 et
160 2541 428 2597 sanctimonialium
444 2546 485 2607 ut,
502 2541 632 2613 quandiu
647 2541 677 2595 in
691 2539 745 2596 hoc
760 2536 866 2596 seculo
882 2538 942 2594 vita
994 2537 1149 2593 titionibus
1174 2536 1370 2608 acquiescere,
1385 2537 1602 2611 Dominamque
1629 2541 1768 2599 honorari
1793 2543 1823 2599 in

116 2629 221 2686 comite
234 2630 388 2698 fuerimus,
403 2630 544 2687 memoria
560 2630 652 2686 nostri
669 2630 751 2685 fieret
765 2642 942 2700 unaquaque
996 2626 1111 2682 sanctiu
1133 2625 1159 2680 si
1172 2626 1349 2681 contessoris
1367 2627 1561 2684 veneratione.
1587 2630 1650 2686 Nou
1676 2631 1755 2686 enim
1779 2630 1824 2687 di-'

116 2717 187 2774 hora
201 2718 231 2774 in
248 2720 429 2775 orationibus
445 2736 557 2775 aarum,
997 2731 1089 2787 gnum
1100 2713 1230 2784 judicavi
1246 2729 1307 2772 rem
1323 2714 1444 2785 petitam
1459 2716 1630 2790 denegando
1646 2718 1824 2776 Francorum

151 2809 309 2880 Postquam
317 2806 942 2879 supremadies,subtractolumine,nostros
997 2800 1128 2873 apostolo
1143 2806 1231 2873 atque
1246 2806 1379 2873 patrono,
1396 2803 1545 2877 refragari,
1562 2807 1647 2877 quus
1663 2807 1825 2880 patrocinio

115 2895 254 2952 clauserit
265 2893 943 2963 oeulos,annuatim,sicutconveutioluitauni-
997 2908 1050 2947 nos
1068 2906 1222 2962 speramus
1236 2905 1352 2963 semper
1366 2898 1394 2946 ct
1408 2892 1517 2964 ubique
1532 2895 1655 2968 protegi.
1669 2896 1711 2953 Ne
1726 2900 1825 2955 autem

114 2984 278 3039 versarium
291 2988 425 3039 nostrum
437 2983 621 3039 recoleturab
634 2982 747 3051 illis,ita
757 2987 789 3037 ut
800 2982 830 3037 in
841 2981 943 3038 illodie
997 2979 1164 3036 inconsulta
1178 2979 1208 3034 in
1224 2978 1309 3035 altari
1333 2981 1440 3037 tradito
1465 2987 1585 3054 putatur
1608 2984 1758 3042 temeritas
1774 2987 1825 3060 (3),

116 3089 168 3144 pro
184 3072 288 3127 animae
301 3077 407 3128 nostre
419 3072 547 3128 remedio
560 3070 721 3129 celebretur
735 3070 835 3144 vigilia
850 3073 879 3125 et
892 3071 942 3126 de·
997 3085 1141 3125 consensu
1157 3072 1245 3141 atque
1262 3068 1384 3124 consilio
1400 3070 1515 3127 Beroldi
1529 3072 1749 3131 Suessionensis
1764 3076 1825 3149 epi-

116 3161 283 3215 iunctorum
298 3161 347 3216 fiat
362 3160 588 3230 commendatio,
606 3159 770 3216 convocatis
788 3159 942 3215 duodecim
997 3158 1089 3230 scopi,
1119 3156 1291 3214 clericorum
1318 3158 1406 3214 etiam
1436 3177 1470 3216 ac
1494 3159 1638 3218 laicorum
1657 3166 1826 3221 nostrorum

114 3248 304 3322 presbyteris,
320 3250 441 3305 totidem
458 3249 558 3305 missa
572 3250 674 3305 eodem
687 3249 735 3304 die
750 3252 903 3314 canantur,
915 3252 944 3304 et
996 3246 1149 3313 instinctu,
1163 3246 1334 3318 pradictum
1351 3247 1555 3305 altareSaucto
1565 3249 1699 3324 Remigio
1717 3252 1827 3308 tradidi

114 3354 167 3410 pro
183 3338 283 3394 anima
297 3344 397 3395 nostra
412 3339 442 3393 in
459 3338 610 3393 refectorio
630 3337 775 3394 satientur
799 3354 944 3410 pauperes
997 3335 1207 3407 possidendum
1219 3335 1286 3406 jure
1302 3337 1422 3408 perenni
1442 3337 1494 3393 tali
1516 3337 1710 3410 permissione
1725 3339 1827 3398 habita

114 3427 246 3500 triginta,
263 3428 300 3483 ob
315 3428 488 3483 memoriam
504 3428 596 3483 nostri
611 3427 642 3482 in
659 3443 753 3482 unum
768 3441 943 3500 congregeu-
997 3429 1040 3492 ut,
1057 3440 1117 3479 una
1130 3425 1412 3496 personadeluacta,
1426 3424 1507 3482 alooi
1518 3426 1623 3483 abbate
1633 3431 1826 3500 presentetur

117 3515 942 3589 gentur,at,utdictumest,prosupradictoaltariiunomi·
997 3513 1098 3582 altera,
1114 3513 1161 3569 cui
1177 3513 1267 3570 altare
1285 3514 1425 3570 reddatur
1447 3515 1560 3587 absque
1584 3515 1663 3572 omni
1688 3517 1824 3590 pecunia,

115 3621 151 3660 ue
162 3604 270 3662 Christi
280 3605 531 3678 reficiantur,quia
540 3605 681 3676 scriptum
693 3609 737 3660 est
749 3604 838 3673 :Quod
848 3605 899 3659 nni
908 3621 943 3660 ec
996 3600 1122 3673 talisque
1132 3595 1177 3657 ⁴sit
1192 3618 1384 3674 personarum
1402 3603 1573 3660 substitutio
1588 3620 1640 3677 per
1653 3605 1769 3662 secula.
1782 3607 1826 3665 Ita

116 3696 243 3750 minimis
261 3697 330 3751 meis
343 3696 456 3766 sorotis,
471 3694 544 3751 mihi
555 3695 668 3765 fecistis.
679 3694 712 3749 Et
725 3698 758 3749 ut
767 3693 822 3748 hac
837 3696 942 3748 nostre
996 3694 1094 3746 tamen
1110 3695 1144 3747 ut
1158 3695 1355 3764 prorespectu
1370 3692 1506 3748 denarios
1517 3693 1768 3761 octodecim,sicut
1783 3708 1825 3754 rs·‘

117 3782 299 3840 auctoritatis
319 3784 461 3856 scriptum
485 3784 561 3856 quod
588 3782 710 3838 lecimus
726 3783 943 3837 ’inconcussum
959 3762 980 3829 C
997 3780 1079 3852 liqna
1093 3780 1206 3846 altaria,
1223 3784 1282 3836 tam
1299 3779 1370 3835 mihi
1390 3797 1479 3853 quam
1503 3783 1722 3857 successoribus
1738 3785 1823 3855 meis,
1862 3803 1866 3817 '⁴

115 3875 233 3928 maneat
247 3873 362 3928 cunctis
384 3873 489 3928 diebus
505 3875 605 3927 nostra
629 3871 802 3927 auctoritate
824 3870 943 3926 omnino
997 3869 1090 3924 solvat
1104 3869 1134 3923 in
1151 3869 1261 3942 synodo
1277 3869 1487 3940 annua.Hujus
1502 3870 1722 3928 conventionem
1733 3872 1824 3928 tradi-

115 3961 352 4016 corroboramus.
369 3960 492 4032 Insuper
504 3964 533 4016 et
548 3960 640 4016 sancti
658 3959 733 4014 Petri
751 3959 832 4032 regui
857 3959 943 4015 coelo-
996 3956 1084 4013 tionis
1099 3957 1199 4013 volens
1215 3974 1385 4029 permanere
1395 3957 1594 4014 inviolabilem
1605 3959 1714 4033 scripto
1725 3959 1824 4018 studio

115 4065 182 4103 rum
196 4048 344 4122 clavigeri,
370 4051 416 4105 cui
442 4050 613 4122 pradictum
637 4047 728 4104 altare
753 4047 942 4116 contulimus,
997 4046 1139 4103 destinavi
1156 4047 1280 4119 posteris
1294 4047 1331 4101 ad
1347 4045 1605 4102 conservationem.
1623 4046 1758 4111 Quinimo
1776 4066 1823 4104 au·

114 4137 169 4193 boc
180 4139 322 4211 scriptum
331 4138 647 4211 nosipsillrmavimus,
656 4136 943 4208 manuquefldelium
997 4136 1130 4193 ctoritate
1141 4134 1192 4191 Dei
1207 4134 1417 4207 omnipotentis
1425 4135 1528 4204 Patris,
1537 4141 1565 4191 et
1576 4134 1651 4204 Filii,
1659 4139 1687 4192 et
1697 4135 1823 4209 Spiritus

115 4231 282 4282 nostrorum
298 4227 428 4284 roborari
445 4227 579 4283 fecimus.
997 4223 1101 4291 sancti,
1119 4240 1171 4280 aec
1182 4240 1240 4279 noa
1252 4224 1341 4280 beate
1352 4223 1448 4279 Maria
1458 4222 1591 4297 virginis,
1601 4223 1693 4280 sancti
1706 4241 1824 4299 quoque

148 4317 253 4372 Actum
270 4317 522 4389 Remis‚regnaate
533 4333 600 4390 rege
615 4316 739 4372 Henrico
754 4315 945 4388 au.vur,epis·
997 4313 1122 4387 Remigii
1138 4313 1330 4386 omniumque
1345 4316 1514 4369 sanctorum
1525 4312 1755 4386 subrogantibus
1767 4330 1825 4371 me·

115 4408 236 4477 capatus
251 4405 351 4461 domni
366 4404 508 4461 (luidonis
523 4422 570 4460 an.
586 4422 603 4460 n
619 4405 668 4477 (2).
997 4402 1072 4468 ritis,
1083 4400 1374 4457 excommunicamus
1390 4400 1515 4473 prelata
1526 4399 1726 4459 conventionis
1733 4400 1822 4458 vicla-

149 4493 210 4566 Sig.
227 4493 369 4549 Harduini
385 4493 594 4549 archidiaconi.
996 4496 1101 4557 torem,
1115 4490 1240 4547 testibus
1254 4489 1301 4544 bis
1317 4489 1521 4563 presentibus.

148 4582 204 4638 Sic.
223 4582 359 4640 Richardi
376 4581 585 4638 archidiaconi.
1032 4580 1157 4636 Widoue
1173 4578 1401 4651 archiepiscopo.

150 4671 209 4744 Sig.
227 4672 383 4729 Gouranm.
398 4671 511 4728 decani.
1032 4668 1148 4726 Albrico
1163 4668 1328 4741 preposito.

148 4760 208 4834 Sig.
223 4759 333 4817 hiberti
349 4759 513 4817 camerarii.
1032 4757 1222 4816 Constantino
1237 4757 1358 4813 decano.

150 4847 211 4922 Sig.
226 4847 363 4905 alberici.
1033 4847 1154 4905 Beroldo
1168 4846 1315 4921 episcopo.

148 4937 212 5010 Sig.
226 4936 368 4993 Harduini
384 4937 474 5009 hujus
489 4936 544 4993 loci
560 4935 717 5010 prepositi.
1032 4937 1203 4994 Guntranno
1220 4934 1440 5008 chorepiscopo.

150 5079 187 5153 (l)
205 5078 443 5153 impersonaliter
457 5079 603 5136 tenendum
618 5076 747 5148 concedit,
761 5080 811 5135 hoo
824 5087 863 5135 est
882 5081 943 5136 sinc
997 5079 1193 5153 scopislibera
1201 5077 1237 5135 ab
1247 5077 1326 5134 omui
1335 5083 1491 5149 personatu
1502 5079 1569 5134 data
1578 5078 1685 5134 suntin
1732 5079 1821 5136 atiam

110 5167 230 5224 persono
243 5166 304 5223 quae
318 5167 381 5207 vere
393 5152 515 5207 titularis
526 5149 659 5219 succedat,
675 5154 701 5204 ct
723 5152 763 5205 sio
786 5152 881 5223 sorana
900 5152 941 5207 ol·
956 5134 981 5201 D
997 5152 1211 5226 religiosorum,
1229 5154 1262 5206 ut
1277 5152 1355 5221 patet
1370 5167 1404 5205 ex
1419 5149 1520 5205 charta
1541 5150 1675 5206 Elinandi
1729 5151 1820 5208 udun.

114 5227 177 5279 toro
188 5238 251 5278 eom
266 5239 347 5278 orrerc
361 5223 452 5279 datur.
996 5224 1093 5295 episco
1116 5224 1123 5278 i
1140 5223 1170 5278 in
1186 5220 1313 5277 Historia
1328 5219 1459 5294 Dionysii
1474 5221 1522 5277 lol.
1534 5223 1595 5277 tos.
1608 5226 1680 5278 ltem
1692 5223 1822 5279 exaltari

150 5295 188 5365 (2)
201 5295 253 5351 rto.
269 5297 287 5348 2
300 5295 379 5365 requi
388 5296 510 5351 dalrici.
526 5293 695 5350 rrumcroodo
719 5311 736 5350 a
761 5293 806 5349 dic
827 5310 941 5352 corono·
995 5296 1032 5351 de
1046 5299 1075 5349 S.
1086 5241 1198 5351 'Rhama
1210 5309 1262 5365 per
1273 5292 1438 5348 Manassem
1449 5292 1578 5366 archiep.
1591 5311 1659 5349 ann.
1675 5295 1744 5350 1096
1755 5311 1822 5350 con·

114 5368 200 5422 tionis
215 5366 345 5422 e'rontem.
996 5383 1088 5422 cessa.
1106 5389 1121 5417 a
1136 5364 1243 5434 Altare,
1260 5364 1288 5417 in
1312 5362 1365 5431 uit,
1391 5363 1470 5419 beati
1493 5364 1611 5421 Thema
1634 5370 1663 5422 S.
1689 5365 1821 5437 Remigio

149 5438 187 5508 (3)
202 5383 314 5493 Asteria
329 5437 515 5494 monasteriis
531 5437 661 5520 primum
677 5436 732 5492 sub
747 5437 856 5518 vicaria
872 5453 941 5509 per·
996 5437 1200 5503 contradidi,et
1211 5439 1245 5490 ut
1255 5381 1364 5489 lusiam
1375 5434 1478 5491 tratres
1485 5441 1542 5493 Deo
1554 5436 1716 5519 militantes
1723 5453 1822 5510 aggre-

113 5524 254 5564 sonamm
277 5509 485 5566 constitutione
508 5509 723 5577 tribuebantur,
739 5507 872 5564 utW1do
893 5508 941 5566 hic
995 5514 1110 5583 gantur,
1131 5508 1243 5579 absque
1255 5521 1380 5578 persona
1394 5508 1553 5566 nuendum
1566 5524 1707 5566 concessi.
1725 5529 1739 5556 u

114 5579 296 5653 Remrgianis
311 5581 361 5638 dat
376 5580 617 5640 crusciniacum:
633 5584 734 5654 postca
748 5596 815 5638 vcro
831 5580 867 5638 ab
884 5580 942 5654 epi·
