3884 6084
106 220 172 315 ¹au

115 355 149 415 17
185 355 247 414 Nisi
261 354 328 430 quia
341 352 471 413 Dominus
485 351 592 427 adjuvit
606 368 649 410 me
664 369 674 408 .·

185 447 367 504 Poulominue
380 443 515 501 habitauit
530 443 558 499 in
572 444 680 515 insemo
695 444 790 507 eninm
803 458 875 499 ntea.

139 534 261 595 ,ubisit
277 535 356 592 enim
373 551 380 591 :
396 533 454 591 nisi
470 533 540 606 quia
553 531 704 601 Dominus,
720 549 774 588 vox
789 531 896 588 Christi
912 530 943 588 in

115 644 241 702 persona
256 626 467 692 membrorum,
486 640 518 679 ac
534 622 652 680 sidicat
668 640 674 677 ε
688 623 718 678 ln
734 620 816 678 illam
831 622 943 679 foveam

571 217 604 282 S.
626 216 824 282 bannonis
848 217 1158 282 uenuleobunsts
1180 214 1369 280 belsebul.
1810 296 1815 301 .

954 352 983 420 A
997 351 1067 409 llnta
1076 350 1207 419 estouia
1220 365 1273 425 per
1286 349 1363 407 hane
1376 347 1428 406 illa
1441 347 1592 406 beatitudo
1607 346 1755 409 coronulis
1764 349 1829 425 psl·

1759 214 1825 281 348

998 459 1052 498 ma
1068 444 1258 516 preparatur.
1275 436 1310 498 ut
1324 443 1400 497 Deus
1414 455 1499 496 meus
1513 436 1544 496 iu
1566 438 1749 512 adjutorium
1763 438 1830 516 spei

998 531 1232 619 meae.Quoniam
1246 529 1294 587 hic
1308 528 1405 587 adbuc
1418 544 1502 602 spem
1517 527 1672 599 habemus,
1687 545 1749 587 non
1764 546 1829 589 rem

997 624 1132 678 tenemus
1147 637 1154 676 :
1171 619 1223 677 sed
1247 636 1329 694 spem
1355 619 1385 676 in
1411 618 1510 675 tuturo
1534 615 1744 693 relinquimus,
1757 618 1831 693 quia

115 715 250 791 protinus
265 714 447 788 incidissem,
464 712 493 768 in
509 729 568 786 qua
582 714 749 786 peccatores
770 715 883 767 certum
899 713 944 768 est
992 709 1058 783 jam
1072 714 1205 767 nostrum
1220 707 1398 766 desiderium
1415 707 1612 782 possidemus.

115 822 202 879 posse
217 801 556 876 demergiPaulorninus
571 800 762 870 habitaverat,
778 800 807 856 id
823 805 878 868 cst,
893 816 942 856 va·

116 893 162 952 nis
186 892 430 967 persuasionibus
457 891 601 963 potuisset
625 889 718 965 decipi
743 889 843 947 anima
867 906 941 958 mea,

115 981 172 1039 nisi
187 981 343 1038 meruisset
358 998 375 1037 a
390 980 512 1037 Domino
524 978 653 1036 liberari.

115 1072 150 1128 ta
186 1071 218 1146 Si
230 1070 375 1128 dicebam:
391 1075 480 1129 Motus
494 1078 533 1126 cst
545 1085 592 1141 pes
607 1084 682 1126 incus
698 1087 708 1123 .·

186 1159 371 1218 Misericordia
385 1164 443 1226 luo,
462 1160 586 1225 Dmnine,
602 1157 748 1230 adjuvabat
761 1173 813 1213 me.

111 1236 115 1243 ’
151 1250 237 1307 Gllic
252 1249 428 1308 beneficium
446 1247 605 1305 celerrime
628 1247 822 1304 confessionis
845 1248 942 1302 oston-

115 1339 241 1406 ditur,ut
255 1356 322 1394 eum
338 1355 369 1394 se
385 1338 473 1394 honio
488 1335 605 1411 lapsum
621 1336 649 1391 in
673 1334 799 1408 peccatis
823 1336 942 1392 conlite-

113 1429 277 1497 tur,ststim
290 1429 412 1483 munera
423 1425 521 1482 diviua
531 1423 697 1481 dimittendi
707 1428 825 1497 peccata
840 1424 942 1482 subse·

116 1515 292 1590 quuntur.Si
306 1516 398 1590 igitur
411 1514 544 1571 dicebam
557 1531 564 1569 ε
575 1513 673 1570 Motus
687 1516 733 1570 est
747 1530 800 1586 pes
815 1512 941 1582 meus‚id

115 1609 161 1663 est
176 1603 302 1679 peccavi,
318 1619 408 1677 quam
424 1603 524 1661 statim
539 1602 598 1659 dixi
621 1618 689 1659 vero
712 1602 808 1668 corde,
825 1601 942 1659 miseri-

116 1693 280 1753 condictus
294 1694 450 1767 adjuvabat
464 1709 521 1748 ms.
538 1693 665 1749 'lantum
685 1690 760 1747 velet
783 1689 942 1747 accelerata
956 1728 980 1794 B

115 1783 270 1852 consessio,
287 1786 401 1841 utente
417 1781 583 1839 remittatur
605 1783 759 1855 peccatum
783 1796 873 1853 quam
888 1795 941 1852 pu·

136 1890 145 1929 1
199 1891 223 1929 r.

114 1877 339 2021 iORtuSecundum
351 1962 557 2020 multitudinem
570 1961 695 2018 dolorum
706 1974 829 2017 nseomm
843 1960 873 2015 ln
882 1974 942 2016 cor-

59 2206 64 2218 „
186 2051 450 2200 Corsonlielicnesluoe
472 2142 680 2213 letificaverunt
703 2142 827 2196 animum
851 2156 941 2197 nieum

150 2232 173 2288 H
189 2232 357 2288 Secundum
373 2230 605 2296 multitudinem,
620 2230 715 2298 idest,
729 2230 941 2303 quantumluil

114 2320 229 2395 pondus
244 2319 535 2394 peanitentiaetautus
550 2319 758 2375 luitnumerus
769 2317 940 2376 consolatio

114 2409 279 2476 numouia
293 2409 411 2482 quando
423 2407 469 2482 egi
484 2407 686 2483 penitentiam
702 2412 730 2465 et
744 2406 871 2465 sustinui
888 2406 939 2463 tri-

113 2496 295 2556 bulationem
310 2497 340 2554 in
356 2496 493 2572 praesenti
506 2497 576 2564 vita,
590 2501 660 2554 tune
674 2492 819 2554 consolari
834 2496 940 2570 gaude·

71 2603 78 2614 ·
114 2584 182 2646 bam
198 2587 228 2646 in
245 2587 354 2655 lutura,
370 2591 399 2644 el
414 2590 524 2661 quanto
539 2586 634 2661 magis
658 2586 702 2659 egi
726 2585 938 2660 peonitentiam,

114 2681 194 2736 tanto
210 2678 305 2752 magis
321 2676 689 2736 consuluissesnellnsm
699 2676 940 2750 ludilaorymam,

113 2785 206 2826 unam
221 2767 314 2824 merui
330 2767 575 2837 consolationem,
591 2768 691 2825 decem
709 2766 770 2823 ludi
783 2765 938 2840 lacrimas,

113 2857 214 2925 decem
230 2856 323 2915 merui
339 2857 562 2914 consolationes.
574 2858 650 2925 Quot
664 2855 795 2929 patimur
808 2854 939 2927 vulnera,

112 2951 520 3017 totmeremuretcoronas,et
530 2946 702 3021 magnitudo
713 2943 939 3001 tribulationum

113 3037 285 3114 magnitudo
300 3036 487 3114 premiorum
503 3040 557 3094 est.

112 3129 149 3184 20
183 3127 316 3202 Nunquid
328 3127 452 3188 cdliaeret
464 3127 517 3185 tibi
530 3126 605 3184 sedes
618 3126 772 3199 iniquitatis
787 3143 796 3182 .·

185 3219 239 3287 Qui
251 3219 335 3289 fineis
351 3218 470 3275 luterem
486 3218 516 3273 in
528 3214 682 3289 precepto?

147 3306 345 3379 GNunquid‘l
359 3305 492 3380 negative
515 3305 672 3378 legendum
698 3308 751 3362 est.
769 3304 858 3361 Sedes
882 3302 938 3359 ini·

113 3392 235 3468 quitatis
247 3410 278 3450 es
293 3394 397 3450 mundi
411 3394 501 3466 hujus
515 3393 689 3466 voluptuosa
703 3393 860 3466 possessio,
873 3408 937 3466 qus

13 3531 16 3535 ,
112 3482 237 3542 Domino
251 3483 377 3539 aderens
390 3500 448 3540 uon
465 3486 569 3556 potest.
586 3483 766 3555 Praeceptum
788 3481 866 3539 enim
882 3482 938 3540 Do·

113 3571 186 3629 mini
201 3571 290 3628 habat
305 3587 312 3626 :
329 3573 409 3632 Beati
425 3571 476 3645 qui
490 3570 592 3645 lugent
607 3575 635 3627 et
645 3571 695 3644 qui
706 3571 940 3644 persecutionem

996 800 1031 856 23
1066 800 1100 856 El
1111 799 1202 857 reddet
1210 800 1269 856 illis
1281 799 1455 872 iniquitatem
1470 799 1591 870 ipserum
1604 815 1615 853 :

1067 894 1101 947 llt
1115 890 1145 944 in
1158 888 1269 945 melitio
1285 904 1378 944 corum
1392 886 1530 961 disperdet
1541 902 1586 944 eos
1600 904 1611 944 .·

1080 982 1125 1059 05(-
1148 977 1292 1050 Disperdel
1307 977 1369 1034 illos
1384 995 1394 1032 .·
1409 976 1540 1034 Dominus
1554 976 1625 1033 Deus
1637 984 1740 1034 nomm.

1000 1066 1004 1073 ’
1032 1069 1053 1126 G
1069 1070 1103 1126 bt
1116 1068 1217 1125 reddet
1231 1065 1332 1134 illis,id
1348 1070 1393 1123 est
1408 1066 1548 1122 retribuet
1561 1064 1648 1122 malis
1661 1065 1829 1124 secundnm

996 1162 1063 1215 vola
1077 1156 1214 1231 nequitie
1228 1160 1330 1225 sumet
1343 1159 1411 1212 nota
1423 1155 1501 1229 quod
1514 1154 1570 1211 hoc
1580 1153 1830 1226 nomen,mnlitis,

997 1253 1042 1306 est
1056 1264 1147 1323 capax
1161 1245 1294 1305 omnium
1309 1245 1477 1313 criminum,
1494 1244 1572 1301 sicut
1586 1243 1718 1302 charites
1728 1247 1775 1302 est
1784 1261 1831 1302 os·

997 1354 1052 1412 pax
1067 1336 1200 1394 omnium
1215 1336 1367 1392 virtutum.
1385 1333 1539 1407 Disperdet
1552 1349 1612 1405 ecs,
1630 1332 1660 1391 id
1674 1338 1734 1404 est,
1745 1351 1764 1391 s
1775 1351 1829 1393 sno

997 1444 1086 1502 regno
1101 1425 1212 1484 alienos
1228 1424 1343 1482 elliciet.

1232 1532 1335 1571 enarro
1352 1532 1388 1570 sx
1408 1531 1487 1571 esso.
1508 1527 1585 1570 xeun

1032 1604 1120 1662 lirudi
1136 1621 1201 1673 nos,
1213 1602 1512 1671 Domine,secundum
1522 1600 1744 1660 benevolentias
1754 1600 1826 1678 legis

995 1699 1063 1762 tue,
1079 1697 1108 1751 st
1122 1697 1184 1750 esto
1199 1692 1284 1749 nobis
1298 1692 1329 1748 in
1344 1690 1533 1748 tribulatione
1546 1689 1764 1766 relufflunnqui
1777 1690 1827 1751 hc·

997 1784 1128 1841 minibus
1143 1784 1303 1856 prudenter
1316 1779 1451 1839 insinuas
1466 1780 1631 1850 scientiam,
1647 1795 1686 1838 ne
1699 1778 1824 1840 derelin-

997 1878 1099 1949 quant.
1116 1874 1170 1930 Per
1184 1871 1342 1930 Dominum
1358 1873 1492 1928 nostrum
1506 1869 1619 1939 lesum,
1635 1872 1692 1928 stc.

1271 1995 1435 2055 PSALMUS
1453 1994 1547 2052 xciv.

1208 2129 1409 2172 insonuerunt
1433 2129 1513 2170 essu.
1532 2128 1610 2169 xciv.

1030 2233 1051 2290 G
1063 2232 1208 2308 Propheta
1221 2231 1325 2288 incitat
1339 2228 1464 2304 populos
1479 2228 1515 2286 ad
1526 2227 1646 2286 laudem
1654 2226 1820 2287 licinanius.

1136 2322 1194 2379 TT.
1208 2328 1236 2389 ÷
1257 2322 1329 2378 leus
1343 2320 1459 2376 mnticis
1474 2319 1530 2392 ipsi
1542 2316 1630 2375 Dauid
1650 2323 1659 2385 ζ
1695 2336 1705 2373 .·

1029 2411 1153 2480 Chaos,
1167 2411 1247 2467 vocis
1269 2409 1416 2484 significet
1438 2407 1639 2477 devotionem,
1659 2406 1822 2476 canticum,

993 2500 1170 2558 hilaritatem
1186 2498 1302 2557 mentis.
1316 2498 1398 2564 Quod
1414 2495 1573 2570 utrumque
1588 2496 1619 2554 in
1638 2513 1727 2570 opere
1742 2494 1820 2572 psal·

994 2591 1098 2647 modia
1113 2590 1200 2646 debet
1213 2605 1277 2646 esse
1301 2587 1455 2645 sociatum.
1473 2579 1531 2658 Ipsi
1554 2585 1655 2658 David,
1672 2585 1821 2662 significat

992 2680 1150 2749 Christum,
1167 2678 1214 2735 cui
1229 2676 1294 2735 laus
1309 2677 1366 2734 ista
1380 2679 1525 2733 cantatur.

994 2771 1007 2828 l
1065 2770 1165 2839 Venite,
1180 2768 1346 2825 exsultemus
1359 2768 1483 2824 licinium.

1062 2859 1214 2917 iubilemus
1226 2857 1280 2915 ileo
1293 2857 1412 2914 solutori
1424 2861 1526 2913 nostro.

1028 2946 1165 3006 CVonitc
1179 2946 1257 3005 enim
1273 2945 1331 3003 illis
1347 2944 1454 3003 dicitur
1476 2944 1527 3018 qui
1546 2944 1631 3019 longe
1645 2945 1736 3021 positi
1752 2963 1822 3005 ssn·

993 3036 1172 3110 liuntur,qui
1184 3053 1216 3094 se
1231 3036 1357 3093 necdum
1366 3035 1434 3092 ndei
1444 3032 1610 3109 integritate
1620 3034 1731 3109 populo
1741 3033 1823 3094 tideli

953 3112 976 3180 G
991 3127 1163 3200 iunxerunt.
1179 3127 1231 3184 list
1245 3127 1343 3182 autem
1358 3123 1513 3181 exsultatio
1527 3122 1618 3197 hujus
1633 3123 1745 3194 saeculi,
1757 3141 1822 3199 qun

994 3219 1117 3289 occupat
1131 3215 1245 3273 animas
1258 3213 1401 3272 infideles.
1418 3213 1485 3271 ldec
1501 3213 1613 3270 addidit
1626 3212 1696 3285 Deo,
1711 3212 1751 3272 (le
1764 3230 1823 3289 quo

993 3323 1060 3363 vera
1075 3310 1119 3363 est
1134 3304 1299 3362 exsultatio⁸
1314 3303 1446 3361 lubilare
1459 3319 1525 3360 essa
1539 3318 1682 3377 magnum
1697 3305 1823 3363 modum

994 3394 1108 3461 letitia,
1125 3394 1171 3450 cui
1187 3410 1283 3451 sermo
1299 3409 1357 3449 non
1373 3391 1492 3460 sufficit,
1508 3407 1584 3466 sepe
1597 3387 1741 3491 diximum

992 3487 1011 3541 2
1063 3486 1288 3557 Praemcupemus
1300 3481 1403 3558 sociem
1415 3481 1474 3554 eim
1486 3482 1518 3539 ln
1532 3482 1726 3553 centesimis:

1064 3574 1096 3630 dl
1108 3575 1137 3630 in
1150 3574 1265 3646 psalmis
1275 3572 1427 3645 jubilemus
1439 3573 1475 3628 ei.

112 3660 266 3736 patiuntur
279 3660 567 3735 propterjustitiam,
583 3660 724 3732 quoniam
747 3659 871 3716 istorum
894 3663 939 3716 est
1029 3663 1276 3737 CProeoecupare,
1301 3666 1346 3719 cst
1374 3659 1485 3734 aliquid
1514 3663 1582 3718 ante
1607 3660 1714 3732 lacera,
1731 3678 1822 3736 quem

112 3767 237 3825 reguum
252 3749 392 3806 ooelorum
406 3749 510 3820 (llcttli.
526 3751 564 3819 v).
582 3749 616 3804 ut
630 3753 806 3822 preceptum
822 3747 938 3806 Domini
994 3749 1042 3809 ille
1067 3751 1159 3825 possit
1182 3751 1279 3808 videre
1304 3749 1354 3824 qui
1377 3748 1506 3806 creditur
1529 3749 1675 3808 advenies.
1691 3749 1821 3819 Faciem,

113 3839 292 3915 inpraesenti
307 3838 412 3896 seculo
428 3839 558 3896 laborem
570 3842 599 3894 et
613 3837 743 3895 dolorem
765 3837 862 3906 babet,
880 3855 939 3895 non
993 3841 1064 3898 dicit
1079 3844 1269 3915 conspectum
1285 3838 1390 3897 Christi
1402 3838 1566 3910 injudicio,
1583 3838 1612 3896 id
1626 3842 1673 3896 est
1686 3842 1721 3896 ut
1734 3840 1825 3899 conli-

112 3930 243 4003 requiem
259 3945 311 3987 nso
324 3928 555 4004 gaudiumouia
569 3931 650 3984 arcta
664 3928 885 4000 stangustavis
894 3931 939 3986 est
993 3935 1108 3989 tsamur
1122 3929 1252 3987 lacinora
1266 3933 1366 3987 nostra
1380 3932 1447 3986 aute
1458 3928 1629 4002 judicialem
1638 3928 1706 4001 alus
1716 3929 1824 3987 adveu-

112 4037 177 4094 que
188 4019 268 4076 ducit
277 4019 314 4075 ad
324 4016 636 4092 vitamllingerssnim
645 4015 791 4090 plasmare
800 4016 937 4086 dicimus,
994 4024 1068 4077 tum.
1084 4019 1251 4077 iubilemus
1265 4019 1295 4075 in
1312 4016 1444 4092 psalmis,
1460 4018 1484 4074 H
1499 4016 1610 4074 scilicet
1630 4017 1661 4075 in
1681 4016 1822 4077 cordibus

112 4111 141 4164 et
155 4107 206 4181 qui
221 4105 374 4176 mentitur,
391 4106 501 4180 aliquid
518 4106 575 4163 sibi
591 4105 736 4180 plasmare
750 4105 875 4163 videtur.
887 4105 939 4163 llic
993 4110 1101 4167 nostris
1113 4108 1282 4182 psallentes,
1298 4107 1329 4163 id
1345 4111 1390 4164 est
1403 4104 1512 4181 gratias
1528 4110 1655 4182 agentes.

110 4201 210 4255 autem
224 4196 334 4272 lingere
344 4194 645 4263 Deoattribuitur‚ille
659 4195 796 4252 formavit
809 4193 938 4252 laborem
992 4201 1010 4256 3
1065 4199 1201 4268 Quoniam
1215 4198 1285 4255 Deus
1299 4213 1418 4266 mannus
1431 4197 1585 4255 Dominus:

111 4286 141 4343 in
157 4291 309 4360 precepto.
325 4286 349 4343 ll
365 4286 455 4343 Nemo
470 4286 549 4342 enim
563 4285 714 4343 dormiens
729 4288 894 4343 coronatur.
1063 4289 1097 4344 Et
1110 4304 1161 4345 ree
1171 4303 1286 4360 mcpnus
1301 4301 1383 4360 super
1396 4302 1487 4343 omnes
1501 4286 1572 4343 deos.

110 4376 143 4432 21
184 4376 337 4449 captabunt
351 4377 382 4432 ln
395 4377 520 4432 animem
534 4373 603 4442 iusti
617 4393 626 4431 :
1027 4377 1048 4434 C
1063 4377 1190 4436 Dicendo
1205 4376 1294 4446 enim,
1311 4375 1451 4450 quoniam
1464 4379 1540 4433 Deus
1554 4390 1682 4449 magnus
1691 4376 1825 4434 ostendit

181 4465 215 4520 nt
228 4466 391 4536 sanquinem
404 4465 574 4521 innocentem
587 4463 814 4520 condemnabunt.
952 4483 976 4549 p
991 4465 1076 4523 illum
1091 4483 1156 4524 csse
1180 4465 1391 4540 potentiorem
1406 4481 1534 4539 magnus
1558 4464 1666 4539 quippe
1688 4463 1740 4524 hio
1762 4483 1823 4525 nou

146 4552 346 4627 GGaptabunt
366 4551 445 4608 enim
466 4552 549 4620 dixit,
569 4551 654 4624 quasi
678 4552 807 4625 captiose
831 4556 937 4609 tracta·
992 4555 1109 4626 dicitur,
1124 4555 1180 4611 nisi
1200 4553 1262 4632 qui¹
1275 4570 1398 4611 summae
1421 4553 1575 4627 potestatis
1597 4569 1695 4611 arcem
1721 4558 1823 4612 tencre

110 4643 195 4711 hunt,
211 4641 394 4716 quieveram
409 4657 530 4697 causam
554 4640 688 4697 criminis
709 4640 740 4697 ln
757 4641 936 4715 martyribus
991 4648 1183 4702 monstratur.
1197 4644 1273 4701 Deos
1288 4644 1376 4700 etiam
1400 4642 1535 4701 homines
1558 4645 1675 4701 sanctos
1690 4641 1824 4717 appellet

108 4736 309 4807 persecutores
323 4730 454 4788 invenire
474 4746 533 4786 nou
556 4732 690 4804 possunt.
705 4728 740 4787 ut
761 4730 936 4803 sanguinem
991 4751 1079 4808 super
1094 4750 1168 4808 quos
1183 4729 1327 4790 Dominus
1337 4747 1522 4807 rexmagnus
1533 4731 1731 4805 est,quouiam
1742 4736 1824 4792 creat

109 4823 294 4882 innocentem
311 4838 318 4878 :
335 4821 371 4878 ad
387 4819 537 4879 Christum
552 4818 607 4876 hoc
622 4819 718 4891 potest
740 4818 852 4887 reterri,
868 4817 937 4892 quia
990 4823 1089 4881 omnia
1103 4828 1132 4881 et
1146 4822 1222 4897 regit
1236 4822 1382 4881 universa.

108 4929 174 4970 vere
188 4912 329 4970 innocens
344 4927 397 4984 pro
416 4913 517 4968 nostra
538 4906 737 4981 redemptione
761 4908 936 4968 senteutiam
990 4914 1007 4970 l
1063 4913 1134 4983 Quin
1148 4912 1530 4985 inmanuejmscntcmnes
1543 4913 1612 4984 fines
1626 4918 1737 4969 utrae:

108 5001 224 5072 injuste
238 4999 443 5058 condemnatis
458 4998 579 5073 accepit.
1061 5004 1095 5059 nt
1110 5001 1271 5058 altitudines
1286 5003 1421 5058 montium
1434 5003 1522 5075 ipsius
1535 5005 1611 5058 sunt.

108 5091 145 5144 22
180 5088 213 5144 Et
226 5091 368 5161 seclusum
382 5090 513 5146 Dominus
526 5088 599 5146 milii
611 5090 641 5146 in
656 5089 795 5163 resupium
810 5107 820 5146 :
1025 5092 1046 5150 (l
1060 5091 1145 5149 Fines
1157 5094 1243 5149 torre
1257 5091 1295 5150 ad
1310 5096 1411 5166 gentes
1434 5089 1560 5166 pertinet
1574 5087 1739 5157 universas,
1755 5102 1821 5162 quo

180 5178 213 5233 dl
227 5178 297 5233 Deus
310 5192 387 5233 mem
401 5179 432 5233 in
445 5178 615 5251 adjutorium
628 5179 687 5251 spei
699 5192 778 5236 nseae.
989 5180 1104 5239 Christo
1119 5179 1198 5237 lldeli
1213 5179 1364 5239 devotione
1384 5181 1523 5254 subjecte
1544 5183 1624 5237 suut.
1639 5166 1819 5236 Altitudincs

103 5288 112 5298 ·
145 5265 225 5323 CHic
236 5264 547 5324 ostenditnihilvalere
555 5266 771 5341 persecutiones
781 5267 935 5325 homiuum
990 5266 1818 5343 montium,polcstatcssaeculihonoresqucterrenisuut,

110 5358 211 5412 contra
221 5352 370 5411 Christum
385 5352 430 5410 vel
444 5360 544 5411 contra
558 5359 742 5432 martyres,et
755 5373 789 5414 eo
805 5359 935 5432 tempore
989 5359 1040 5435 qui
1053 5362 1152 5416 tamen
1168 5358 1291 5417 Domino
1307 5359 1432 5433 subjecti
1448 5358 1636 5429 sunt,stideo
1646 5357 1742 5433 ipsius
1752 5371 1819 5414 esse

110 5442 205 5516 magis
233 5442 305 5498 dic-it
332 5441 464 5498 divinum
494 5443 550 5500 sihi
579 5445 747 5519 provenisse
775 5447 933 5521 refugium,
988 5447 1304 5524 dicuntur.lll³ugillo
1319 5449 1409 5519 enim,
1420 5449 1450 5509 id
1461 5443 1819 5524 estpotestateconcludlt

111 5533 227 5610 quando
243 5532 381 5607 superbla
395 5531 530 5590 humans
551 5534 762 5609 persecutionis
776 5537 874 5597 studio
888 5537 933 5597 in·
988 5556 1105 5600 omnem
1121 5537 1308 5600 latitudinem
1323 5542 1417 5599 terra.
