3884 6084
63 260 121 322 59¹!

646 260 698 323 DD
720 257 995 324 uenvnaslont
1016 261 1052 322 B.
1068 260 1195 324 AFDAE.

1710 262 1771 330 898
1788 295 1793 304 ·

62 395 89 455 ei
101 391 314 454 Narcissusrffi
330 396 413 470 potes
429 393 582 454 nobiscum
600 413 730 467 manere,
742 395 890 454 manaDi-
903 391 933 463 A
947 393 1141 454 cidentalibus
1157 393 1274 472 populis
1288 413 1360 454 vera
1378 393 1444 456 ddei
1463 394 1564 457 lumen
1586 398 1725 468 ostendit,
1741 404 1771 459 et

62 489 102 544 eit
116 486 143 543 ei
159 488 273 543 damon
291 504 297 542 :
314 485 343 543 Si
360 486 501 560 expandis
514 503 620 543 manus
636 490 703 543 tuas
718 487 753 542 ad
770 485 888 555 roelum,

60 582 91 634 et
105 576 200 633 Deciis
216 592 311 649 genua
326 579 378 631 tua
392 580 421 630 ot
435 575 536 648 psallis
551 577 608 632 Deo
623 580 749 643 tuo,non
766 592 887 648 possum

59 666 108 722 bie
124 681 254 720 munero.
272 664 347 720 Dicit
366 664 392 719 ei
413 665 566 720 Narcissus
584 683 590 720 :
607 666 764 736 Nunquam
781 665 833 720 tibi
851 665 888 720 sit

58 754 306 821 bene,immundo
321 753 458 826 spiritus;
470 771 528 809 non
540 753 634 808 solum
651 757 748 808 autem
764 754 887 825 ego,sed

58 848 91 901 et
103 844 154 898 isti
176 859 279 899 omnes
303 846 365 897 tota
389 847 474 898 noete
499 859 614 899 mecum
641 843 764 898 Domino
788 846 888 897 nostro

59 934 179 989 Dectcnt
193 949 299 1004 genua,
317 936 346 986 et
360 930 462 987 landes
478 932 503 986 ei
519 948 577 986 una
601 931 754 986 nobiseum
770 936 886 987 canent.

59 1023 144 1078 Tune
160 1021 274 1075 damon
287 1020 356 1076 dira
367 1020 446 1076 vocis
458 1020 640 1076 teterrimum
652 1019 797 1076 ululatum
806 1021 887 1075 cmit-

59 1115 127 1167 teus
144 1127 293 1183 nusquam
305 1109 479 1182 comparuit.

95 1205 123 1254 S.
142 1204 241 1255 autem
256 1197 409 1254 Narcissus
420 1200 575 1271 episcopus
587 1199 654 1254 lecit
665 1204 730 1272 post
738 1199 887 1271 jejunium

58 1291 182 1362 reficere
196 1289 296 1344 Asnam
312 1304 379 1343 eum
395 1291 486 1344 matre
503 1294 672 1345 suaetcum
689 1288 796 1361 puellis
812 1289 886 1356 suis,

58 1397 135 1453 quas
149 1381 308 1434 trementes
323 1394 375 1449 pro
389 1394 422 1433 eo
438 1378 515 1449 quod
530 1377 664 1433 viderant
679 1383 707 1434 et
722 1378 887 1444 audierant,

57 1469 121 1524 suis
137 1466 261 1524 monitis
274 1470 303 1522 et
317 1466 499 1522 orationibus
515 1467 697 1523 confortavit.
713 1468 778 1539 lpse
789 1470 887 1523 autem

58 1573 125 1612 oum
143 1557 173 1612 S.
191 1556 285 1612 Felice
308 1554 430 1611 diacono
455 1572 508 1610 suo
534 1572 591 1610 non
618 1555 727 1622 reiecit,
744 1557 840 1612 sciens
855 1572 887 1612 sc

59 1663 147 1702 mane
168 1645 278 1701 iterum
302 1661 369 1699 eum
385 1645 515 1700 damone
531 1649 677 1701 certamen
694 1644 885 1713 habiturum;

944 487 1021 560 apud
1037 487 1204 544 Gerundam
1219 487 1346 560 gloriosa
1357 492 1449 544 morte
1460 488 1610 561 requievit.
1618 488 1690 545 Cum
1701 504 1770 562 ergo

944 576 1052 632 multos
1069 577 1104 632 ad
1120 576 1226 632 Christi
1243 578 1330 633 fidem
1342 582 1531 644 converteret,
1543 579 1671 650 quadam
1683 578 1730 636 die
1739 577 1769 634 in

943 666 1080 722 Gerunda
1095 665 1172 721 inter
1186 665 1251 738 ipsa
1264 667 1474 722 sacrificiorum
1490 668 1665 739 mysteria,a
1674 683 1770 742 perse·

944 755 1095 810 autoribus
1107 754 1270 811 trucidatus
1278 754 1308 810 iu
1318 756 1500 811 consessione
1510 755 1662 812 Trinitatis
1673 756 1769 812 tribus

943 842 1266 910 vulneribus,videlicet
1280 845 1310 899 in
1327 844 1499 912 humero,ct
1513 849 1630 917 gutture
1645 849 1673 902 et
1688 863 1769 913 sura,

943 936 985 987 cst
1003 931 1185 988 debilitatus.
1202 932 1343 1005 Denique,
1360 933 1504 1005 completo
1519 933 1688 990 veneranda
1704 951 1770 1007 pas·

943 1021 1035 1076 sionis
1047 1038 1135 1076 eursu
1147 1022 1314 1095 magnifico,
1324 1039 1461 1078 coronam
1473 1022 1571 1095 gloria
1581 1028 1770 1080 esteonseeu·

943 1114 991 1165 tus
1006 1127 1023 1165 a
1038 1110 1161 1166 Domino
1177 1111 1241 1166 etin
1257 1115 1397 1167 aeternum
1411 1115 1513 1184 regnat
1528 1128 1595 1168 eum
1610 1111 1769 1186 illo.Cujus

942 1198 1106 1254 venerabile
1121 1216 1228 1270 corpus
1241 1200 1384 1256 haetenus
1395 1200 1597 1273 incorruptum
1609 1202 1644 1257 ad
1654 1200 1769 1274 insigne

943 1293 1042 1344 manet
1058 1288 1253 1357 miraculum;
1271 1289 1393 1361 spiritus
1409 1293 1507 1345 autem
1523 1292 1698 1362 conjunctus
1713 1291 1768 1347 Do-

943 1377 1022 1433 mino
1038 1378 1067 1432 in
1082 1377 1249 1434 coelestibus
1262 1378 1361 1451 regnis
1377 1378 1503 1435 exsultat
1517 1395 1584 1434 eum
1600 1378 1660 1434 illo.
1676 1382 1770 1447 Quan-

942 1484 1031 1539 quam
1047 1467 1124 1522 enim
1151 1467 1260 1540 ubique
1284 1467 1420 1523 Christus
1441 1485 1511 1524 suos
1525 1467 1555 1523 iu
1571 1469 1716 1524 mundum
1732 1469 1768 1525 ad

942 1555 1160 1629 praedicandum
1178 1555 1308 1612 misisset
1321 1555 1480 1628 apostolos,
1497 1556 1658 1628 multisque
1672 1557 1768 1614 adhue

941 1645 1114 1719 gentilitatis
1127 1645 1276 1702 erroribus
1289 1644 1410 1717 plurimi
1424 1646 1548 1703 luissent
1564 1649 1708 1720 occupati,
1724 1653 1769 1704 ta·

60 1735 178 1791 transiit
195 1750 313 1806 quoque
327 1737 442 1789 noctem
458 1734 589 1789 oratione
599 1738 628 1788 et
639 1734 821 1805 psalmorum
838 1751 885 1789 ca·
903 1771 926 1837 B
942 1753 1008 1791 men
1020 1734 1069 1790 Dei
1082 1735 1281 1790 misericordia
1291 1752 1324 1791 ac
1335 1735 1537 1809 Redemptoris
1548 1736 1640 1793 nostri
1656 1737 1769 1794 favente

61 1824 183 1880 neribus
201 1821 328 1896 plenam.
345 1823 396 1878 Die
411 1827 507 1878 antem
524 1827 597 1888 orto,
614 1823 697 1878 adest
712 1824 826 1879 daemon
842 1823 886 1878 di·
942 1824 1217 1891 clementia,boatus
1231 1824 1386 1880 Narcissus
1402 1824 1503 1880 doctor
1518 1825 1602 1881 nobis
1618 1827 1768 1898 apostolus

64 2003 137 2075 quod
152 2001 261 2058 dedisti
277 2007 344 2057 ante
359 2001 463 2067 Deum,
475 2006 502 2057 et
517 2002 554 2057 da
570 2000 642 2056 mihi
658 2002 787 2057 animam
800 2003 886 2073 eujus

66 2108 167 2165 corpus
182 2090 362 2158 occidam,et
371 2091 501 2146 animam
512 2091 607 2162 ipsam
623 2107 737 2145 mecum
750 2090 884 2146 habeam.

10 2248 12 2263 Ι
66 2179 283 2254 Desponditque
296 2179 325 2234 S.
337 2179 491 2236 Narcissus
501 2180 620 2235 dicens:
635 2181 669 2234 Dt
685 2185 716 2234 tu
728 2181 798 2250 jura
814 2179 886 2235 mihi

62 2267 89 2324 in
105 2269 229 2324 nomine
255 2269 370 2324 Domini
394 2269 450 2324 mei
466 2269 613 2324 utstatim
628 2268 784 2324 interficies
799 2286 886 2341 quam

62 2358 112 2414 tibi
134 2358 255 2423 dedero,
271 2361 301 2413 et
324 2358 370 2413 dic
386 2357 469 2424 mihi,
488 2359 512 2413 si
530 2375 586 2413 non
603 2357 772 2423 interficias
784 2358 887 2429 jubeat

57 2448 113 2503 tibi
131 2452 208 2504 Deus
223 2450 258 2504 ut
281 2446 370 2503 vadas
395 2447 423 2502 in
447 2448 596 2520 abyssum.
613 2446 691 2502 Dixit
706 2447 730 2501 ei
747 2447 860 2503 damon
878 2464 885 2502 ι

53 2534 113 2593 Per
127 2537 227 2609 ipsum
237 2538 308 2608 juro
324 2536 373 2608 qui
388 2553 441 2592 nos
456 2554 523 2592 cum
537 2537 668 2609 principe
691 2540 790 2592 nostro
807 2536 885 2603 vicit,

33 2626 85 2679 -si
95 2643 153 2681 uon
161 2625 253 2697 jubes
264 2626 305 2681 ire
316 2625 345 2680 in
356 2625 506 2698 abyssum,
515 2625 591 2696 quod
604 2625 702 2680 statim
714 2624 887 2681 interficiam

44 2729 127 2771 eum
138 2731 228 2787 quem
241 2713 313 2769 mihi
324 2714 439 2769 dederis
450 2714 479 2768 iu
492 2719 675 2786 potestatem.
690 2714 765 2768 Dixit
778 2713 803 2769 ei
813 2714 888 2769 Nar-

45 2803 156 2860 cissus
172 2821 180 2860 :
196 2803 276 2860 Vade
286 2804 371 2874 juxta
384 2803 493 2859 lentem
508 2801 626 2875 Alpium
642 2801 798 2870 luliarum,
809 2803 887 2858 unde

45 2904 148 2948 nemo
163 2897 262 2965 potest
275 2909 382 2965 aquam
400 2892 506 2958 bibere,
524 2909 581 2947 non
597 2891 695 2959 homo,
712 2910 770 2947 non
787 2909 886 2963 pecus,

48 2995 119 3037 non
141 2980 204 3036 iera
218 2979 327 3053 aliqua,
345 2981 414 3053 quia
428 2981 514 3036 draco
530 2979 569 3035 ibi
586 2979 708 3048 habitat,
723 2984 751 3034 et
766 2980 801 3035 de
817 2980 887 3035 llatu

48 3071 248 3142 eJas,omnes
264 3071 314 3142 qui
329 3071 365 3125 ad
382 3070 490 3126 fontem
506 3069 692 3139 accesserint,
709 3069 885 3124 moriuntur.

940 2006 1033 2059 estote
1055 2002 1217 2057 secundum
1243 2001 1392 2075 egregiam
1419 2001 1655 2075 pradicationem
1674 2002 1766 2071 Pauli,

940 2091 1018 2148 sieut
1038 2096 1066 2147 ot
1089 2090 1137 2146 ille
1161 2091 1272 2147 exstitit
1297 2091 1415 2147 Christi.
1433 2092 1462 2147 Si
1480 2091 1546 2165 quis
1563 2097 1659 2149 autem
1677 2092 1767 2165 parti·

941 2179 1037 2237 culam
1044 2179 1178 2252 justitiae,
1191 2180 1249 2235 Deo
1260 2180 1448 2251 eoncedente,
1460 2181 1490 2235 iu
1504 2182 1588 2237 corde
1599 2198 1653 2237 suo
1668 2197 1768 2238 sense·

941 2270 987 2336 rit,
1005 2270 1040 2325 ad
1056 2267 1294 2341 pradicationem
1317 2268 1424 2342 egregii
1449 2269 1586 2342 martyris
1607 2269 1767 2343 confugiat,

941 2376 977 2414 ne
992 2359 1069 2431 quod
1084 2359 1112 2413 in
1127 2375 1158 2414 se
1181 2362 1292 2414 rectum
1309 2358 1424 2413 videtur
1438 2362 1526 2427 stare,
1544 2358 1691 2415 ullatenus
1705 2376 1769 2415 eor·

941 2451 1016 2503 ruat.
1029 2447 1056 2501 Si
1071 2447 1137 2519 quis
1152 2463 1229 2514 vero,
1242 2447 1320 2520 quod
1337 2447 1423 2515 absit,
1435 2448 1609 2504 enormitate
1624 2448 1768 2505 scelerum

940 2538 1104 2609 pressusad
1117 2537 1228 2592 lorcam
1239 2535 1332 2591 tendit
1343 2536 1768 2609 desperationis,poeuitentiam

940 2626 1013 2682 dira
1030 2626 1234 2697 sociarumque
1250 2625 1330 2680 illius
1348 2626 1489 2682 imitando
1507 2626 1660 2682 intueatur
1674 2643 1767 2683 mere·

941 2714 1033 2780 tricis,
1049 2732 1112 2786 quaa
1129 2731 1180 2785 per
1194 2713 1365 2769 Narcissum
1382 2715 1538 2781 edoctae3et
1552 2732 1604 2787 per
1618 2715 1767 2772 Christum
1854 2712 1857 2716 ’

941 2803 1067 2869 salvata,
1080 2804 1218 2867 tructam,
1231 2801 1346 2858 Christo
1358 2803 1649 2876 donante,percipere
1656 2821 1769 2861 merue-

941 2896 1011 2947 runt
1022 2889 1154 2962 justitias.
1173 2890 1246 2962 lpse,
1264 2892 1314 2962 qui
1331 2907 1411 2947 more
1426 2890 1522 2947 Dlisaai
1538 2892 1766 2950 amaritudinem

940 2997 1022 3052 aquas
1033 2978 1144 3035 orando
1159 2979 1245 3034 vertit
1258 2980 1286 3033 in
1303 2979 1499 3045 dulcedinem,
1511 2981 1619 3052 poterit
1633 2984 1766 3053 peccato·

942 3086 1007 3124 rum
1019 3072 1185 3124 nostrorum
1201 3068 1310 3123 orando
1324 3067 1430 3140 pellere
1446 3068 1766 3135 amaritudinem,etde

51 3157 145 3214 Eune
158 3158 326 3225 draconem,
339 3159 421 3224 arado,
437 3158 577 3224 interfice,
593 3163 622 3213 et
636 3158 766 3213 animam
782 3158 846 3229 ejus
858 3158 887 3212 in
903 3144 924 3211 C
943 3157 1049 3213 (tlrristi
1073 3156 1167 3229 gratia
1193 3156 1308 3228 pietatis
1334 3173 1436 3228 parare
1459 3157 1674 3213 remissionem.
1688 3158 1767 3223 Inter

56 3248 144 3303 tuam
155 3247 256 3319 redige
266 3248 537 3320 potestatemTune
549 3246 889 3302 exclamavildaemondi-

61 3350 133 3391 cens
150 3354 157 3391 :
173 3335 197 3391 D
211 3336 383 3408 episcopum
401 3335 589 3404 mentiosum,
607 3336 727 3407 insuper
742 3336 830 3391 etiam
844 3352 891 3392 rue

67 3423 207 3498 obligavit
228 3425 397 3495 juramento
419 3423 593 3480 utamicum
620 3441 719 3480 meum
747 3424 889 3493 occidam,

68 3513 195 3584 quamsi
212 3530 270 3569 non
285 3513 424 3580 oeciders,
441 3512 599 3585 compellar
623 3514 664 3569 ire
688 3514 717 3568 in
740 3514 889 3586 abyssum.

70 3602 141 3658 Tum
155 3603 272 3658 daemon
287 3602 430 3659 abscessit
443 3606 471 3657 et
485 3602 590 3658 oceidit
603 3599 770 3670 diaconem,
781 3609 810 3659 et
820 3602 891 3658 libe-

72 3694 147 3748 ratus
162 3695 209 3748 est
223 3691 290 3747 lons
303 3692 339 3747 ad
356 3708 443 3748 usum
459 3691 613 3747 hominum
628 3691 765 3762 usquein
780 3691 893 3748 hodier-

74 3796 138 3836 nam
154 3780 246 3837 diem.

10 3914 13 3937 ,
106 3873 156 3926 Per
166 3869 233 3926 dies
249 3873 347 3925 autem
360 3868 503 3942 plurimos
522 3871 621 3926 docuit
635 3888 684 3926 eas
695 3871 818 3926 verbum
834 3871 891 3927 Do·

77 3958 151 4025 mini,
167 3963 197 4015 et
210 3959 358 4031 baptizata
372 3963 417 4015 ast
431 3958 542 4014 Hilaria
556 3962 584 4014 et
598 3958 659 4014 filia
675 3976 729 4014 sua
741 3959 810 4014 Afra
825 3976 892 4015 eum

79 4046 173 4117 puellis
183 4048 258 4116 suis,
269 4052 299 4104 et
309 4065 377 4104 eum
387 4047 525 4104 omnibus
535 4047 632 4104 charis
643 4047 715 4114 suia,
727 4052 755 4103 et
765 4048 832 4104 tecit
842 4048 893 4104 do·

83 4150 151 4192 narn
166 4135 282 4193 Hilariae
296 4135 460 4203 ecclesiam,
472 4140 500 4192 et
510 4128 655 4193 ordinavit
664 4137 707 4193 eis
722 4137 893 4217 episcopum

85 4222 218 4284 zozimum
230 4224 407 4281 avunculum
419 4227 503 4281 dirae.
515 4227 578 4298 lpse
588 4231 686 4282 autem
695 4227 893 4293 S.Narcissus,

86 4314 204 4383 perlectis
215 4315 317 4371 ordine
330 4316 427 4383 rebus,
435 4320 501 4388 post
509 4331 626 4371 menses
638 4316 783 4372 novemad
792 4316 895 4388 Hispa-

89 4401 151 4459 niam
166 4403 313 4477 preleetus
328 4407 373 4460 cst
386 4404 424 4460 ad
438 4403 585 4460 civitatem
602 4404 780 4472 Gerundam,
792 4404 822 4459 in
837 4421 897 4476 qua

945 3248 1015 3312 hae,
1031 3245 1212 3301 dilectissimi
1230 3246 1343 3310 tratres,
1359 3245 1388 3300 in
1414 3245 1585 3318 bnjusmodi
1609 3245 1769 3304 venerabili

945 3334 1026 3393 cultu
1043 3337 1199 3401 funestam,
1216 3335 1388 3407 sacrilegam
1413 3339 1500 3408 atqua
1525 3353 1690 3408 perversam
1715 3337 1771 3394 lle·

945 3426 1089 3482 bracarum
1114 3424 1252 3496 corripite
1276 3423 1401 3496 plebem,
1416 3423 1503 3480 atita
1518 3424 1612 3481 diseat
1628 3424 1773 3482 solemnia

946 3513 1083 3586 martyris
1103 3513 1233 3568 arcuerari
1260 3530 1347 3585 quom
1372 3530 1525 3586 nunquam
1549 3513 1649 3571 volens
1669 3514 1774 3572 didicit

947 3621 1044 3659 amare
1059 3601 1103 3658 vel
1118 3603 1246 3657 eredere.
1263 3602 1363 3681 Sed,⁵o
1378 3602 1432 3658 tlos
1447 3603 1586 3676 paradisi,
1603 3603 1774 3662 beatissime

946 3690 1315 3763 Narcisse,qualescuuque
1326 3695 1442 3748 nostras
1452 3695 1481 3748 et
1491 3692 1616 3751 nimium
1628 3693 1774 3751 exilesno·

947 3785 1075 3838 atrorum
1092 3780 1208 3851 suscipe
1221 3779 1371 3846 laudes,et
1381 3781 1431 3852 qui
1443 3781 1473 3835 in
1486 3785 1645 3855 conspectu
1656 3781 1773 3840 Domini

948 3869 982 3924 de
991 3873 1164 3940 tuasemper
1173 3885 1273 3925 manes
1283 3867 1420 3924 felicitate
1431 3884 1561 3938 securus,
1572 3873 1634 3926 esto
1645 3870 1773 3927 clemen·

947 3961 991 4012 ter
1006 3959 1041 4014 de
1056 3963 1224 4013 nostrarum
1241 3956 1367 4027 pondere
1382 3957 1567 4013 miseriarum
1583 3957 1774 4025 sollicitus,et

948 4047 998 4118 qui
1015 4046 1043 4101 in
1060 4045 1196 4118 prasenti
1214 4046 1249 4101 de
1265 4049 1316 4102 tua
1331 4063 1435 4102 sumus
1450 4045 1616 4102 celebritate
1629 4045 1772 4115 laetantes,

948 4139 1066 4191 tuorum
1078 4136 1108 4189 in
1120 4139 1261 4190 aeternum
1279 4150 1445 4190 mereamur
1459 4133 1631 4191 meritorum
1639 4135 1700 4190 lore
1711 4151 1775 4206 par-

948 4224 1061 4296 ticipes,
1073 4222 1122 4279 illo
1135 4224 1319 4292 eoncedente,
1332 4223 1383 4296 qui
1395 4228 1423 4279 te
1434 4224 1469 4278 ad
1480 4222 1597 4279 laudem
1607 4227 1636 4279 et
1650 4221 1774 4297 gloriam

949 4312 1078 4370 nominis
1087 4313 1131 4368 sui
1145 4311 1690 4385 mirabilitercoronavit,perpetuaque
1700 4311 1778 4368 salu·

950 4402 1025 4458 tiset
1039 4402 1186 4457 commodi
1203 4401 1355 4474 praesentis
1370 4399 1568 4458 consultorem
1584 4399 1779 4458 misericordi·

10 4496 16 4530 ἱ
92 4490 195 4549 nultum
205 4492 409 4567 populumper
419 4496 478 4549 tres
489 4509 583 4549 annos
594 4493 717 4549 Domino
729 4493 894 4565 acquisivit,
911 4517 933 4582 D
951 4496 995 4547 ter
1009 4491 1184 4546 condonarit.
1198 4490 1284 4546 lesus
1309 4490 1444 4546 Christus
1467 4494 1496 4546 et
1510 4491 1652 4546 Dominus
1667 4494 1776 4557 noster,

93 4581 290 4639 etitademum
311 4583 348 4640 ad
377 4583 508 4656 martyrii
536 4582 664 4655 palmam
694 4601 762 4639 oum
792 4589 894 4640 sancto

10 4667 19 4753 Ι·
95 4664 191 4727 ducam
217 4687 272 4727 suo
301 4670 395 4727 Felice
422 4671 549 4738 attinxit,
565 4669 649 4743 cujus
670 4671 816 4744 passionis
832 4673 893 4745 glo·

97 4753 150 4813 baur
163 4760 190 4814 in
212 4761 406 4832 sequentihus
429 4760 571 4816 dicemus.
589 4762 695 4817 Beatus
709 4761 800 4833 igitur
816 4779 893 4818 mar-

13 4915 16 4919 ·
99 4841 130 4912 lyr
138 4846 245 4904 Domini
259 4849 415 4906 Narcissus
427 4849 516 4905 divini
530 4850 606 4907 verbi
624 4851 797 4923 praedicator
812 4868 895 4925 egre-

102 4930 193 5002 ausa
215 4938 370 4994 sacerdotii
400 4938 540 5012 dignitate
568 4939 757 5012 resplenduit,
774 4944 802 4994 et
828 4957 895 4996 cum

105 5016 220 5098 triumpho
236 5026 368 5100 martyrii
384 5027 481 5083 aulam
502 5027 627 5084 eoelestis
648 5027 731 5100 regni
748 5028 838 5084 victor
852 5028 896 5084 in-

10 5177 20 5210 a
105 5106 314 5188 liaritprimum
343 5115 463 5189 quidem
492 5116 695 5184 orientalibus,
716 5122 819 5190 postea
848 5134 896 5173 oe·

950 4581 996 4635 oui
1012 4583 1057 4635 est
1072 4596 1139 4635 cum
1157 4579 1239 4634 Patre
1249 4584 1277 4635 et
1287 4579 1397 4651 Spiritu
1406 4583 1507 4635 sancto
1518 4579 1615 4635 omnis
1625 4578 1701 4648 laus,
1715 4595 1779 4652 gra·

949 4669 1054 4725 tiaram
1067 4668 1152 4735 aetio,
1163 4672 1302 4740 potestas,
1311 4668 1619 4736 virtus,etbeaedietio
1629 4668 1659 4722 in
1671 4667 1779 4724 secula

949 4757 1134 4814 saeclorum.
1152 4759 1255 4812 limen.
1269 4757 1376 4813 Passus
1392 4755 1448 4811 luit
1462 4757 1567 4812 beatus
1582 4755 1736 4811 Narcissus
1746 4755 1777 4810 in

951 4846 1073 4903 ecclesia
1088 4848 1117 4902 S.
1134 4844 1235 4901 Felicis
1251 4845 1461 4914 Geruudensis,
1473 4861 1536 4917 qua
1551 4848 1621 4900 tunc
1636 4842 1778 4916 temporis

951 4940 980 4994 S.
1000 4935 1096 4992 blaciae
1112 4940 1194 4990 extra
1209 4952 1309 4991 muros
1325 4935 1493 4999 recabatur,
1504 4950 1571 4988 eum
1586 4932 1708 4988 diacono
1724 4948 1778 4989 sno

953 5027 1046 5084 Felice
1063 5042 1139 5080 anno
1156 5024 1270 5079 Domini
1285 5026 1338 5079 297
1355 5024 1384 5078 in
1399 5023 1462 5079 loeo
1478 5023 1509 5078 in
1524 5039 1581 5094 quo
1599 5038 1677 5078 nunc
1688 5021 1779 5093 jacet,

953 5134 1010 5190 quo
1026 5118 1088 5170 erat
1100 5112 1223 5171 eeclesia
1238 5112 1415 5170 cathedralis
1430 5116 1561 5184 tempore
1575 5109 1750 5169 infidelium.
