3884 6084
126 264 205 327 issa
759 265 853 326 vira
877 262 1050 323 conatui
1072 263 1205 327 SALlCl.
1755 265 1834 359 isat

125 396 353 470 debat,quorum
365 394 491 452 alterum
503 397 592 470 regali
607 396 724 471 lastigie
737 396 845 453 locaret
857 386 996 466 Nequc'A
1011 411 1171 468 cognovero
1186 396 1341 463 tenuitate
1357 397 1522 455 desiderare
1537 397 1566 453 in
1581 395 1733 453 dominum
1748 401 1777 453 et
1787 413 1834 460 ,re-

124 483 205 540 enim
221 484 366 540 aestimare
382 485 523 540 debemus
538 485 582 541 vel
600 486 761 543 nobilitate.
778 482 822 540 vel
847 482 955 539 divitiis
1009 500 1086 558 gem,
1104 482 1184 539 nullo
1201 484 1276 541 malo
1292 486 1408 560 ingenio
1431 486 1508 542 hanc
1532 484 1761 542 benevolentiam
1775 504 1791 541 a
1806 490 1834 540 te

112 573 308 646 ¹propinquos
336 576 453 630 nostros
481 576 668 643 antcccdero3
685 579 736 630 aut
761 571 872 645 aliquid
901 588 955 627 nos
1009 573 1833 649 revocaho‚quinpotinsteeligamtantoavidiuscmtcris,

125 662 323 736 promeruisse
339 665 420 717 tanta
435 664 618 720 veneratione
635 664 769 737 dignum,
782 660 954 729 verbis‚ma·
1010 666 1119 734 quanto
1135 679 1181 718 me
1198 665 1321 737 sperabo
1346 664 1398 719 tibi
1419 663 1577 737 gratiorem
1602 661 1671 718 illis.
1687 662 1715 717 Si
1735 667 1834 718 autem

123 750 213 806 nibus
228 766 285 807 non
303 753 414 822 oportet
431 751 706 823 extollereMajorcs
721 750 814 807 nostri
830 748 953 823 gloriam
1010 749 1087 806 Deus
1104 752 1139 805 ad
1167 768 1214 807 me
1238 752 1407 825 respexerit,
1423 752 1551 810 debitam
1573 751 1664 808 vicem
1687 750 1793 806 mihi-a
1807 755 1836 807 te

123 853 210 894 suam
224 837 308 893 iactis
321 853 409 909 quam
425 838 512 894 dictis
536 840 659 911 prodere
681 838 856 905 maluerunt,
872 853 953 892 com·
1009 839 1127 912 rependi
1144 858 1201 895 non
1216 841 1374 897 dubitohd
1390 840 1451 897 haec
1467 839 1674 898 minoeruno
1685 838 1835 911 respondit

112 923 206 982 ¹rrruni
227 925 286 981 vita
310 930 461 982 eorrtentos
486 944 549 983 esse
573 927 686 983 decebit
711 926 856 1000 quoslibet
877 927 954 981 inter
999 931 1101 984 ,totam
1116 928 1191 983 hanc
1206 929 1383 985 senteutiam
1404 930 1460 986 sibi
1486 932 1634 1002 acceptam
1659 929 1729 997 sore,
1745 944 1834 1001 seque

123 1013 412 1088 aequalesouidquid
428 1015 567 1083 autemid
581 1015 716 1088 estquod
728 1017 764 1071 acl
780 1014 891 1087 aliquid
904 1014 953 1071 hu·
1008 1014 1049 1070 illi
1066 1016 1152 1071 sicuti
1168 1022 1292 1091 cognato
1308 1017 1491 1085 charissimo,
1508 1019 1533 1073 si
1553 1034 1621 1074 eum
1647 1034 1693 1073 res
1717 1033 1835 1073 summa

124 1102 243 1159 biliores
259 1101 382 1174 reliquis
396 1108 545 1175 putamur,
562 1103 630 1158 inde
651 1109 748 1177 grates
763 1108 880 1159 auctore
894 1103 952 1159 Deo
1007 1110 1253 1171 vocaret,omnem
1269 1107 1378 1180 regiam
1395 1105 1564 1163 fidelitatem
1576 1106 1722 1162 iacturum
1734 1106 1833 1162 certis·

124 1191 391 1248 reddamusNobis
406 1208 474 1265 ergo
489 1191 677 1264 cogitandum
691 1197 736 1248 est
751 1192 845 1265 nequi
858 1192 953 1248 aliena
1007 1192 1081 1250 sime
1098 1194 1322 1267 promisit.lnter
1337 1195 1396 1251 hanc
1410 1195 1499 1251 verba
1512 1195 1605 1268 maq'or
1619 1194 1721 1251 Chuno
1740 1193 1831 1266 pluri·

122 1280 316 1337 consensione
331 1279 411 1353 digni
433 1285 514 1336 tauto
540 1280 651 1337 bonore
675 1280 811 1337 aestimati
836 1298 950 1346 sumus,
1007 1282 1239 1340 bnsvn'rlentibus
1255 1283 1833 1357 paululumseacclinans,cognaturnos·

120 1368 239 1443 proprio
255 1376 283 1424 et
298 1369 435 1424 familiari
449 1369 572 1425 dissidio
596 1370 708 1444 indigni
733 1369 787 1425 hac
803 1369 897 1442 gratia
909 1370 950 1423 a·
1006 1369 1122 1426 culntus
1137 1376 1197 1438 est;
1212 1389 1270 1444 quo
1286 1372 1386 1428 osculo
1401 1372 1530 1446 primum
1546 1372 1761 1446 deprehensum
1777 1377 1832 1441 est,

120 1457 255 1514 deumne.
271 1457 399 1513 Stultum
410 1457 542 1514 estcnim
560 1457 655 1513 aliona
670 1463 813 1531 potestate
829 1476 880 1532 pro
898 1474 952 1513 sua
1006 1464 1164 1533 utrumque
1180 1460 1298 1517 illorum
1314 1461 1397 1516 alteri
1413 1461 1602 1535 acquievisse.
1618 1462 1690 1517 Hinc
1713 1465 1832 1534 sumpto

119 1545 247 1602 nimium
262 1545 390 1602 abutiln
406 1549 485 1602 omni
502 1546 642 1603 electione
660 1548 769 1604 nemini
783 1546 940 1603 lieettlese
1001 1549 1113 1620 judicio
1143 1550 1312 1617 concordiae,
1336 1550 1493 1609 consedere
1521 1548 1833 1624 principes:.popnlus

118 1636 185 1708 ipso
195 1634 339 1708 judicare,
356 1633 424 1691 licet
439 1641 537 1691 autern
553 1636 588 1691 de
604 1635 672 1691 alio.
945 1624 947 1629 ¹
1004 1637 1265 1710 frequentissimus
1280 1639 1416 1696 adstabat
1433 1658 1439 1696 :

156 1725 238 1790 Quod
254 1724 279 1780 si
294 1722 381 1780 alicui
397 1724 431 1780 de
447 1741 478 1780 se
493 1724 600 1793 liceret,
618 1729 690 1797 quot
714 1724 842 1797 regulos,
855 1742 891 1780 ne
908 1743 950 1781 re·
1076 1727 1157 1784 Tunc
1172 1728 1251 1800 quod
1267 1728 1392 1801 quisque
1408 1728 1458 1784 diu
1469 1729 1597 1785 velatum
1608 1728 1695 1786 corde
1705 1729 1830 1802 tegebat,

114 1828 171 1887 ges
199 1812 305 1881 dicam,
331 1812 508 1870 videremus.
533 1812 617 1879 Vota,
644 1813 753 1879 studia,
786 1830 949 1871 consensus
1077 1816 1271 1889 Ferrcpatam
1287 1816 1400 1872 licitum
1415 1818 1561 1891 gaudebat
1576 1820 1694 1890 tempus
1718 1817 1830 1873 adesse.

119 1902 309 1969 Francorum,
327 1902 583 1975 Letharingorum,
594 1903 753 1969 Saxonum,
765 1903 947 1973 Noricorum,
1040 1905 1832 1980 Archiepiscopushloguuticnsis,cujussententiaaute

117 1989 349 2047 Alamannorum
366 1992 416 2063 qui
432 1993 574 2065 optimam
592 1990 772 2048 voluntatem
787 1993 949 2065 habebant,
1004 1994 1077 2051 alios
1093 1994 1262 2067 accipienda
1277 1994 1464 2068 subrogatus
1479 2013 1497 2050 a
1512 1994 1620 2069 populo
1636 1993 1706 2068 quid
1722 1991 1831 2050 sibivi·

113 2079 158 2136 ad
171 2095 224 2136 nos
240 2080 437 2148 conserebant,
452 2085 593 2153 tanquam
610 2081 646 2136 ad
662 2082 750 2136 unius
767 2080 867 2154 stirpis
883 2098 949 2154 pro·
1004 2084 1132 2150 deretur,
1149 2082 1310 2139 abundanti
1340 2085 1437 2152 corde,
1460 2083 1546 2140 hilari
1568 2100 1638 2140 voco
1661 2082 1793 2140 laudavit
1803 2085 1832 2139 et

120 2167 269 2242 pagium,
283 2167 374 2224 veluti
390 2169 426 2224 ad
442 2185 531 2224 unam
544 2170 675 2236 domum,
690 2169 766 2226 sient
776 2170 811 2226 ad
823 2169 948 2228 indisso·
1004 2172 1091 2246 elegit
1105 2172 1226 2244 majoris
1241 2171 1335 2228 atatis
1348 2172 1518 2228 chunonem
1532 2172 1661 2229 suumin
1677 2171 1831 2228 dominum

119 2254 683 2330 lubilemfamiliaritatemqirosextnm
694 2257 949 2315 multisconncxos
1004 2265 1032 2318 et
1047 2277 1155 2333 regem,
1179 2264 1266 2334 atquc
1292 2265 1434 2317 rectorem
1459 2264 1488 2316 ct
1511 2260 1694 2318 defensorem
1719 2259 1830 2334 patria.

120 2345 241 2402 dissolvi
258 2363 342 2418 posse
358 2346 521 2403 inimicitiis
537 2364 623 2402 nemo
649 2347 856 2420 suspicabitur.
874 2347 949 2402 Con·
1003 2349 1083 2405 Hanc
1099 2348 1273 2404 sententiam
1290 2350 1384 2404 ceteri
1400 2348 1608 2423 archiepiscopi
1624 2352 1653 2406 ct
1667 2348 1771 2421 reliqui
1787 2364 1832 2404 sa-

120 2435 243 2491 cordare
268 2435 359 2502 docet,
375 2439 520 2508 quotquot
543 2440 646 2491 natura
675 2435 863 2509 ligavitque
892 2435 948 2491 sibi
1004 2454 1120 2495 crorum
1144 2437 1280 2495 ordinum
1311 2438 1363 2493 viri
1392 2436 1595 2495 indubitanter
1622 2438 1830 2512 sequebantur.

120 2529 277 2597 cognatam
298 2525 398 2598 jungit
422 2525 592 2580 amicitiam.
610 2525 690 2590 Quod
715 2524 739 2580 si
761 2524 836 2580 ultro
852 2524 949 2581 oblata
1002 2525 1218 2582 luniorChuno
1230 2525 1385 2598 paululum
1398 2543 1465 2582 cum
1477 2525 1665 2599 Letharingis
1676 2525 1829 2599 placitans,

121 2612 160 2669 ab
172 2611 238 2669 aliis
253 2611 351 2685 aliqua
366 2629 395 2669 re
411 2613 588 2686 impediente
609 2613 768 2685 rejicimus,
785 2612 839 2668 hoc
854 2617 908 2676 est,
924 2613 948 2668 si
1004 2615 1104 2670 statim
1121 2631 1253 2671 reversus
1269 2615 1397 2671 maximo
1410 2615 1506 2671 lavore
1522 2614 1605 2670 illurn
1625 2614 1661 2669 ad
1677 2613 1831 2669 domiuum

120 2702 246 2759 invicem
271 2701 484 2774 discordamus,
501 2708 612 2759 certum
641 2706 686 2758 est
716 2703 793 2774 quod
822 2701 948 2774 populus
1003 2709 1031 2759 ct
1042 2719 1139 2776 regem
1155 2702 1357 2776 elegit3quem
1370 2720 1419 2758 rex
1430 2720 1519 2759 manu
1531 2701 1753 2775 apprehendens
1765 2701 1831 2757 lecit

118 2798 191 2849 tunc
206 2790 275 2847 velit
289 2808 343 2848 nos
358 2792 499 2858 deserere,
516 2808 549 2847 uc
574 2790 690 2847 tertimn
715 2790 878 2863 quemlibet
893 2789 946 2846 sibi
1003 2792 1088 2848 illum
1102 2795 1258 2848 consedere
1274 2791 1340 2847 sibi.
1358 2793 1440 2847 Tunc
1453 2790 1561 2864 singuli
1586 2791 1622 2847 de
1647 2789 1772 2863 singulis
1786 2806 1830 2846 re·

119 2896 261 2953 quarere,
277 2884 305 2936 et
321 2897 374 2936 nos
390 2897 446 2936 non
464 2884 577 2936 tanturn
591 2896 707 2935 summo
730 2879 839 2935 honore
854 2878 947 2951 priva·
1002 2880 1069 2953 gnis
1084 2880 1186 2937 eadem
1201 2880 1288 2936 verba
1303 2880 1454 2936 electionis
1467 2879 1629 2953 sepissime
1639 2879 1828 2953 repetebant:

120 2969 284 3027 bimursed
301 2970 379 3042 quod
392 2969 530 3025 omnibus
546 2968 630 3025 honis
642 2972 734 3025 morte
745 2968 948 3025 detestabilius
994 2969 1161 3033 ,tltclamor
1176 2968 1285 3042 populi,
1301 2986 1403 3025 omncs
1419 2969 1598 3025 unanimiter
1617 2969 1647 3023 in
1663 2969 1743 3041 regis
1756 2967 1830 3024 clec-

120 3062 179 3129 cst,
194 3058 345 3116 ininmiam
362 3059 482 3131 ignavia
494 3057 657 3114 incidemus
668 3075 674 3125 ;
687 3057 771 3131 quasi
784 3061 813 3113 ct
824 3058 897 3112 tanti
909 3073 949 3112 re·
1004 3057 1083 3115 tione
1102 3057 1285 3132 principibus
1309 3058 1546 3125 consentiebant;
1563 3074 1664 3114 ornnes
1688 3057 1829 3129 majorem

120 3148 243 3222 giminis
258 3147 395 3203 virtutem
411 3165 469 3204 non
485 3164 643 3220 possumus
663 3146 817 3214 sustinere,
835 3151 863 3202 et
876 3146 948 3202 alter
963 3121 985 3189 C
1005 3146 1176 3204 Chunonem
1188 3144 1493 3213 desiderabant‚inillo
1504 3145 1717 3217 persistebant:
1731 3144 1829 3218 ipsum

121 3236 255 3307 alterius,
270 3237 347 3309 quod
360 3237 436 3302 inter
450 3235 684 3308 consanguineos
709 3252 851 3308 magnum
867 3237 949 3291 netas
1004 3236 1117 3292 cunctis
1137 3236 1358 3292 dominantibus
1381 3234 1454 3290 nihil
1477 3233 1640 3291 hasitando
1664 3251 1829 3307 praeposue-

121 3342 188 3383 essc
210 3331 290 3399 puto,
307 3325 422 3382 credere
447 3325 535 3382 nollet
560 3324 673 3381 honori.
691 3325 836 3381 Maximus
860 3325 950 3398 igitur
1004 3326 1282 3398 runt,eumdemquc
1291 3324 1378 3398 regali
1388 3323 1523 3398 potentiae
1533 3323 1832 3398 dignissimumjudi·

122 3414 348 3482 honor,summa
363 3418 492 3487 potestas
507 3414 584 3470 circa
596 3431 648 3469 nos
662 3412 758 3469 adhue
773 3414 949 3482 versabitur,
1004 3415 1110 3472 cabant
1123 3432 1128 3470 :
1141 3418 1169 3470 et
1179 3418 1211 3470 ut
1221 3413 1302 3470 nulla
1312 3431 1394 3470 mora
1405 3413 1631 3471 consecrationis
1641 3412 1720 3469 illius
1736 3413 1827 3483 fieret,

122 3509 152 3562 et
164 3503 207 3560 ita
218 3504 253 3559 ad
270 3519 323 3558 nos
339 3504 478 3576 pervenit,
496 3506 528 3558 ut
543 3503 567 3559 si
584 3501 719 3570 velimus,
731 3501 759 3556 in
777 3502 866 3558 altero
882 3519 950 3558 uos·
1005 3502 1375 3578 postulabant,supradicta
1387 3502 1556 3575 imperatrix
1571 3502 1772 3575 Cbuneguuda
1783 3519 1830 3558 re·

123 3599 203 3650 trum
217 3591 533 3659 remaneret.Quoeirca
548 3591 620 3646 mihi
635 3592 749 3647 videtur
763 3591 787 3647 si
804 3591 834 3647 in
846 3607 903 3647 uno
915 3591 950 3647 de
1005 3593 1082 3667 galia
1097 3593 1224 3666 insignia
1239 3610 1303 3665 que
1316 3592 1372 3649 sibi
1384 3592 1546 3671 imperator.
1556 3591 1698 3648 llenricus
1709 3591 1832 3665 relique-

122 3681 210 3739 nobis
220 3681 268 3738 bic
279 3681 372 3737 honor
381 3681 563 3737 coadunatus
575 3680 793 3748 remanserit,ut
804 3681 877 3736 alter
888 3680 950 3751 eju·
1006 3686 1051 3738 rat
1061 3685 1210 3755 gratanter
1221 3680 1289 3754 [non
1302 3683 1431 3756 gravate]
1443 3680 1590 3746 obtulit,et
1600 3680 1636 3736 ad
1648 3670 1831 3755 regnandum

122 3773 207 3830 sdern
221 3770 342 3828 honoris
357 3769 578 3844 participatione
591 3769 714 3826 ulterius
734 3769 951 3842 quodammodo
1007 3775 1152 3844 quantum
1168 3770 1258 3842 hujus
1275 3786 1361 3825 sexus
1376 3769 1557 3825 auctoritatis
1572 3772 1627 3834 est,
1639 3769 1722 3826 illum
1739 3788 1833 3827 eorro·

121 3878 183 3918 non
200 3865 296 3916 careat
312 3860 498 3916 :sicutenim
514 3860 543 3915 in
560 3875 682 3932 regnum
699 3863 951 3932 parentes,quam-
1007 3861 1128 3916 boravit.
1154 3859 1245 3915 Credo
1270 3858 1389 3930 quidem
1417 3857 1484 3912 huic
1513 3856 1647 3913 electioni
1670 3857 1833 3915 caelestium

121 3950 169 4007 ais
184 3950 281 4007 cuncti
294 3965 376 4021 reges
387 3965 444 4004 non
457 3948 654 4018 sint,lronoris
666 3949 799 4020 quaedam
814 3946 952 4002 [lenivatio
1006 3949 1147 4003 virtutum
1165 3948 1291 4003 lavarem
1308 3963 1365 4001 non
1382 3946 1494 4013 deesse,
1511 3962 1580 4000 cum
1590 3945 1666 4001 inter
1676 3947 1834 4019 singularis

96 4038 354 4103 ''traushrndituc
372 4039 414 4093 sic
429 4041 457 4091 et
472 4037 501 4092 hi
516 4036 566 4110 qui
582 4036 739 4109 conscripti
756 4039 784 4091 ct
800 4035 952 4109 praenomi·
1007 4037 1143 4109 potentins
1158 4037 1234 4091 viros
1251 4039 1293 4091 tot
1309 4035 1410 4103 ducos,
1426 4039 1455 4090 et
1467 4032 1653 4090 marchiones
1668 4034 1778 4107 absque
1794 4034 1835 4089 in·

122 4129 187 4186 nati
203 4128 238 4184 ud
254 4131 428 4200 potestatem
453 4126 571 4194 inerint,
587 4126 655 4183 lic-et
676 4124 801 4183 adhunc
817 4142 874 4181 non
888 4140 952 4196 per·
1007 4124 1094 4192 vidia,
1109 4126 1173 4182 sinc
1188 4123 1386 4191 controversia
1399 4123 1424 4207 is
1439 4121 1606 4194 aligeretur,
1624 4122 1674 4195 qui
1697 4120 1765 4178 licet
1784 4138 1833 4195 ge·

85 4221 98 4235 “
121 4217 254 4288 veniant,
267 4221 366 4273 tamen
383 4215 492 4272 honore
509 4216 637 4288 quodam
663 4215 730 4271 inde
753 4219 822 4270 nota
837 4212 953 4286 penitus
1008 4230 1076 4269 nere
1092 4217 1121 4269 et
1133 4213 1238 4269 virtute
1253 4217 1341 4286 atquc
1356 4213 1386 4269 in
1398 4211 1525 4284 propriis
1535 4211 1621 4267 bonis
1632 4210 1748 4267 nemine
1758 4213 1835 4266 esset

123 4320 185 4364 non
202 4305 359 4372 carebunt;
376 4322 433 4361 non
450 4305 485 4361 ad
507 4321 590 4361 sunm
615 4303 789 4378 dignitatem
814 4300 954 4357 immeriti
1008 4302 1137 4366 inlerior,
1165 4308 1262 4359 tamen
1286 4303 1322 4358 de
1347 4300 1507 4374 republica,
1525 4301 1558 4356 ad
1586 4299 1834 4373 comparationem

120 4411 186 4463 ¹nou
198 4393 540 4468 exigerentur.Praterea
557 4394 580 4450 si
594 4409 695 4466 regum
709 4391 823 4463 cognati
838 4394 955 4464 propter
1008 4393 1249 4449 taliumvirurum
1259 4408 1362 4464 parum
1374 4388 1506 4446 beneficii
1519 4388 1710 4463 etpotostatis
1721 4388 1833 4445 habuit.

122 4500 210 4560 reges
225 4483 416 4550 honorantur,
433 4499 559 4556 cumque
584 4499 686 4538 omnes
711 4498 780 4554 erga
805 4497 858 4535 nos
881 4477 954 4535 tales
970 4489 992 4554 Β
1008 4483 1182 4554 Quanquam
1199 4479 1437 4553 archiepiscopus
1452 4477 1644 4546 Coloniensis,
1661 4481 1689 4533 et
1703 4477 1762 4534 dux
1776 4477 1836 4535 Fri·

106 4570 410 4645 ··essevelint,qualos
424 4571 546 4627 invicem
563 4574 758 4626 consentanea
778 4573 875 4624 mente
892 4568 952 4623 lue·
1008 4570 1124 4627 elericos
1149 4586 1215 4625 cum
1242 4569 1307 4625 aliis
1331 4567 1509 4641 quibusdam
1539 4565 1725 4640 Lutberingis
1746 4583 1836 4623 causa

109 4653 231 4728 rimus,
247 4665 275 4719 et
290 4676 323 4717 eo
339 4661 426 4717 modo
442 4663 595 4734 provectus
611 4659 733 4715 alterius
744 4675 778 4713 ex
789 4658 879 4733 altero
889 4673 950 4729 pen·
1004 4660 1134 4732 junioris
1149 4659 1310 4727 Chunonis,
1327 4662 1360 4714 ut
1374 4658 1452 4714 sama
1475 4655 1540 4722 init,
1554 4655 1612 4713 imo
1635 4655 1718 4713 hoste
1744 4654 1834 4728 pacis,

124 4754 212 4820 dect:
229 4751 278 4824 qui
295 4749 438 4806 feliciores
453 4748 539 4804 nobis
554 4764 618 4804 esse
634 4747 809 4821 poterunt,si
825 4744 899 4801 alter
910 4762 954 4801 rc·
1010 4747 1126 4807 diaholo
1142 4746 1457 4821 instigante,impacati
1472 4743 1836 4817 discederent;quitamen

124 4838 251 4915 gnabit‘l
266 4836 339 4895 alter
352 4837 497 4911 regnanti,
513 4837 660 4910 publicam
677 4853 750 4903 rem,
766 4851 818 4907 per
832 4835 954 4890 benevo·
1009 4837 1065 4893 cito
1082 4837 1201 4902 reversi,
1218 4838 1253 4892 ad
1283 4837 1407 4909 gratiam
1434 4835 1522 4908 regis,
1539 4837 1657 4907 propter
1685 4849 1734 4889 eos
1763 4849 1837 4905 qnos

113 4927 249 4986 lentiam
265 4942 351 4985 suam
368 4927 452 5000 quasi
468 4925 639 4999 prestabit?
651 4927 745 4991 Quare
756 4921 832 4979 cauti
849 4921 953 4990 simus:
1008 4926 1177 4981 communis
1194 4924 1323 4981 conditio
1339 4922 1443 4979 mortis
1458 4920 1681 4995 preoccupavit,
1693 4919 1837 4994 quidquid

125 5011 953 5089 alienumpropinquo,incertumcertouonpraleramus3
1010 5014 1073 5086 ipse
1099 5017 1285 5087 praeceperat,
1302 5015 1454 5086 gratanter
1479 5010 1617 5084 accipere,
1641 5013 1670 5066 et
1692 5008 1839 5083 archispi-

112 5122 164 5163 'ne
178 5093 322 5181 hodierna
333 5104 399 5161 'dies
414 5103 472 5160 huc
487 5118 580 5176 usque
596 5119 648 5176 pro
672 5100 724 5157 tali
750 5099 870 5158 arbitrio
884 5098 956 5157 satis
1010 5118 1118 5175 scopus
1133 5100 1309 5175 Peligrinus,
1326 5101 1411 5174 quasi
1431 5117 1483 5173 pro
1507 5099 1710 5156 emendatione
1732 5097 1840 5171 prioris
1889 5148 1895 5159 .

113 5193 193 5250 ‘laeta
208 5196 237 5249 et
247 5193 390 5264 jucunda,
406 5191 484 5265 longi
502 5190 642 5265 temporis
657 5188 849 5246 intortunium
872 5184 955 5242 nobis
1010 5188 1294 5264 culpae,impetrabat
1309 5208 1326 5246 a
1340 5206 1405 5263 rege
1421 5193 1454 5245 ut
1468 5188 1524 5245 sibi
1536 5187 1636 5245 liceret
1661 5187 1690 5243 in
1710 5187 1840 5247 Ecclesia

112 5282 224 5356 ¹pariat
237 5297 244 5336 :
259 5280 301 5339 sic
325 5284 495 5353 conceptam
521 5281 595 5336 tanti
621 5277 720 5353 populi
745 5275 956 5350 benignitatem
1011 5277 1177 5336 Coloniensi
1195 5280 1325 5353 reginam
1341 5294 1522 5335 consecrare.
1539 5281 1578 5333 De
1593 5293 1651 5350 qua
1666 5276 1696 5332 in
1712 5291 1839 5349 sequen·

124 5368 297 5428 male¹lbter
311 5385 365 5427 nos
377 5369 582 5425 tractabimus.
599 5366 681 5432 Quod
707 5383 744 5422 ne
769 5367 820 5422 liat
844 5381 878 5420 cx
893 5379 957 5420 mca
1011 5366 1091 5422 tibus
1105 5366 1249 5435 dicturus,
1265 5384 1343 5423 nunc
1365 5368 1402 5424 ad
1428 5383 1525 5440 regern
1550 5371 1686 5425 revertar.
1701 5365 1775 5423 Vere
1789 5363 1840 5423 oet

115 5462 222 5536 parte,
238 5456 371 5516 omnium
382 5461 577 5532 'cognatorum
600 5470 731 5513 meorum
757 5451 956 5521 dilectissime,
1011 5459 1086 5511 nutu
1101 5454 1212 5513 clectus
1228 5456 1269 5512 esi
1285 5455 1315 5511 iu
1332 5473 1389 5529 quo
1406 5455 1468 5530 ipse
1487 5455 1613 5530 providit
1634 5453 1838 5513 testimonium

115 5547 200 5627 quid
215 5544 445 5616 damnantium,
460 5545 558 5604 ‘dicere
570 5536 645 5604 volo.
662 5543 693 5603 Si
708 5543 842 5602 animum
857 5538 956 5619 populi
1012 5543 1090 5620 quod
1106 5547 1208 5620 postea
1223 5561 1274 5604 rex
1289 5545 1400 5621 accepit
1415 5546 1450 5604 ab
1473 5545 1651 5607 horninibus.
1668 5545 1737 5602 Erat
1760 5541 1839 5603 enim

290 5673 424 5740 Parnon.
449 5671 567 5741 ttxblt.
1640 5669 1680 5754 ³⁹.
