3884 6084
60 246 142 311 1198
351 260 353 267 “
732 252 825 313 vt'm
848 252 879 313 S.
904 252 1103 314 uususlct.
1693 249 1772 312 ttst

60 379 301 455 investigaretis
330 381 435 454 primis
464 382 590 456 qualiter
619 384 675 457 ipsi
703 383 892 441 ecclesiarum
907 386 935 453 Α
951 400 1062 441 munus
1084 385 1248 457 Augustam
1270 382 1351 449 adiit,
1374 396 1407 438 ec
1431 381 1519 438 rebus
1543 380 1775 456 circumquaque

61 470 224 544 presbyteri
240 486 309 526 cum
324 470 388 527 suis
403 471 546 529 ministris
557 471 686 528 viverent
702 490 709 529 :
727 477 825 528 utrum
840 489 891 546 pc·
946 474 1078 547 direptis,
1096 473 1274 546 quibusdam
1287 471 1416 546 episcopi
1433 470 1577 527 militibus
1590 471 1694 544 captis,
1704 489 1775 546 pre·

62 558 168 633 pulum
182 564 310 616 recteec
332 561 495 617 secuudum
524 561 698 617 catholicam
725 562 891 618 doctrinam
946 560 1773 636 daonustus,et‚qu0dveriusest,peccatipoudersgre-

60 648 211 716 docerent,
222 665 255 704 ac
269 649 348 720 quod
364 651 565 722 predicabant
579 666 628 706 ore
642 655 670 706 et
686 668 771 723 opere
787 648 890 723 imple·
945 656 1040 722 vatus,
1056 652 1086 707 in
1109 651 1272 725 Bajoariam
1289 655 1333 707 est
1352 666 1497 707 reversus.
1515 649 1633 705 Interim
1646 666 1713 707 vem
1727 649 1773 725 ip·

61 740 129 793 rent
142 753 150 793 t
165 752 202 792 ne
217 736 291 793 torte
306 736 372 795 aliis
388 738 654 813 predicantes,ipsi
670 740 786 812 reprobi
797 740 893 795 ellico·
945 742 1071 798 sumDei
1083 740 1227 798 famulum
1239 745 1395 813 postquam
1408 737 1668 812 comperitaregia
1681 738 1774 797 sorvi-

62 830 176 893 rentuc,
192 829 222 881 et
235 826 272 881 ob
288 826 343 884 boc
356 828 450 883 esuis
470 828 653 885 auditoribus
669 836 890 885 contemneren·
945 835 1007 887 tute
1019 847 1178 895 reversum,
1195 829 1224 885 in
1241 829 1371 895 castello,
1383 828 1461 901 quod
1480 827 1687 901 Montacbinga
1698 828 1772 885 dici·

60 919 121 971 tur.
130 914 242 970 Deinde
253 915 431 971 discutiebat
446 916 471 971 si
483 915 548 971 laici
559 934 659 972 eorum
673 916 811 973 doctrina
822 918 890 973 obe·
944 925 1003 987 tur,
1020 936 1077 975 non
1093 918 1192 974 timuit
1207 918 1342 974 obsidere
1358 932 1366 974 ε
1383 916 1434 973 sod
1448 932 1508 972 non
1522 916 1611 973 cessit
1622 915 1650 973 ei
1663 915 1695 972 in
1708 922 1773 989 prd-

61 1003 170 1071 dicent,
184 1002 209 1058 si
225 1003 255 1057 in
277 1002 437 1060 Dominicis
461 1005 566 1062 diebus
589 1011 618 1061 ct
640 1005 706 1062 aliis
721 1009 890 1062 sanctorum
945 1025 1063 1082 sperum
1080 1009 1157 1080 quod
1173 1006 1246 1063 talia
1260 1005 1450 1079 presumpsit
1463 1009 1566 1061 contre
1579 1005 1629 1061 Dei
1642 1012 1770 1063 servum.

61 1090 343 1149 solemnitatibusab
352 1109 439 1165 opere
449 1093 550 1149 illicito
560 1100 706 1162 vocarent,
720 1095 743 1150 si
755 1095 889 1151 ecclesia·
944 1098 1028 1163 Nam,
1040 1114 1128 1170 parvo
1138 1096 1290 1168 interjecto
1300 1094 1413 1151 dierum
1427 1093 1531 1167 spatio,
1542 1094 1675 1150 acu'mite
1684 1093 1771 1153 adal·
1783 1114 1786 1121 ·

61 1196 129 1237 rum
145 1180 302 1249 liminaea,
314 1199 378 1254 qum
392 1182 541 1250 deberent,
558 1183 709 1239 devotione
724 1184 889 1257 trequente—
945 1188 1013 1243 bero
1025 1191 1053 1242 et
1063 1187 1192 1258 episcopi
1203 1186 1291 1241 l'ratre
1301 1183 1475 1240 Thietbatdo
1486 1183 1521 1239 ab
1533 1182 1686 1239 obsidione
1701 1198 1769 1241 oum

61 1272 140 1336 rent,
151 1269 343 1326 autdeuimes
355 1277 431 1327 recte
442 1272 544 1327 darent
555 1289 562 1327 ε
575 1272 726 1344 multaque
741 1273 768 1327 id
785 1289 888 1345 genus.
944 1276 1119 1332 detrimento
1134 1291 1255 1331 suorum
1273 1278 1391 1329 coactus
1406 1277 1451 1328 est
1466 1271 1610 1340 secedere,
1627 1276 1657 1327 et
1671 1271 1770 1329 debila

61 1357 165 1415 Hisita
175 1358 368 1432 investigatis,
380 1376 504 1433 quaque
515 1366 599 1417 amnt
614 1368 676 1417 rata
687 1366 715 1416 et
728 1363 801 1417 bene
812 1362 889 1417 ordi·
945 1380 1098 1438 respersus
1117 1363 1298 1429 contusione,
1315 1363 1343 1417 in
1358 1362 1482 1434 patriam
1504 1360 1610 1432 redire,
1624 1361 1713 1417 otiam
1728 1358 1786 1417 ihi·

61 1451 144 1515 nats,
161 1446 294 1503 laudavit
307 1454 336 1504 et
349 1450 621 1522 confirmavitque
636 1467 703 1506 vcro
718 1450 803 1506 aliter
813 1451 890 1506 inve·
945 1458 1028 1527 capto
1041 1453 1174 1524 ejusdem
1189 1452 1278 1508 tratre
1288 1451 1476 1507 llerimannc.
1486 1451 1541 1505 sed
1551 1448 1770 1506 attentissimus

60 1535 117 1602 nit,
134 1536 258 1593 correxit
273 1540 302 1592 et
317 1538 492 1594 emendavit.
507 1539 739 1594 simoniacorum
764 1539 889 1594 heresin
944 1546 1091 1615 pugnator
1105 1539 1291 1606 Adalbertus,
1307 1536 1388 1593 velet
1412 1536 1487 1593 alter
1506 1535 1701 1603 Mscbabteus,
1717 1550 1770 1608 pru

61 1625 148 1696 quasi
164 1625 360 1696 perniciosam
373 1631 484 1698 pestem
500 1627 686 1683 devitandam
702 1644 766 1684 esse
788 1627 890 1684 admo·
945 1631 1073 1688 Ecclesia
1089 1629 1137 1686 Dsi
1162 1629 1269 1684 acriter
1294 1626 1470 1693 dimicando,
1485 1625 1590 1682 cecidit
1613 1624 1644 1681 in
1667 1623 1771 1683 eodem

60 1713 139 1781 nuit,
154 1729 289 1770 asserens
312 1720 457 1787 perpetus
480 1717 639 1773 tradendus
654 1735 755 1789 poenae,
770 1717 820 1790 qui
835 1717 891 1772 ha-
944 1720 1032 1787 bello,
1045 1723 1078 1774 ut
1092 1718 1234 1774 veraciter
1254 1720 1301 1773 est
1323 1714 1501 1772 credendum
1517 1730 1568 1786 per
1582 1712 1770 1771 mortalitatis

61 1803 123 1859 resi
137 1803 206 1859 huic
221 1804 407 1876 aequissime
423 1805 576 1861 studerent
598 1807 712 1862 animos
736 1804 887 1862 inclinare.
944 1807 1132 1881 dispendium
1157 1804 1306 1863 transiens
1325 1805 1362 1860 ad
1382 1802 1610 1859 immortalitatis
1632 1816 1770 1874 compen·

62 1890 147 1949 Unde
161 1908 314 1964 nunquam
330 1910 382 1965 pro
402 1892 572 1950 clericorum
589 1894 770 1951 ordinatione
785 1894 828 1951 vel
843 1911 889 1951 ec·
944 1897 1247 1969 diumcujuscorpus
1258 1898 1378 1951 sanctus
1389 1891 1711 1965 Udalricusrlugustem
1721 1890 1771 1947 de·

59 1979 219 2039 etesiarum
233 1981 612 2056 consecrationequippiam
625 1984 756 2040 muneris
767 1984 888 2056 accepit:
944 1988 1050 2053 terens,
1066 1986 1096 2041 in
1112 1984 1235 2042 ecclesia
1258 1989 1367 2040 sancte
1390 1982 1487 2038 Maris
1505 1997 1621 2054 semper
1646 1978 1770 2054 virginis

60 2068 114 2127 sed
129 2068 209 2126 sicut
224 2070 254 2126 in
274 2070 348 2127 sacri
364 2071 533 2128 chrismatis
550 2073 685 2128 unctione
702 2090 753 2144 per
768 2073 889 2145 imposi-
943 2076 1075 2133 condidit
1088 2092 1094 2130 :
1106 2074 1243 2147 spiritum
1257 2088 1324 2129 vero
1337 2089 1389 2145 per
1401 2087 1489 2127 sacre
1498 2069 1710 2128 immolationis
1720 2069 1771 2126 bo'·

58 2155 173 2215 tionem
185 2173 292 2215 manus
303 2158 445 2232 Spiritum
458 2166 592 2217 sanctum
609 2161 787 2234 paracletum
798 2163 890 2236 gratis
944 2166 1030 2222 stiam
1050 2163 1171 2221 Domino
1185 2160 1410 2218 commendavit.

58 2245 154 2317 dedit,
168 2246 211 2304 ita
224 2251 253 2304 et
267 2248 325 2305 ista
339 2250 493 2317 concessit,
507 2250 771 2307 scicnsaDomino
787 2268 890 2324 praece-
979 2258 1046 2310 Car.
1061 2254 1122 2309 llll.
1139 2284 1173 2292 —
1188 2250 1296 2307 deboc
1318 2253 1420 2305 tantus
1449 2249 1583 2304 omnium
1605 2251 1721 2305 mentes
1732 2246 1769 2304 ti·

60 2338 164 2408 ptum:
179 2336 275 2393 Gratis
291 2338 455 2410 accepistis,
467 2338 559 2412 gratis
573 2340 654 2397 dats:
671 2341 727 2396 nisi
746 2341 818 2396 torte
832 2339 888 2414 ipsi
945 2360 1009 2400 mor
1024 2341 1140 2411 invasit,
1151 2338 1292 2396 utnullus
1302 2340 1338 2394 dc
1348 2338 1437 2394 rebus
1447 2336 1575 2394 ecclesie
1586 2341 1695 2395 sancte
1708 2336 1770 2405 tla-
1795 2342 1805 2357 ·

59 2424 253 2482 eeclesiarum
263 2424 548 2499 fundatoresaliquid
559 2430 691 2501 prebens
700 2429 890 2498 volrrntate,et
944 2433 993 2488 riae
1004 2445 1121 2503 semper
1129 2429 1253 2503 virginis
1263 2428 1300 2483 sd
1311 2429 1474 2500 Augustam
1490 2424 1771 2500 pcrtinentibus,eli·

60 2513 213 2571 bacillum
224 2531 277 2587 pro
287 2516 449 2589 gratiarum
460 2518 573 2574 actions
583 2519 732 2592 suscipere
743 2524 888 2592 rogarent.
943 2521 1014 2594 quid
1027 2536 1169 2592 usurpare
1185 2521 1391 2591 presumeret:
1409 2514 1591 2588 quianullus
1606 2530 1707 2571 sorum
1718 2514 1769 2588 qui

59 2602 118 2659 due
128 2618 197 2659 vero
211 2602 376 2677 legitimum
392 2610 497 2662 sancte
512 2607 608 2662 Mariae
632 2624 748 2680 semper
767 2608 889 2681 virginis
943 2614 1027 2666 antea
1043 2608 1111 2664 inde
1131 2605 1243 2679 aliquid
1259 2605 1368 2676 injuste
1384 2602 1580 2670 abstulerunt,
1594 2602 1639 2659 vel
1654 2603 1684 2658 in
1699 2617 1768 2658 sen·

62 2690 194 2759 familie,
207 2693 246 2749 ab
260 2695 496 2751 antecessoribus
518 2695 581 2752 suis
595 2697 758 2769 antiquitus
773 2713 890 2754 conces
943 2701 1023 2754 etum
1047 2696 1099 2753 Dei
1127 2695 1324 2768 deliquerunt,
1339 2691 1504 2766 impunitus
1527 2690 1628 2759 evasit,
1645 2690 1702 2748 nisi
1715 2689 1768 2764 qui

60 2781 252 2847 eum.statuit
262 2781 776 2850 inviolabiliterconservandummcc
789 2802 889 2858 quem·
943 2786 1128 2859 perdignum
1144 2782 1376 2839 satisfactionem
1392 2796 1445 2853 per
1460 2778 1689 2837 misericordiam
1704 2778 1766 2848 Dei,

60 2868 251 2943 queminsua
261 2871 370 2927 ditione
382 2872 621 2945 degentiumlaedi
630 2874 762 2946 permisit
772 2892 890 2947 oppres·
942 2875 1079 2948 episcopo
1094 2873 1302 2939 intercedente,
1320 2869 1481 2944 promeruit
1496 2866 1769 2926 absolutionemllt

58 2958 146 3017 sione
159 2961 381 3033 prepositorum
400 2978 406 3016 :
421 2963 472 3018 sed
491 2963 531 3018 ita
546 2964 621 3018 inter
646 2980 715 3019 siros
738 2963 837 3020 omnia
852 2966 888 3021 od
942 2964 1020 3021 enim
1033 2961 1212 3034 expluribus
1225 2976 1318 3034 pauca
1329 2958 1454 3032 exempli
1470 2974 1558 3015 cause
1573 2957 1766 3030 proteramus,

59 3046 210 3120 equitetis
221 3048 384 3120 ecjustitie
395 3066 528 3105 normam
543 3051 887 3124 perspicacitcrccrrcxit,
944 3070 1022 3109 unus
1038 3069 1072 3108 ex
1087 3050 1145 3122 bis,
1160 3049 1264 3106 vicinis
1280 3049 1309 3104 in
1324 3047 1445 3105 veritate
1459 3046 1769 3115 contestantibus,ten·

60 3139 95 3191 ut
110 3134 228 3192 nullum
242 3134 325 3192 alteri
340 3136 452 3210 aliquid
468 3137 574 3194 inl'erre
591 3139 709 3207 sineret,
733 3141 810 3212 quod
827 3126 926 3214 ipssll
944 3142 994 3198 diu
1007 3139 1120 3215 perdito
1131 3156 1219 3197 sensu
1232 3138 1365 3212 proprias
1381 3154 1487 3194 manus
1502 3135 1649 3205 laceravit,
1661 3150 1769 3208 quoue·

60 3222 120 3281 sibi
135 3222 199 3279 tisri
213 3223 313 3291 nollet,
325 3225 411 3296 juxta
430 3225 502 3281 illud
520 3231 696 3300 preceptum
713 3246 720 3284 ι
737 3229 817 3295 Quod
834 3230 886 3285 tibi
944 3231 1097 3305 quesitam
1109 3228 1300 3285 finivitrllius
1316 3243 1382 3284 vero
1393 3226 1502 3283 librum
1511 3224 1670 3299 quemdem
1681 3225 1717 3283 de
1727 3223 1768 3280 ci-

61 3327 121 3369 non
136 3312 182 3369 ris
197 3313 272 3382 iteri,
287 3313 337 3370 alii
353 3330 389 3369 ne
404 3315 514 3371 t'eceris.
532 3316 566 3371 llt
581 3317 723 3373 Dominus
742 3319 771 3373 in
796 3319 888 3375 Eran-
943 3322 1032 3377 vitate
1042 3322 1174 3393 Augusta
1185 3312 1674 3391 rapuit,excujuspretiocabellum
1681 3311 1767 3371 eruit.

60 3400 284 3475 geliotomnia
306 3418 488 3476 quecunque
512 3404 611 3471 vultis,
627 3405 677 3472 ait,
693 3411 725 3462 ut
745 3407 827 3463 robis
847 3408 888 3463 ia·
943 3410 1034 3476 Quem
1059 3424 1127 3465 cum
1156 3408 1276 3463 domum
1305 3406 1500 3479 perduxisset,
1516 3404 1599 3460 uxori
1624 3418 1684 3459 sue
1703 3401 1767 3459 eit:

60 3488 144 3548 ciant
157 3488 303 3559 homiues,
317 3493 418 3548 eadem
433 3496 462 3549 et
476 3510 526 3549 vos
541 3495 626 3550 tacite
641 3494 710 3551 illis.
943 3498 1048 3556 Melius
1063 3497 1135 3554 mihi
1152 3497 1290 3553 iueratut
1304 3494 1395 3551 istum
1410 3498 1471 3550 tam
1487 3488 1653 3566 prestantis
1668 3489 1768 3547 forme

97 3581 166 3637 Cer.
183 3578 228 3635 xl.
244 3610 279 3621 -
294 3579 367 3636 Cum
382 3580 412 3636 in
427 3580 475 3638 his
493 3587 523 3638 ct
548 3582 718 3655 hujusmodi
746 3585 888 3642 virtutum
944 3605 1053 3662 equum
1064 3582 1579 3657 emissem,quamlibrumquoillum
1589 3577 1767 3652 comparavi,

61 3665 209 3741 gradibus
219 3672 353 3725 sanctum
363 3671 459 3726 virum
471 3687 586 3744 semper
594 3673 628 3728 ad
636 3673 738 3729 altiora
753 3691 890 3731 conscen·
944 3678 973 3734 in
989 3680 1121 3751 Auguste
1135 3675 1324 3731 dimisissem.
1341 3672 1392 3728 Cui
1409 3672 1477 3728 illa:
1495 3671 1612 3738 Utilius,
1625 3669 1768 3743 inquit,ut

61 3756 132 3813 dere
147 3755 281 3813 omnium
296 3758 544 3816 bonorumbostis
558 3761 676 3818 invidus
690 3764 891 3820 cernerctrlia·
944 3761 1430 3840 spero,tibiluissct‚sinunquam
1444 3757 1766 3832 manustueipeumli·
1827 3816 1834 3825 ,

63 3844 162 3914 bolus,
178 3861 356 3919 quacunque
383 3848 478 3920 potuit
505 3853 576 3918 arte,
593 3852 681 3923 cepit
707 3856 838 3925 satagere
857 3857 891 3909 ut
943 3856 1030 3911 brurn
1041 3853 1196 3927 tetigisset.
1209 3851 1335 3907 lllevsro
1346 3851 1415 3905 dum
1428 3848 1508 3904 molli
1521 3853 1599 3905 tactu
1610 3864 1662 3920 per
1674 3851 1769 3921 poste·

61 3934 618 4012 eiusonimumvclquantulumcunque
630 3946 727 4012 posset
737 3942 889 4014 impedire.
944 3944 1020 4000 riom
1036 3942 1125 4008 dorsi,
1138 3945 1170 3995 ut
1185 3939 1301 4006 assolet,
1313 3953 1388 4009 sque
1402 3936 1528 3992 blandiri
1538 3935 1641 4004 voluit,
1653 3952 1722 3992 mox
1731 3934 1768 3990 ab

61 4022 174 4079 Accidit
188 4023 281 4097 igitur
293 4028 364 4083 tunc
379 4027 531 4099 temporis,
546 4032 580 4084 ut
601 4030 677 4084 inter
692 4030 890 4103 Luidolpbum
944 4031 1046 4087 eodem
1058 4045 1216 4102 percussus
1227 4025 1346 4082 interiit.
1361 4025 1428 4081 Post
1443 4040 1501 4081 non
1517 4020 1645 4081 multum
1655 4026 1769 4094 tempo·

61 4108 180 4168 Dttonia
190 4112 288 4185 ldegni
296 4111 482 4186 imperatoris
493 4116 652 4190 filium,qui
660 4118 890 4175 Alamannorum
945 4120 987 4175 ris
1001 4120 1139 4191 prelatus
1160 4114 1341 4188 Arnulpbus,
1357 4131 1409 4187 pro
1423 4112 1542 4185 inJ'uriis
1556 4128 1631 4186 quas
1643 4111 1705 4167 viro
1719 4110 1770 4168 Dei

61 4198 146 4272 genti
158 4204 291 4272 preerat,
307 4204 337 4259 et
350 4203 415 4274 ejus
439 4191 576 4276 patruum
594 4207 750 4262 Henricum
772 4207 890 4263 Norico·
946 4206 1078 4281 ingessit,
1090 4206 1179 4261 etiam
1190 4204 1253 4278 ipse
1259 4203 1333 4276 justi
1344 4202 1458 4260 iudicis
1468 4203 1541 4259 iram
1553 4200 1771 4265 sensit.0bsee,·

61 4302 131 4345 rum
141 4288 661 4366 ducem,crlreturlisodiomqueper
671 4294 891 4368 instigationem
946 4314 980 4354 sa
995 4312 1123 4368 namque
1137 4293 1252 4349 civitate
1269 4292 1440 4359 listisbona,
1456 4293 1576 4364 paratus
1589 4288 1625 4346 ed
1637 4286 1771 4363 prelium

62 4375 179 4433 &tene
190 4380 220 4434 et
234 4394 269 4434 ex
283 4377 482 4453 malignorum
510 4381 665 4438 hominum
689 4387 889 4457 persuasione.
946 4385 1025 4453 exiit,
1041 4384 1141 4457 ibique
1155 4381 1270 4440 occisus
1284 4381 1405 4437 interiit.

62 4466 143 4533 oues
157 4480 226 4522 cum
239 4466 443 4540 imperatorad
453 4472 638 4528 concordiam
654 4473 775 4530 minime
790 4490 892 4530 auocare
906 4496 930 4561 D
982 4474 1105 4541 Quidam
1121 4473 1210 4528 homo
1225 4471 1261 4527 dc
1275 4471 1455 4544 episcopatu,
1471 4469 1522 4542 qui
1535 4469 1642 4527 llistete
1653 4466 1770 4533 dicitur,

62 4552 218 4627 potuisset,
235 4554 318 4611 tratri
334 4557 481 4628 adjutorio
506 4563 607 4615 contra
623 4560 715 4615 lilium
730 4561 794 4618 suit.
809 4563 891 4618 'l'unc
946 4568 1059 4637 partem
1074 4561 1209 4618 vilissimi
1226 4560 1366 4618 mensalis
1382 4561 1418 4616 de
1433 4558 1612 4632 saepedictis
1627 4557 1776 4616 rebusia·

61 4642 186 4715 quidem
195 4643 893 4724 Arnulpbuscemespalatinus,rlrnulpbiquon·
942 4654 1024 4726 juste
1047 4652 1209 4724 usurpavit,
1226 4665 1386 4722 secumque
1410 4648 1576 4721 asportavit.
1595 4649 1651 4705 Sed
1673 4662 1773 4703 meze

61 4730 134 4787 dam
148 4732 234 4788 ducis
248 4733 329 4790 tilius
344 4734 464 4804 exstitit,
480 4740 567 4809 culus
582 4738 648 4793 fidei
663 4739 818 4810 praedictus
834 4741 893 4796 dux
947 4741 1092 4797 daemonio
1103 4738 1385 4813 occupatusnullum
1395 4754 1491 4811 neque
1503 4738 1578 4793 intre
1588 4752 1683 4809 neque
1693 4738 1774 4792 extre

61 4818 209 4876 ilenricus
235 4825 326 4878 totum
354 4823 520 4895 Bajoariam
549 4841 616 4880 cum
647 4826 711 4897 ipsa
740 4826 893 4898 metropoli
947 4830 1098 4886 ecclesiam
1113 4828 1312 4885 abscondendi
1327 4827 1425 4884 locum
1440 4824 1569 4882 invenire
1590 4824 1703 4897 potuit:
1720 4836 1773 4881 nec

62 4908 231 4966 lintisbone
245 4913 474 4982 commendavit,
486 4931 519 4971 ao
535 4915 565 4969 in
581 4915 737 4970 saxoniam
753 4916 789 4971 ad
805 4915 895 4989 impe·
948 4919 1100 4975 benedicta
1115 4934 1254 4990 aspersus
1269 4933 1355 4990 aqua,
1367 4931 1465 4972 carere
1475 4913 1566 4970 valuit
1575 4915 1641 4986 ejus
1650 4926 1776 4985 presen-

61 5003 192 5055 retorem
218 5014 249 5057 se
270 5001 405 5058 contulit.
423 5002 465 5058 lbi
493 5020 527 5060 ce
556 5020 669 5059 moram
696 5004 828 5072 iaciente,
846 5004 894 5062 ille
949 5001 1776 5080 tia,quinsernperjuxtaeumvidereturindividuusoo·

61 5086 145 5144 velut
170 5088 301 5161 perddus
325 5091 489 5165 transfuga,
506 5108 537 5149 se
560 5110 628 5149 cum
653 5094 718 5166 ipsa
737 5094 853 5149 civitate
866 5101 895 5151 ot
948 5113 1011 5153 mes
1027 5111 1155 5163 manere,
1172 5094 1263 5150 donec
1277 5095 1440 5167 Augustam
1455 5092 1581 5159 rediens,
1589 5106 1651 5148 rem
1666 5090 1777 5163 injuste

62 5174 257 5236 multitudine
266 5179 378 5253 populi,
390 5179 535 5255 Ludclpbi
547 5183 664 5254 subegit
674 5182 822 5255 potestati.
831 5184 896 5240 Hac
950 5185 1076 5242 ablatam
1093 5183 1231 5251 reddidit,
1243 5198 1366 5254 seseque
1375 5179 1525 5236 emendari
1534 5178 1638 5235 obnixe
1653 5176 1774 5253 rogavit.

61 5280 133 5322 cum
145 5271 248 5325 sancto
261 5268 393 5341 pontifici
408 5275 559 5344 comperta
575 5272 711 5342 luissent,
724 5271 826 5329 relicta
841 5273 896 5328 mi·
950 5267 1775 5346 Cuiepiseopus,uttutuseratvisceribuspietatisplenus,

63 5353 296 5413 litumoustudis
306 5358 337 5415 in
348 5357 464 5415 civitate
473 5363 616 5434 Augusta,
629 5360 658 5416 in
672 5360 844 5419 Noricorum
856 5378 898 5418 rc·
951 5368 979 5419 et
993 5360 1208 5435 indulgentiam
1219 5376 1271 5432 pro
1287 5356 1395 5414 Christi
1411 5373 1509 5415 amore
1522 5358 1635 5427 tribuit,
1647 5361 1677 5414 et
1692 5373 1709 5413 e
1722 5350 1778 5412 de'·

61 5444 182 5520 mamm
194 5460 317 5520 propere
341 5448 501 5517 contendit,
514 5449 566 5505 ubi
592 5453 662 5505 tunc
687 5451 894 5525 imperatorem
952 5469 1040 5509 mons
1053 5450 1221 5517 liberatum,
1236 5448 1272 5504 ad
1287 5447 1405 5522 proprie
1419 5448 1514 5504 redire
1528 5446 1672 5522 permisit.

61 5548 137 5593 cum
149 5534 279 5593 exercitu
298 5535 461 5595 consistere
477 5537 598 5596 audivit.
611 5539 754 5599 Preietos
768 5556 835 5601 vero
850 5546 898 5619 ty·
987 5541 1056 5599 Gar.
1071 5537 1386 5598 Xlll.-1ntersedum
1397 5537 1630 5597 conteutictnter
1640 5537 1776 5601 ottonem

225 5661 362 5729 Parnon.
388 5664 502 5730 cxtll.
1577 5666 1619 5737 38
