3884 6084
59 259 120 325 tuo
485 260 508 337 ⁸,
682 262 897 326 expositio·
908 263 1169 335 ‚miserescit
1271 327 1274 331 ,
1714 269 1774 331 130

56 395 178 453 finctus
190 399 322 469 generet,
335 394 378 452 sic
393 411 446 452 uec
457 395 540 453 etctio
555 395 737 454 detestabilis
751 412 815 470 que
825 412 891 470 pec·
904 398 932 466 Α
946 396 1027 453 debit
1043 397 1183 454 Dominus
1198 397 1227 453 in
1243 395 1354 454 eunctis
1369 396 1431 472 (qui
1448 399 1531 456 sedes
1543 399 1608 473 ejus
1623 399 1773 474 dicuntur)

58 489 162 544 atum
179 485 280 542 intulit
292 485 499 543 mundo.Cedri
512 503 576 559 que
591 485 622 543 in
636 477 747 543 Libano
763 502 889 543 nuscum
945 486 974 542 in
989 491 1142 559 neruum,
1159 487 1187 543 id
1203 489 1292 545 estin
1310 487 1451 545 seculum
1466 487 1577 557 seculi,
1595 488 1639 547 vel
1661 489 1775 547 sedebit

59 581 110 632 tur
122 574 243 631 altiores
258 575 335 632 liunt
346 573 441 632 cedris
461 590 525 649 que
549 574 659 631 alieubi
674 580 847 644 uterentur,
862 579 892 630 et
945 575 1079 634 Christus
1093 577 1130 633 ed
1146 577 1294 633 dexterum
1310 577 1416 633 Petris.

58 663 210 738 significet
225 662 339 720 nobiles
353 662 891 739 istiusmundietreges,qulreliquos
945 664 979 719 10
1016 666 1146 721 Dominus
1161 667 1292 723 virtutem
1304 667 1406 739 popnio
1419 667 1577 724 madebit:

57 752 198 810 homines
212 756 355 826 tunquam
371 752 496 810 humilis
506 755 615 810 fruteta
625 752 805 827 despiciente
816 769 891 826 quos
1015 756 1145 811 Dominus
1160 755 1297 812 benedicet
1309 756 1411 829 populo
1425 772 1473 813 seo
1488 757 1518 813 iu
1528 773 1606 828 pecc.

57 841 204 900 Dominus
219 841 393 916 coniringet,
408 843 526 916 quando
542 842 665 915 object-is
684 842 820 916 superbis
836 842 890 899 hu·
980 841 1004 898 li
1019 843 1160 899 Dominus
1176 844 1357 913 virtutem,id
1373 848 1417 900 est
1431 844 1519 900 iidem
1531 849 1560 901 et
1572 844 1774 903 fortitudinem

56 928 148 989 miles
161 929 264 1004 stiget
286 933 310 986 u
331 930 363 987 ln
388 919 586 988 contractione
600 931 766 1001 cedrorum,
780 931 891 988 donum
945 934 1047 989 contra
1057 931 1147 1004 hujus
1159 932 1262 988 mundi
1274 933 1417 1007 procellos
1427 933 1535 1006 populo
1546 933 1712 991 Christieno
1723 935 1774 991 de·

57 1017 244 1077 iortitudinis
259 1017 445 1094 intelligitur,
461 1020 533 1076 dum
545 1019 667 1089 tructos,
681 1019 711 1076 id
735 1023 779 1077 est
793 1018 892 1076 humi·
944 1021 997 1077 hit.
1011 1021 1046 1077 Et
1060 1021 1211 1078 benedicet
1225 1020 1273 1077 hin
1289 1027 1317 1077 ct
1332 1022 1361 1077 in
1379 1023 1485 1091 lutuno,
1503 1021 1622 1096 quondo
1642 1022 1775 1080 dicturus

58 1107 150 1166 listos
165 1112 195 1165 et
210 1124 365 1166 conuersos
380 1108 518 1183 quelibet
532 1125 585 1183 pro
608 1108 723 1166 Christo
747 1109 893 1166 sustinere
945 1109 1019 1165 erit:
1035 1109 1147 1178 Venite,
1165 1109 1309 1166 benedicti
1326 1110 1419 1167 Putris
1442 1111 1510 1167 mei.
1532 1111 1564 1167 In
1586 1125 1667 1186 poce,
1684 1111 1713 1167 iu
1729 1128 1775 1168 sc-

59 1196 147 1255 iscit.
945 1199 1084 1273 metipso,
1100 1199 1169 1271 quia
1183 1199 1246 1272 ipse
1259 1205 1304 1255 cst
1318 1216 1374 1272 pex
1385 1216 1454 1256 vere
1469 1204 1578 1257 nostre.

75 1288 96 1342 6
131 1287 546 1360 Etcomnrinuctcostcncnnrn
560 1287 664 1344 oitoios
680 1288 802 1345 Dioni:
1172 1305 1276 1345 euerso
1295 1306 1330 1345 ns
1350 1304 1426 1346 rste.
1447 1306 1546 1345 xxvru.
1610 1360 1612 1369 Ι

132 1377 168 1432 Et
180 1375 299 1433 dilectus
313 1376 545 1449 quenmdmodnm
557 1378 634 1450 titios
651 1379 839 1434 nnicominm.
927 1402 932 1413 ·
981 1376 1073 1444 Dono,
1091 1378 1221 1447 Domine,
1238 1376 1374 1435 virtutem
1389 1378 1498 1452 populo
1514 1378 1705 1445 tuo,eteltleo
1720 1395 1774 1435 uos

96 1465 120 1522 ii
136 1469 196 1524 iste
208 1465 320 1522 vitulus
331 1464 479 1540 signillcst
492 1465 893 1524 Christumsicutenimoon·
948 1465 1090 1540 templum
1101 1467 1228 1540 Spiritus
1238 1466 1333 1524 suncti
1351 1484 1358 1523 :
1375 1472 1408 1524 ut
1420 1467 1474 1524 tibi
1489 1467 1526 1523 de
1539 1467 1627 1524 corde
1641 1466 1777 1541 puro;ho·

59 1553 166 1628 tringit
179 1553 291 1612 vihrlus
303 1553 433 1628 virgulta
447 1558 547 1611 tenere
571 1555 721 1625 cornibus,
739 1555 781 1611 ita
795 1553 892 1611 Chris-
946 1555 1112 1613 lacensium
1129 1557 1306 1630 acceptabile
1321 1571 1530 1631 preparemus.
1547 1556 1600 1613 Per
1615 1555 1773 1613 Dominum

60 1648 128 1702 stus
154 1644 322 1718 coniunget
344 1643 472 1703 iudeus.
489 1641 543 1714 nos
564 1647 647 1702 etium
669 1644 783 1702 ditectio
806 1645 894 1700 ditius
947 1650 1082 1703 nostrum
1098 1646 1199 1703 iesum
1215 1645 1377 1719 Christum,
1393 1650 1446 1706 etc.

60 1732 520 1807 monmorenciacensem
542 1735 714 1806 necnee
734 1734 930 1840 mimoni-3
1223 1751 1389 1809 essenos
1409 1752 1502 1809 xxix.

59 1824 200 1892 nmen,
217 1822 247 1879 id
260 1831 300 1880 est
312 1820 485 1892 todaeomm,
513 1822 584 1896 quis
607 1839 642 1880 ex
666 1821 758 1896 stirpe
777 1822 892 1879 iudeo·
1160 1839 1363 1881 enonnnnruu
1382 1835 1461 1882 esen.
1481 1838 1558 1881 xxix.

61 1928 129 1968 rum
144 1912 312 1969 secundum
328 1927 446 1968 curnem
457 1910 617 1968 luit-iudei
626 1910 783 1968 unicornes
793 1910 895 1968 dicun·
983 1914 1079 1970 CVox
1094 1912 1201 1969 Christi
1226 1913 1262 1969 ad
1286 1913 1415 1982 Putrem,
1438 1911 1549 1986 gratius
1573 1911 1689 1984 ngeniis
1711 1916 1778 1985 post

61 2006 111 2057 tur
123 2017 179 2074 pro
194 2018 256 2059 una
268 2000 333 2075 lege
348 2016 438 2075 quum
454 1999 620 2058 habuerunt
633 2017 686 2075 per
700 2016 790 2074 quum
801 2000 830 2056 iu
846 2017 894 2059 eu·
947 2003 1012 2075 ejus
1027 2001 1270 2076 gloriosissimum
1286 2003 1543 2059 resurrectionum.

61 2089 165 2162 perbis
178 2106 211 2147 ee
225 2088 401 2147 extulerunt.
415 2089 475 2146 Nos
500 2093 661 2163 utrumque
681 2094 893 2146 testamentum
1002 2093 1050 2149 ΤΤ
1069 2093 1194 2149 Psoimus
1208 2093 1311 2148 cantici
1324 2091 1506 2149 dedicationis
1519 2091 1614 2148 dorem
1628 2091 1723 2148 Dauid.
1775 2116 1788 2141 ·

63 2176 280 2252 hebemusipei
296 2181 509 2235 reluctentum
525 2177 818 2251 recipiunt,u0sduo
834 2194 894 2234 cor-
983 2183 1128 2238 Citomus
1143 2180 1450 2255 signillouiteurplum
1476 2180 1618 2238 Dominioi
1634 2180 1776 2254 corporis.

64 2285 123 2326 nus
136 2267 293 2337 hebemus,
309 2268 339 2323 id
355 2268 816 2340 estutrumque'iestumenturu.
949 2269 1097 2327 Dedicetio
1118 2286 1196 2339 vero,
1226 2269 1470 2327 resurrectionem
1495 2270 1629 2343 eJ‘usdem
1658 2268 1778 2326 Domini

79 2361 98 2413 7
135 2357 193 2415 Vox
207 2358 318 2414 Domini
331 2356 519 2413 intercidentis
531 2358 672 2428 mononem
688 2357 762 2427 icnr's
778 2373 785 2411 :
949 2359 1143 2417 uostri.Tuuc
1158 2359 1304 2416 dedicerit
1320 2377 1327 2416 :
1343 2374 1411 2416 cum
1426 2375 1444 2417 u
1459 2358 1584 2416 mortuis
1609 2357 1777 2427 resurrexit,

136 2447 195 2504 Vos
218 2446 330 2503 Domini
351 2447 530 2503 concutientis
552 2446 713 2503 deserens:
737 2448 805 2510 ÷ct
820 2461 894 2502 cono·
948 2453 1019 2505 tuuc
1034 2448 1113 2505 enim
1129 2465 1236 2522 corpus
1251 2449 1317 2520 ejus
1333 2448 1362 2505 iu
1377 2452 1516 2506 uternam
1531 2447 1655 2521 glonem
1671 2448 1779 2520 perdu-

171 2535 275 2593 nroobit
289 2537 423 2593 Dominus
435 2535 574 2592 deserum
595 2541 602 2600 ζ
625 2534 719 2592 Codes.
949 2542 1028 2593 ctum
1045 2543 1100 2594 est.
1116 2537 1255 2593 Dedicare
1270 2537 1349 2593 eninr
1364 2537 1491 2595 dicimus
1506 2554 1574 2594 cum
1592 2536 1706 2594 novitus
1725 2536 1780 2592 do·

98 2623 195 2682 tiVos
205 2625 320 2680 Domini
331 2623 544 2693 intercidentis,
556 2624 642 2681 idest
655 2622 798 2681 auxilium
814 2620 894 2680 illiue
949 2643 1016 2683 mus
1031 2625 1158 2699 alicujus
1169 2627 1199 2682 in
1211 2644 1297 2683 usum
1313 2625 1537 2683 celeberrimum
1554 2624 1781 2699 deputeturDo-

66 2712 141 2771 inter
162 2716 377 2788 persecutores,
397 2729 455 2785 quo
477 2711 541 2769 suis
565 2712 676 2769 sanctis
698 2712 845 2779 subvenit,
863 2716 896 2768 ut
949 2733 1017 2771 mus
1043 2719 1141 2772 sutem
1166 2715 1256 2772 David
1282 2719 1401 2790 propter
1416 2730 1516 2772 semen
1531 2715 1596 2787 ejus
1610 2719 1655 2772 est
1671 2713 1776 2787 posite.

68 2801 232 2877 parentio
244 2798 471 2857 furibundorum
486 2800 606 2858 flemme
616 2799 693 2875 iguis
703 2800 893 2874 intelligatur,
949 2802 1031 2860 Unde
1045 2803 1176 2861 Salvator
1186 2803 1284 2860 curuis
1299 2804 1386 2863 trusit
1400 2804 1554 2878 originem.

68 2890 109 2948 rei
130 2889 283 2948 hommum
298 2889 371 2950 dicit
383 2889 522 2947 libidines
532 2907 607 2963 quus
620 2907 673 2964 per
681 2889 894 2947 contessionem
968 2895 981 2948 l
1020 2893 1153 2950 dccbobo
1168 2901 1203 2962 te,
1218 2895 1486 2966 Dominc,qnoniom
1496 2894 1639 2966 occepere·
1651 2907 1718 2948 mc:

69 2984 96 3037 et
108 2979 234 3055 gretiam
250 2980 320 3039 lacit
334 2981 596 3038 cessereconcutit
609 2981 757 3037 desertum
770 2996 825 3036 vox
839 2979 894 3035 Do·
1020 2983 1073 3038 iicc
1086 2981 1227 3040 delectasti
1241 2984 1369 3039 inimicos
1382 2999 1456 3040 meos
1469 2998 1552 3055 super
1564 2997 1617 3038 osc.

71 3068 192 3140 m‘ui‚id
206 3072 253 3128 est
262 3067 433 3144 predicatio
447 3068 656 3142 enimam-que
669 3069 786 3127 deserte
800 3069 896 3125 lueret
984 3070 1162 3126 ltiixsltsbo
1178 3074 1217 3139 te,
1233 3069 1365 3128 Domine.
1384 3073 1445 3129 Vos
1467 3069 1574 3126 Christi
1596 3069 1632 3125 ed
1647 3072 1777 3139 Patrem,

71 3157 272 3226 ennean,
286 3159 357 3232 quia
380 3159 481 3216 enims
504 3175 568 3231 que
589 3157 670 3215 vitiis
682 3161 824 3231 occupate
838 3144 930 3231 esti}
949 3157 992 3215 vei
1008 3175 1061 3215 von
1076 3158 1209 3215 Ecclesiae
1233 3159 1270 3215 ud
1293 3158 1454 3227 Christum,
1473 3157 1502 3215 id
1526 3162 1571 3214 est
1594 3157 1722 3214 laudubo
1736 3161 1775 3229 te,

73 3251 183 3308 daem
196 3249 315 3319 dieitur,
331 3248 412 3307 illius
434 3249 570 3306 excussis
591 3247 760 3305 hubitnbilis
775 3253 833 3305 Deo
851 3248 894 3305 ili.
949 3247 1089 3322 quonium
1105 3246 1261 3322 suscepisti
1277 3263 1333 3304 me.
1350 3252 1370 3303 C
1385 3251 1440 3304 Per
1455 3246 1777 3320 dispensationemque

74 3339 257 3396 CDcsertum
271 3336 411 3411 sppellsti
424 3335 560 3410 suut,qui
570 3336 697 3394 necdum
706 3335 774 3394 fidei
783 3337 895 3393 donum
950 3337 1094 3394 resurrexi
1109 3355 1127 3394 s
1142 3337 1338 3394 mortuis.Neo
1353 3335 1588 3409 delectasti,quis
1603 3348 1662 3392 nou
1678 3339 1777 3409 potue·

75 3426 298 3501 perceperuntll
310 3427 388 3492 Quos
403 3426 597 3484 commovebit
611 3424 754 3483 Dominus
778 3426 814 3482 de
829 3423 896 3481 inss-
949 3431 1019 3483 ruut
1033 3426 1125 3484 iudei
1141 3425 1289 3483 Christum
1304 3427 1489 3499 exstinguere
1510 3424 1589 3482 sieut
1609 3423 1774 3483 voluerunt.

75 3515 186 3572 delihte
200 3515 238 3572 ed
254 3514 449 3572 coemendos
466 3514 675 3588 interpretetur
689 3514 847 3571 commotio
857 3512 895 3568 ti·
949 3515 1103 3573 Delectasti
1116 3533 1184 3572 vero
1199 3516 1298 3589 posuit
1311 3532 1364 3589 pro
1379 3514 1523 3572 delectere
1537 3512 1641 3572 iecisti.

75 3620 138 3661 nee.
153 3603 178 3661 G
194 3603 345 3661 intercisio
360 3603 562 3661 tenuamus
578 3620 585 3660 :
600 3602 838 3660 donumconsilii
854 3602 897 3659 in·
967 3609 985 3661 2
1020 3607 1091 3662 Dens
1105 3621 1181 3662 ruens
1195 3607 1316 3662 ciorncoi
1329 3605 1424 3663 ode:

72 3693 203 3769 uritque
216 3691 444 3766 interrumpitur
458 3698 773 3766 cousensusectusque
785 3691 895 3765 pecenti
1020 3696 1054 3751 st
1066 3696 1176 3753 sonmti
1188 3711 1241 3752 mc.

73 3780 111 3839 rei
119 3781 379 3855 persecutionis,in
388 3781 581 3855 concussione
590 3797 655 3838 vcro
666 3779 774 3839 deserti
783 3781 895 3838 donum
985 3782 1121 3843 Horatio
1136 3783 1244 3841 Christi
1258 3784 1319 3841 sive
1333 3783 1479 3855 Ecclesie,
1495 3782 1606 3839 sonesti
1622 3796 1679 3850 me,
1687 3779 1716 3837 id
1731 3785 1778 3839 est

70 3868 233 3928 intellectus
250 3875 379 3928 notetur.
950 3890 1102 3948 resurgere
1117 3891 1165 3930 me
1180 3873 1308 3931 lecisti.C
1321 3873 1403 3930 Tunc
1419 3873 1498 3931 enim
1508 3869 1777 3929 sanstusestChri-

85 3961 102 4014 8
138 3959 195 4017 Vox
221 3961 335 4016 Domini
359 3962 546 4034 praepcrontis
577 3977 677 4030 cervos,
708 3968 735 4018 ct
765 3961 897 4018 meludit
950 3965 1024 4032 sius,
1054 3963 1178 4036 quondo
1201 3980 1319 4020 curnem
1348 3961 1515 4036 lregilitntis
1540 3966 1656 4029 suestre,
1679 3976 1776 4017 resur·

173 4048 311 4107 condem
326 4067 335 4105 τ
949 4053 1044 4126 gendo
1059 4052 1090 4108 in
1104 4056 1212 4111 eterne
1224 4053 1290 4110 vite
1305 4051 1413 4126 gaudio
1426 4049 1587 4118 collocavit,
1603 4054 1633 4107 et
1645 4064 1698 4105 uos
1716 4047 1777 4105 sel-

136 4138 171 4196 dt
185 4140 215 4194 in
230 4139 331 4211 tempto
344 4137 403 4212 eins
417 4154 510 4196 omncs
524 4138 616 4196 dicem
629 4138 759 4210 rernm.
948 4158 1001 4198 sos
1016 4141 1092 4199 lecit.

100 4226 126 4283 ii
140 4222 221 4301 Cer'vi
236 4226 441 4299 predicatores
456 4226 614 4302 significet,
623 4243 698 4301 quos
711 4222 894 4302 prepurevit',
967 4232 985 4287 3
1021 4231 1145 4299 Domine,
1160 4231 1301 4288 dednxisti
1314 4230 1355 4286 ob·
1365 4231 1474 4302 inferno
1488 4229 1613 4286 noioeane
1626 4237 1714 4283 mcorn
1726 4241 1739 4281 ·:

68 4315 186 4388 quondo
199 4313 258 4372 illis
272 4315 416 4389 Spiritum
431 4319 567 4373 sunctum
582 4310 663 4373 dedii
672 4333 706 4374 ec
716 4316 782 4373 illes
792 4314 895 4391 predi·
1021 4321 1143 4378 Sctonsti
1156 4337 1200 4375 mc
1213 4337 1230 4374 a
1245 4317 1472 4376 descendentibus
1488 4319 1517 4373 in
1533 4317 1633 4372 locum.

68 4401 397 4480 sasemisitdteveluvit
410 4405 569 4472 condenso,
579 4404 609 4461 id
622 4408 666 4462 est
680 4405 805 4462 obscure
819 4404 895 4462 divi·
984 4411 1007 4466 Α
1022 4408 1046 4465 Η
1060 4407 1352 4479 Domiuededuxisti,
1366 4407 1420 4464 hoc
1436 4405 1618 4480 expositione
1628 4405 1777 4476 non'eget,

69 4508 176 4549 nurum
189 4489 408 4566 scripturorum
416 4507 469 4565 per
477 4492 619 4566 Spiritum
629 4499 766 4552 sennium
777 4494 838 4550 illis
847 4511 896 4566 pu·
912 4515 935 4582 p)
950 4497 1138 4555 Manifestum
1153 4501 1199 4554 est
1212 4496 1436 4565 enim,unlmem
1448 4493 1555 4552 Christi
1564 4490 1779 4551 cumeliiseui·

68 4580 204 4637 teiecitii
223 4580 276 4638 Per
298 4597 399 4639 cervos
413 4580 504 4657 igitur
517 4582 666 4657 sepientes
680 4582 896 4658 intelliguntur,
952 4588 1057 4645 mebus
1072 4589 1252 4657 sanctorum,
1268 4587 1304 4643 de
1319 4586 1436 4643 inierno
1458 4587 1622 4642 revocatum
1638 4599 1656 4639 e
1674 4582 1743 4638 Deo.
1759 4583 1779 4636 C

67 4669 120 4744 φῖ
134 4669 391 4745 wnstmltlssfitint,
401 4670 461 4728 tilii
476 4672 744 4730 wntoendentesd
756 4679 898 4746 superent
950 4676 1164 4736 Descendenies
1183 4693 1251 4733 soro
1266 4677 1296 4733 iu
1312 4674 1409 4733 lusum
1425 4678 1497 4733 sunt
1511 4672 1562 4747 qui
1577 4673 1608 4728 in
1624 4669 1778 4742 iniquitute

68 4756 259 4834 etnpeiluut
272 4760 567 4835 venenosas-linguas
582 4760 897 4820 hereticorumliebes
950 4765 1038 4824 istius
1053 4765 1152 4823 seculi
1167 4777 1330 4824 comentur.
1347 4763 1482 4822 Selvutus
1495 4767 1539 4818 est
1553 4761 1652 4831 itaque
1670 4773 1688 4813 e
1712 4755 1777 4813 teli-

68 4846 162 4929 igitur
172 4847 333 4927 septimum
348 4849 459 4907 donum
473 4849 600 4924 Spiritus
614 4846 837 4921 suncti,soilicet
849 4868 896 4908 se·
951 4854 1092 4928 busonis
1106 4871 1124 4911 e
1137 4853 1344 4913 communione
1368 4867 1470 4911 eorum
1493 4849 1635 4906 liberatus
1650 4848 1696 4901 est
1710 4859 1777 4900 cum

68 4934 220 5011 pioefisun
235 4940 256 4994 C
271 4937 326 4995 Pro
341 4955 399 5013 que
413 4956 454 5009 re,
469 4938 500 4996 in
514 4938 644 4998 Ecclesia
658 4940 839 5013 ejus,omnes
853 4938 897 4997 illi
951 4943 1111 5001 resurrexit
1126 4941 1291 5001 emortuis.

69 5022 129 5081 hee
141 5018 224 5104 done
234 5024 388 5096 hebentes,
405 5027 685 5103 referuntgloriem
969 5035 986 5090 l
1025 5032 1263 5091 t’sottiicDornino
1277 5030 1368 5086 sancti
1381 5029 1440 5101 cies
1457 5041 1463 5083 :

84 5113 104 5168 ii
138 5106 271 5172 Dorciinos
284 5115 423 5174 ddnoinm
437 5117 593 5176 indebitare
605 5119 693 5192 socii:
1022 5118 1386 5193 diconfitencinimemorie
1397 5116 1551 5174 nnntntis
1565 5114 1634 5186 eins.

138 5204 173 5259 Et
185 5205 288 5263 scdcbit
303 5208 437 5264 Dominus
450 5223 502 5264 rec
516 5208 545 5264 in
560 5214 706 5266 emnem.
987 5209 1011 5266 ll
1027 5208 1169 5282 Propheta
1183 5208 1317 5265 horietur
1330 5209 1458 5277 sanctos,
1475 5208 1507 5260 ut
1522 5203 1643 5260 iaudent
1661 5199 1746 5257 illum
1761 5214 1778 5256 s

103 5295 124 5348 C
139 5293 282 5352 Domirms
297 5295 442 5353 diluvium
457 5296 623 5355 iubebitur-e
639 5297 773 5355 insititio
783 5297 897 5372 signill-
954 5315 1011 5372 quo
1026 5296 1130 5355 solvuti
1150 5301 1229 5354 suut.
1247 5294 1392 5353 Memoris
1418 5292 1585 5352 sanctitutis
1608 5291 1673 5363 ejus
1693 5289 1777 5356 dixit,

71 5385 116 5438 cst
128 5380 276 5440 ddunum
289 5385 470 5458 bsptismum
486 5384 546 5444 sive
565 5403 659 5460 equas
681 5385 821 5461 baptismi
837 5387 900 5460 (per
953 5387 1024 5462 quie
1038 5403 1150 5444 memor
1165 5385 1255 5443 nostri
1271 5401 1337 5443 esse
1350 5385 1489 5458 dignutus
1504 5381 1613 5454 est,qui
1628 5381 1658 5437 in
1674 5378 1779 5435 umbra

71 5487 144 5544 ques
154 5471 693 5551 purgeturhomosicutperdiluvium
704 5481 901 5551 purgatusest
955 5476 1067 5544 mortis,
1085 5476 1112 5531 id
1138 5480 1184 5533 est
1207 5474 1316 5550 peccati
1341 5473 1544 5541 versabuntur,
1560 5471 1585 5526 ll
1599 5467 1629 5524 id
1647 5470 1702 5538 est,
1719 5481 1780 5524 me·

70 5562 214 5639 nundus)
227 5566 258 5623 et
272 5579 322 5624 ess
336 5564 464 5644 Spiritus
479 5568 600 5626 cunctus
609 5563 793 5626 inhabitetii
808 5565 843 5626 ct
857 5581 901 5628 se·
956 5583 1053 5628 mores
1067 5564 1132 5626 sitis
1146 5564 1234 5626 istius
1244 5563 1378 5626 benellcii
1393 5579 1451 5642 quo
1464 5579 1514 5623 vos
1528 5557 1671 5620 licensis.
