3884 6084
122 279 200 370 1027
486 337 489 341 ,
580 273 613 335 S.
638 273 820 335 ODILONlS
843 274 1124 336 acuatacaasls
1146 273 1308 336 ABBll'l'lS
1331 271 1368 336 V.
1435 320 1441 325 ,
1750 264 1820 328 1οἈ

121 413 211 475 deret,
228 408 340 483 agebat,
355 407 418 463 sine
441 406 529 461 dubio
555 406 616 461 luca
632 405 788 462 Dominicae
804 405 944 463 Nativita-
959 410 987 475 Α
1003 408 1143 464 hodierna
1157 409 1221 479 ejus
1236 405 1453 479 assumptione,
1465 404 1568 461 divine
1582 403 1657 477 legis
1675 403 1819 474 interpres,

121 501 169 566 tis,
179 498 334 572 passionis,
346 495 501 568 sepulture
513 499 541 551 et
553 496 947 568 resurrectionisfrequenter
1001 502 1120 553 sanctus
1135 496 1269 552 videlieet
1284 494 1478 568 Hieronymus
1491 499 1520 550 et
1535 493 1583 549 alii
1599 494 1735 548 doctores
1748 507 1819 565 egre·

121 589 275 653 circuiens
293 585 416 640 invisere
431 584 577 657 cupiebat.
592 585 623 640 ln
639 583 750 641 eisdem
766 585 854 641 etiam
873 584 946 653 loeis
1000 587 1040 659 gii
1055 587 1122 643 talia
1148 604 1181 642 ac
1211 588 1292 641 tauta
1317 589 1475 658 potuerunt
1493 589 1521 640 et
1537 583 1697 639 voluerunt
1723 579 1818 647 dicere,

120 673 453 749 lacrymosiundebatet
464 672 766 729 sanctissimiorissui
777 672 946 743 esculadul·
1000 677 1109 749 quibus
1125 693 1177 731 uas
1194 691 1246 731 nec
1261 676 1403 730 audemus
1419 672 1541 746 aliquid,
1559 688 1613 728 neo
1629 668 1819 726 debemusad·

118 762 597 835 cissimaimprimebat.Deindeud
610 761 944 836 notumsibiresugium,
998 766 1096 838 jicere.
1114 765 1148 820 ut
1161 764 1211 838 qui
1227 764 1262 819 ad
1278 764 1398 835 plenum
1417 761 1480 817 vult
1503 776 1682 834 cognoscere
1707 757 1817 832 gloriam

119 853 312 926 apostolieum
328 850 462 907 videlicet
477 850 714 917 contubernium,
731 854 815 922 pasta
836 850 944 907 intuitu
1000 853 1195 909 solemnitatis
1210 853 1367 921 hodierna,
1383 850 1461 924 legat
1476 866 1645 907 sermonem
1670 863 1758 920 quem
1777 864 1817 902 su·

117 942 335 999 Dominieorum
353 941 483 996 locorum
499 957 564 995 eum
582 940 690 1012 gaudio
706 940 864 996 remeabat.
875 939 943 997 Cre·
999 944 1149 1017 pradictus
1166 944 1250 999 Pater
1265 941 1457 1015 Hieronymus
1479 940 1582 1007 edidit,
1596 943 1626 994 et
1641 939 1678 993 ad
1696 940 1816 994 sanctam

116 1032 216 1089 dimus
230 1048 294 1088 euni
311 1029 477 1086 interfuisse
492 1028 609 1102 gaudiis
621 1027 778 1084 Dominieae
794 1027 944 1086 ascensio·
998 1032 1129 1101 Paulam,
1146 1038 1175 1088 ct
1191 1033 1226 1087 ad
1244 1031 1431 1087 Eustochium
1447 1029 1538 1085 filium
1554 1030 1621 1101 ejus
1636 1026 1816 1100 virginemet

116 1119 379 1188 ssl82111dl⁰⁵ttfl0l0
396 1119 580 1175 Penleoosles
595 1134 662 1173 oum
679 1115 787 1173 sanctis
803 1116 943 1190 apostolis
999 1123 1034 1179 ad
1046 1128 1164 1178 craterus
1178 1121 1305 1194 virgines
1321 1138 1377 1177 non
1392 1118 1488 1176 solum
1500 1114 1815 1191 presentes,scdetiam

116 1210 280 1283 percepisse
296 1225 360 1264 flam
374 1206 500 1281 limitum
516 1205 644 1278 Spltlltffl
658 1205 860 1277 sancitam
873 1221 943 1262 ⁰⁰⁰·
998 1212 1034 1269 ud
1050 1215 1277 1285 superventuras
1303 1207 1479 1265 transmisit.
1497 1213 1528 1263 ln
1555 1206 1661 1263 eodem
1684 1221 1752 1261 vero
1766 1220 1815 1260 scr

115 1303 173 1354 stat
192 1315 256 1354 esse
282 1296 451 1370 plenissime
475 1295 582 1350 habere
607 1292 642 1349 ah
668 1293 731 1366 ipsa
755 1292 943 1366 conceptione
997 1304 1224 1374 mouepossunt
1247 1298 1398 1355 addiscere
1426 1296 1554 1369 virgines
1580 1295 1815 1361 semiuae‚etuou

114 1386 231 1444 Christi.
248 1387 357 1458 Siquis
373 1402 439 1438 raro
453 1383 549 1439 adhuc
575 1382 672 1438 studio
698 1381 815 1455 pietatis
828 1382 873 1438 rel
889 1382 941 1456 piae
996 1390 1092 1446 solum
1108 1389 1235 1463 virgines
1252 1387 1434 1456 sominae,sed
1450 1385 1537 1442 etiam
1549 1383 1682 1458 virgines
1694 1381 1814 1451 maseuli,

114 1474 294 1530 curiositatis
306 1475 409 1528 ellectu
427 1473 567 1544 indagare
583 1470 706 1527 voluerit
720 1470 792 1543 quid
808 1475 873 1544 post
888 1473 940 1527 As·
996 1479 1143 1552 quomodo
1160 1478 1284 1534 debeant
1298 1477 1447 1551 virginum
1460 1472 1578 1548 virgini,
1595 1471 1777 1547 virginaliter
1788 1488 1814 1528 ac

114 1562 282 1619 ⁰⁰¹¹lessth
309 1560 423 1617 Domini
449 1560 655 1634 &delibutam
685 1562 784 1616 sancte
809 1565 838 1616 et
861 1560 941 1631 juste
995 1567 1117 1624 uiriliter
1140 1567 1274 1623 militare.
1290 1566 1390 1631 llodie,
1407 1563 1646 1621 reverendissimi
1676 1559 1813 1618 Patresct

114 1652 215 1708 Vitelli
239 1655 267 1707 θῑ
294 1668 361 1707 cum
390 1649 498 1724 qulbus
527 1649 711 1715 habitaverit,
730 1649 784 1704 soll
810 1650 867 1705 Deo
892 1665 940 1705 00·
995 1657 1159 1713 charissimi
1185 1656 1299 1718 tratres,
1327 1653 1437 1710 domini
1463 1657 1491 1709 et
1512 1652 1657 1720 seniores,
1675 1652 1812 1706 matreset

113 1741 228 1814 gnitum
252 1757 316 1797 0³3⁰
340 1739 455 1795 Vld⁰l⁰l
480 1744 510 1794 el
537 1738 664 1794 Glltilell
692 1736 875 1810 lit'hflngssltb
893 1736 939 1793 ⁰¹¹5
995 1763 1109 1802 sorores
1126 1743 1437 1807 devotissimmbeotae
1454 1741 1502 1796 Dei
1520 1739 1725 1797 Genitrieiset
1746 1754 1810 1795 sem·

113 1831 176 1902 ejus
193 1847 282 1886 causa
298 1834 357 1885 tola
373 1829 531 1884 commissa
544 1843 607 1882 esse
625 1827 798 1899 practicatur
812 1844 828 1882 a
844 1826 940 1881 Domi-

113 1936 159 1985 no,
177 1924 205 1974 et
220 1917 332 1992 angelis
348 1917 404 1973 sibi
432 1915 642 1972 collaetantibus
672 1931 831 1988 securoque
851 1914 940 1970 collo-

112 2009 281 2080 queutibus,
296 2008 400 2063 loanni
415 2006 503 2063 etiam
530 2005 633 2061 dilecto
661 2004 773 2060 Domini
796 2002 939 2076 discipulo

111 2097 159 2169 qui
177 2097 213 2152 ab
229 2096 292 2169 ipsa
309 2112 392 2152 cruce
414 2094 543 2167 suscepit
568 2095 595 2149 in
622 2111 676 2150 sua
702 2092 899 2150 sollicitudine
912 2096 941 2148 ct

111 2202 191 2249 curu,
207 2184 341 2239 videlicet
364 2188 393 2238 ut
414 2183 502 2255 t'irgu
527 2182 632 2255 virgini
656 2182 824 2250 deserviret,
841 2186 870 2237 et
883 2182 939 2238 Do-

112 2272 182 2327 mini
195 2271 278 2327 neutri
293 2272 462 2344 rependeret
478 2270 626 2326 servitutis
637 2275 665 2326 ct
675 2270 839 2326 dilectionis
854 2270 939 2330 obse·

112 2361 225 2433 quiunt,
242 2359 291 2431 qui
309 2376 375 2414 erim
396 2376 452 2430 pre
468 2358 580 2413 ceteris
595 2376 649 2413 sna
664 2357 819 2419 dilectione
833 2359 940 2415 lecerat

111 2447 426 2521 dignumtteotisstmo
440 2446 547 2501 etenim
559 2446 642 2501 Petro
653 2445 851 2517 apostolorum
861 2447 938 2519 prin-

42 2525 45 2532 *
111 2537 166 2610 cipi
191 2536 361 2608 caeterisque
382 2535 522 2607 apostolis
545 2552 602 2591 non
626 2534 774 2608 incognita
793 2535 848 2591 luit
873 2537 938 2608 ejus

111 2625 269 2700 purissima
287 2627 347 2680 rita
365 2628 393 2679 et
409 2624 503 2692 actio;
520 2627 621 2680 saneta
637 2641 752 2696 quoque
766 2628 795 2680 et
810 2625 936 2681 admira·

110 2715 177 2771 bilis
193 2719 222 2771 et
237 2712 430 2787 predicabilis
446 2712 637 2769 conversatio.
655 2714 766 2786 Quippe
785 2714 855 2785 quia
869 2731 936 2771 cum

110 2805 152 2860 cis
167 2820 284 2876 semper
295 2802 350 2858 iuit
364 2803 400 2859 ab
417 2803 547 2875 ipsorum
564 2801 763 2859 conversionis
778 2800 872 2871 initio,
889 2821 937 2860 us·

110 2911 167 2966 que
183 2893 217 2949 ad
234 2891 317 2948 illum
343 2891 420 2948 diem
447 2891 476 2946 iu
501 2908 559 2964 quo
583 2889 750 2964 unigenitus
768 2892 815 2948 Dei
833 2891 934 2961 Filius,

110 2983 197 3039 bomo
213 3000 246 3038 ex
261 2999 296 3039 ea
315 2997 383 3036 vera
410 2981 466 3036 fida
495 2981 622 3053 genitus,
640 2979 821 3036 alaberibus
845 2980 935 3053 hujus

997 1851 1048 1907 per
1062 1833 1184 1907 virginis
1200 1831 1296 1887 blarim
1309 1829 1489 1886 celebremus
1505 1830 1623 1896 testum,
1643 1833 1677 1883 ut
1691 1845 1740 1900 per
1757 1827 1810 1898 rjus

995 1922 1143 1996 singulare
1157 1920 1304 1986 meritum,
1315 1917 1496 1974 etorationes
1507 1917 1642 1973 omnium
1656 1919 1807 1972 sanctorum

994 2016 1222 2082 sanctarumque
1237 2007 1394 2082 virginum,
1409 2008 1491 2079 pium
1517 2023 1689 2062 mercamur
1716 2004 1806 2060 habere

995 2108 1081 2175 atque
1097 2100 1256 2175 propitium
1272 2097 1401 2172 Virginis
1415 2096 1519 2166 filium,
1532 2100 1559 2153 et
1576 2094 1722 2169 virginum
1734 2110 1804 2167 spen·

994 2209 1071 2258 surii,
1088 2191 1245 2247 Dominum
1263 2193 1395 2244 nostrum
1407 2187 1508 2243 lesum
1522 2183 1741 2250 ChristumDui
1752 2182 1803 2239 sirit

993 2287 1022 2336 et
1041 2283 1142 2352 regnat
1167 2296 1234 2334 eum
1260 2282 1315 2332 Deo
1341 2277 1433 2342 Putre,
1452 2281 1479 2330 et
1504 2274 1618 2348 Spiritu
1645 2275 1802 2344 saucto,per

993 2370 1092 2426 omnia
1107 2367 1213 2424 secula
1228 2365 1413 2422 saeculorum.
1430 2367 1531 2421 Areten.

1028 2459 1078 2514 Dei
1094 2474 1159 2513 vero
1175 2455 1315 2522 Genitcix,
1332 2471 1395 2527 quse
1424 2452 1511 2509 hodic
1535 2453 1572 2508 ad
1595 2450 1731 2506 coelorum
1750 2447 1795 2522 gle

992 2548 1076 2616 riam,
1089 2563 1177 2619 super
1191 2544 1295 2600 choros
1311 2542 1482 2615 angelorum
1496 2545 1524 2597 et
1534 2557 1630 2613 usque
1646 2540 1681 2595 ad
1696 2553 1795 2594 summa

992 2635 1153 2693 divinitatis
1171 2632 1356 2707 praesentiam
1372 2634 1525 2703 assumpta
1539 2646 1605 2686 csse
1620 2627 1792 2696 meditante

992 2729 1111 2782 necatur
1125 2728 1152 2781 ct
1167 2721 1281 2787 colitur,
1298 2720 1362 2795 ipsa
1381 2724 1435 2788 est,
1451 2724 1483 2774 ut
1509 2719 1630 2790 quidam
1654 2734 1687 2772 ex
1708 2712 1792 2772 nostris

991 2812 1096 2870 humili
1112 2811 1262 2869 devotione
1277 2809 1460 2881 alloquentes
1477 2806 1555 2863 soliti
1570 2810 1640 2862 sunt
1651 2805 1750 2861 dicere:
1760 2801 1788 2858 Tu

991 2922 1022 2961 es
1037 2903 1114 2959 enim
1130 2901 1197 2957 aula
1213 2898 1328 2973 regalis,
1347 2899 1440 2954 formo
1463 2895 1595 2969 pudoris,
1612 2894 1642 2949 id
1666 2897 1709 2950 est
1728 2905 1787 2946 aare·
1838 2908 1841 2977 p

990 2992 1112 3058 acindini,
1131 3008 1194 3063 quae
1210 3005 1325 3061 semper
1347 2991 1391 3043 est
1414 3002 1512 3041 comcs
1528 2983 1680 3040 individua
1693 2982 1785 3052 integre
1838 2992 1841 3053 t

108 3073 171 3128 t'llffl
186 3071 278 3128 V⁰lt¹ll
300 3071 421 3143 ffl‘llleffla
436 3074 465 3126 el
490 3070 525 3124 td
551 3069 674 3143 ΒῙΟΓῙΜΠ
703 3068 759 3124 Sibi
781 3086 798 3127 ἃ
820 3069 935 3126 Sfflcullfl
989 3081 1164 3154 virginitatis
1179 3084 1208 3134 et
1223 3078 1367 3133 continuae
1380 3073 1532 3131 castitatis
1550 3074 1593 3128 'lu
1611 3090 1642 3128 es
1657 3070 1728 3128 enim
1740 3069 1785 3141 post
1838 3063 1841 3109 l

110 3166 312 3235 praeparatam,
330 3165 363 3216 ut
379 3160 508 3215 creditur
521 3164 549 3215 et
564 3160 749 3232 predicetur,
761 3176 849 3232 super
864 3159 931 3216 cho·
948 3153 969 3220 C
990 3171 1081 3226 Deum
1099 3183 1187 3223 causa
1202 3165 1348 3239 praecipua
1371 3162 1507 3217 lrnmanra
1532 3157 1785 3215 solatiarentur

109 3269 156 3307 ros
172 3250 342 3324 angelorum
356 3239 495 3322 dignatus
509 3252 553 3304 est
568 3247 689 3304 elevare.

145 3340 238 3410 llujus
251 3338 308 3394 diei
327 3336 457 3392 letitiam
468 3337 554 3392 hodie
566 3341 644 3392 totus
660 3336 790 3393 mundus
805 3337 934 3394 coucele-

108 3427 277 3493 brat,hodie
293 3442 419 3497 nauaque
434 3426 471 3481 ob
486 3424 702 3482 venerationem
717 3426 935 3499 assumptionis

109 3515 225 3570 Domini
242 3515 399 3570 Genitricis
415 3514 508 3586 angeli
529 3514 674 3581 laetantur,
690 3514 817 3588 virgines
836 3520 934 3588 gratu·

108 3604 216 3672 lantur,
232 3603 402 3676 patriarche
423 3609 452 3657 et
476 3602 622 3674 prophete
649 3607 706 3658 Deo
730 3604 838 3677 gratias
864 3606 910 3661 rel
923 3634 935 3649 ·

109 3697 188 3759 runt,
204 3691 273 3764 quia
288 3690 428 3764 praesagio
443 3698 472 3747 et
488 3690 626 3746 vaticinia
648 3709 702 3747 sua
730 3709 781 3764 per
802 3677 934 3749 camdem

109 3780 223 3836 Domini
241 3779 415 3837 Genitricem
432 3778 577 3852 completa
588 3796 654 3837 esse
670 3785 936 3854 cognoscuntapo·

109 3869 174 3925 stoli
191 3875 219 3925 et
229 3867 411 3943 evangelista
425 3868 598 3941 tripudiant,
610 3886 676 3925 curn
693 3869 723 3924 in
738 3886 824 3926 earne
834 3869 935 3926 Domi·

109 3977 179 4016 uum
195 3959 319 4026 venisse,
331 3963 359 4014 et
369 3959 405 4014 de
416 3957 535 4031 Virgine
548 3961 649 4014 uatum
666 3974 733 4014 vera
746 3959 802 4015 fide
818 3959 935 4031 scriptis

108 4047 170 4104 suis
186 4048 385 4120 pronuntiant.
395 4046 561 4102 Gloriantur
575 4047 663 4102 etiam
680 4047 765 4103 hodie
781 4053 933 4122 martyres,

109 4137 263 4193 Genitrieis
274 4135 390 4192 Domini
402 4136 448 4192 sui
459 4134 934 4208 solemniadignislaudibuscele·

109 4227 237 4283 beantes.
254 4226 388 4282 Gaudent
402 4224 511 4282 summi
529 4224 692 4297 pontifices,
709 4225 889 4283 consessores
907 4230 936 4283 et

108 4316 241 4371 electores
253 4314 401 4380 catholici,
416 4315 487 4370 dum
504 4331 554 4386 pcr
568 4331 668 4370 eorum
681 4314 845 4370 doctrinam
861 4316 934 4371 lide-

109 4401 150 4459 lcs
176 4404 223 4458 Dei
249 4404 372 4458 credunt
396 4406 425 4458 et
452 4401 552 4457 colunt
572 4402 620 4458 Dei
636 4401 740 4458 Filium
769 4404 934 4475 suscepisse

109 4491 186 4564 quod
204 4509 260 4547 non
274 4496 346 4558 erat,
358 4496 386 4547 et
397 4508 454 4546 non
471 4491 606 4547 amisisse
619 4491 697 4563 quod
713 4494 793 4558 erat;
808 4496 836 4547 et
848 4492 932 4548 Geni·

110 4581 210 4636 tricem
234 4580 348 4635 Domini
376 4579 536 4651 praedicunt
561 4579 702 4652 virginem
732 4579 890 4652 peperisse,
907 4586 936 4636 et

109 4674 175 4743 post
202 4674 320 4743 partum
348 4668 490 4740 virginem
519 4667 672 4724 exstitisse.
692 4667 790 4724 Dicam
823 4668 933 4742 aliquid

108 4759 187 4832 plus,
204 4759 228 4815 si
244 4759 357 4827 audeo;
375 4757 469 4813 dicam
486 4757 564 4814 fideli
584 4758 821 4829 preasumptione,
838 4759 933 4814 dicam

109 4849 157 4922 pia
173 4848 347 4906 temeritate.
364 4846 454 4903 Totus
470 4846 599 4902 mundus
624 4844 709 4901 hodie
729 4845 874 4918 condigna
884 4847 933 4919 ju·

109 4934 247 4994 bitatione
271 4937 385 4993 laetatur
404 4941 432 4993 et
446 4935 564 5009 gaudet,
579 4939 706 4991 tartarus
731 4937 934 4992 tantummodo

110 5024 212 5093 ululat,
231 5025 327 5082 tremit
341 5031 370 5082 et
388 5026 620 5091 submurmurat,
637 5021 776 5095 quoniam
792 5025 934 5096 gaudium

110 5117 139 5168 et
155 5111 253 5168 latitia
267 5113 357 5186 hujus
370 5114 437 5186 diei,
449 5110 584 5170 claustris
597 5109 790 5168 infernalibus
801 5111 933 5182 inclusis,

110 5199 227 5272 aliquod
245 5203 407 5258 remedium
418 5207 447 5258 et
460 5199 642 5274 refrigerium
660 5204 786 5272 praestat.
803 5201 866 5256 Non
884 5219 934 5257 au-

111 5290 193 5360 dent,-
207 5294 238 5345 ut
252 5290 365 5363 opinor,
383 5290 509 5347 ministri
536 5289 653 5346 tartarei
685 5289 768 5345 bodie
791 5291 935 5365 attingere

111 5396 181 5436 suos
196 5379 335 5451 captivos,
352 5395 425 5450 quos
442 5378 573 5435 recolunt
587 5379 754 5451 redemptos
771 5377 851 5434 illius
867 5396 936 5436 sau-

990 3254 1159 3330 singularis,
1177 3259 1208 3311 tu
1226 3254 1305 3326 virgo
1320 3253 1467 3324 perennis.
1481 3248 1524 3303 Tu
1542 3251 1636 3302 mater
1653 3245 1754 3307 intacta,
1765 3245 1784 3293 u
1838 3256 1840 3319 p

989 3348 1069 3419 virgo
1086 3345 1220 3400 secunda.
1237 3344 1280 3398 'lu
1307 3343 1401 3396 mater
1423 3338 1487 3394 sine
1512 3336 1585 3406 vire,
1601 3339 1633 3391 tu
1658 3334 1729 3405 virgo
1743 3328 1785 3386 siut

990 3433 1131 3507 exemplo.
1145 3435 1188 3489 'l'u
1203 3446 1345 3505 puerpera
1360 3427 1423 3483 sine
1439 3432 1494 3481 ture
1511 3422 1688 3499 integritatis
1701 3419 1785 3491 dispe
1837 3440 1840 3487 1

990 3525 1047 3579 dio.
1064 3523 1105 3577 Tu
1120 3526 1162 3576 tot
1177 3519 1283 3575 divinis
1300 3517 1473 3572 muneribus
1488 3515 1640 3581 suncta,tu
1657 3508 1785 3567 lautianm
1838 3566 1840 3591 ἶ

991 3612 1110 3667 neribus
1121 3608 1285 3666 celestibus
1296 3609 1422 3677 comptu.
1435 3606 1478 3660 Tu
1490 3607 1552 3659 tam
1564 3603 1711 3675 granditer
1718 3593 1784 3690 gealt
1836 3594 1840 3673 l

992 3703 1037 3758 Dei
1055 3700 1215 3765 escalada,
1234 3702 1264 3752 ut
1285 3712 1335 3769 per
1359 3695 1459 3750 ilorem
1489 3693 1532 3748 tui
1563 3689 1712 3763 virginatis
1732 3691 1783 3742 utcu
1837 3702 1840 3753 i

990 3789 1174 3861 omnipotens
1187 3790 1272 3842 Pater
1282 3787 1433 3857 superaret
1445 3781 1633 3836 tenebrarum
1645 3775 1784 3853 principem
1837 3760 1840 3869 1

991 3878 1094 3935 mortis
1123 3881 1284 3942 auctorem,
1300 3878 1329 3929 et
1357 3873 1503 3947 amoveret
1533 3886 1550 3925 a
1580 3866 1705 3942 paradisi
1730 3861 1785 3919 aditu
1838 3882 1840 3943 3

990 3967 1121 4042 gladium
1139 3966 1308 4020 llammeum
1325 3965 1412 4032 atque
1426 3956 1592 4015 versatilem
1609 3961 1659 4013 :et
1672 3972 1718 4030 per
1730 3964 1786 4013 auu,
1837 3946 1840 3997 l

990 4073 1077 4129 quem
1093 4059 1144 4110 tua
1159 4051 1306 4126 generavit
1320 4049 1485 4121 virginitas,
1496 4046 1625 4101 eoelcstis
1650 4042 1724 4117 regni
1741 4038 1785 4131 tile
1836 4042 1840 4117 t

990 4145 1068 4201 libus
1084 4141 1210 4216 aperiret
1225 4143 1333 4212 portas,
1348 4153 1423 4210 quas
1438 4135 1584 4192 clauserat
1600 4134 1692 4190 hostis
1703 4128 1785 4197 antiqu
1836 4166 1839 4171 ·

990 4232 1170 4290 calliditaset
1178 4228 1307 4301 priorum
1317 4229 1469 4298 parentum
1479 4227 1711 4296 praesumptuosa
1722 4221 1784 4306 eur
1837 4254 1840 4281 ς

990 4322 1071 4378 ritas.
1088 4321 1141 4376 Per
1155 4319 1208 4374 has
1220 4317 1317 4388 itaque
1334 4318 1443 4388 portas,
1456 4317 1488 4368 ut
1499 4312 1593 4368 credit
1608 4301 1783 4367 tideliumidu
1836 4308 1840 4377 Ι

990 4410 1124 4477 firmitus,
1142 4405 1304 4479 assumpsit
1319 4410 1346 4460 te
1367 4403 1401 4459 ad
1427 4401 1599 4458 aternitatis
1627 4416 1684 4456 sua
1705 4392 1783 4451 solium
1835 4380 1839 4455 Ι

951 4521 972 4585 p
989 4517 1057 4557 eum
1073 4496 1261 4554 multitudine
1277 4492 1459 4566 angelorum,
1476 4505 1635 4546 occurrens
1650 4485 1698 4544 tibi
1711 4479 1783 4540 testie

989 4594 1062 4646 exte
1074 4589 1224 4643 incarnata
1243 4583 1396 4648 Divinitas,
1409 4581 1486 4636 sicut
1501 4579 1639 4635 universo
1653 4575 1710 4634 orbi
1724 4564 1782 4626 hullt

988 4685 1044 4735 ture
1060 4676 1191 4750 gloriosae
1207 4670 1423 4744 assumptionis
1448 4672 1640 4742 repraesentat
1652 4657 1780 4722 celebrius

988 4768 1047 4824 Nos
1057 4783 1123 4821 vero
1136 4765 1170 4820 ud
1183 4762 1274 4834 hujus
1284 4757 1466 4833 paupercula
1480 4753 1700 4813 declamationis
1709 4757 1781 4804 cumr

989 4856 1062 4924 lurn,
1079 4871 1135 4910 non
1152 4853 1308 4926 hymnum,
1323 4849 1374 4905 sed
1394 4848 1430 4903 ad
1456 4846 1550 4903 instar
1575 4837 1781 4918 hymnorumtr

990 4961 1076 5001 nuem
1094 4942 1166 4999 satis
1181 4947 1208 4997 ct
1225 4953 1382 5012 pauperem
1408 4935 1632 5009 composuimus
1647 4928 1780 4989 dictionem·

1294 5041 1416 5112 SDRMO
1436 5041 1508 5097 Xllt.

1096 5135 1131 5173 ua
1151 5131 1313 5173 narrvrrars
1337 5130 1432 5169 auaris
1452 5129 1552 5168 nanim
1569 5124 1702 5170 vraerurs.

1026 5211 1116 5282 (Deest
1132 5205 1211 5276 init.)
1228 5206 1352 5276 partum.
1371 5200 1493 5258 Talibus
1509 5202 1589 5257 euim
1604 5193 1783 5272 obsequiiscu

990 5298 1073 5372 gelus
1098 5296 1241 5351 intentam
1271 5290 1381 5347 invenit
1415 5294 1503 5363 utque
1534 5289 1681 5348 salutavit.
1708 5278 1785 5355 Utpelt

989 5387 1070 5460 virgo
1084 5383 1249 5441 verecunda
1264 5380 1399 5449 eruhuit;
1422 5396 1440 5436 a
1466 5397 1524 5452 quo
1553 5380 1720 5442 confortata,
1744 5378 1787 5444 qiu

111 5467 210 5541 guina,
228 5467 277 5540 spui
295 5484 346 5539 pro
362 5467 462 5522 mundi
479 5466 572 5524 salute
588 5471 633 5523 cat
648 5466 787 5540 dignatus
806 5469 886 5523 nasci
901 5471 936 5526 de
991 5477 1161 5532 dicebantur
1175 5470 1307 5537 credidit,
1325 5475 1349 5525 ct
1366 5469 1510 5525 credendo
1535 5473 1684 5526 auctorem
1709 5465 1790 5520 nostr!

110 5556 239 5635 Virgine.
255 5555 294 5618 De
310 5556 395 5638 eujus
410 5555 538 5637 Virginis
552 5557 665 5616 meritis
681 5561 709 5614 et
723 5555 937 5633 gloriosissima
991 5565 1095 5625 salutis
1110 5561 1201 5625 edidit
1215 5560 1317 5620 lesum
1333 5557 1481 5619 Christum
1496 5557 1658 5618 Dominum
1672 5556 1794 5619 uestrum.
