3884 6084
124 228 181 292 tat
543 232 747 329 ODOltANNl
768 233 948 299 Mortrclll
970 236 1001 297 S.
1024 235 1143 298 PE'fltl
1165 236 1246 298 vtvt
1267 234 1410 299 SENON.
1770 233 1828 295 'lta

125 363 348 424 liecensendum
365 341 492 438 namquo
507 364 583 422 inter
596 365 708 439 optima
724 384 783 424 sua
804 369 946 445 sagacita-
961 370 990 438 A
1005 385 1051 427 me
1066 368 1160 442 ipsius
1176 368 1269 426 saneti
1283 367 1421 443 martyris
1436 357 1587 428 Saviniani
1602 382 1735 442 congrua
1746 367 1828 436 risio

123 456 163 513 tis
178 457 276 513 studia
286 456 464 513 arbitramur
478 456 548 523 fora,
564 456 641 529 quod
655 456 739 514 valde
752 457 878 532 diligens
893 476 947 515 see-
1004 459 1051 515 nis
1064 458 1273 528 admonitione,
1290 459 1379 532 coepit
1393 458 1469 516 ultro
1481 462 1576 515 terras
1592 457 1719 514 cenobii
1735 457 1828 532 inqui-

124 544 192 620 pius
207 542 319 602 dictum
335 544 558 612 monasterium,
574 544 683 601 ibidem
708 534 814 602 turrim
830 563 947 622 compo·
1004 547 1173 621 rerepretio
1196 549 1350 622 redimere,
1367 548 1526 606 monachos
1550 547 1687 615 educam,
1703 550 1733 603 et
1745 564 1829 605 sacra

34 691 43 709 ,
125 639 187 693 sart
200 652 285 708 opere
300 633 400 706 polito.
415 634 556 689 Mundiali
574 652 662 691 cursu
678 637 799 693 demum
819 640 948 710 peracto,
1004 637 1199 693 institutionis
1224 637 1333 694 ibidem
1359 654 1494 694 normam
1520 637 1691 694 reformare.
1717 634 1829 695 Talium

124 724 260 798 migravit
275 724 311 778 ad
329 726 408 780 astra
421 727 551 789 vocatus,
568 740 622 779 sua
640 725 785 782 mandans
809 725 949 782 tumulari
1004 727 1197 800 omniumque
1207 727 1303 799 gratia
1315 727 1636 795 suffultus‚humanam
1648 724 1828 785 exuitlabem

124 812 256 869 membra
269 810 363 868 sancti
379 811 517 868 Germani
531 812 815 870 Autisiodorensiurn
830 813 859 870 in
876 815 950 872 basi·
1004 821 1033 871 et
1048 819 1215 871 sauctorum
1231 816 1261 871 in
1272 814 1352 872 coelis
1362 816 1524 890 promeruit
1534 814 1829 890 societatem,susquc

123 899 412 960 licalleldemannus
427 901 456 955 in
472 900 527 956 hoc
543 901 731 972 postmodum
744 903 883 975 pontificii
895 904 949 961 ele·
1005 905 1137 960 membra
1153 904 1182 960 in
1199 904 1300 961 eodem
1317 905 1438 962 basilica
1449 906 1549 979 iacent
1563 903 1723 961 tumulata.

124 995 190 1048 ctus
205 989 362 1060 solio,almi
378 989 507 1062 Dionysii
524 991 816 1059 monachus,cunctis
829 1009 881 1048 nec
893 1009 950 1049 non
1004 1014 1070 1068 gip,
1083 1011 1139 1066 xx·
1157 1010 1276 1068 autimi,
1296 1013 1454 1079 Amiano,
1469 1011 1599 1085 quomodo
1622 1013 1752 1069 savini„
1773 1029 1829 1071 m.

124 1080 239 1138 Christo
253 1079 384 1153 placens,
397 1078 532 1135 amabilis
548 1083 576 1135 ot
590 1078 821 1153 dilectusHujus
836 1081 865 1136 in
880 1087 951 1138 tem·
1354 1084 1477 1140 cesserit.
1556 1093 1564 1101 ·

126 1187 195 1245 pore
208 1169 361 1243 regiminis
376 1168 544 1225 Notrannus
554 1168 677 1224 coenobii
690 1171 783 1227 sancti
793 1171 868 1226 Petri
880 1189 951 1244 pra·
1040 1180 1148 1237 oruata
1163 1181 1340 1237 Sunonensis
1352 1180 1576 1254 metropolitana
1586 1181 1659 1238 urbs
1671 1181 1826 1254 patrocinio

126 1260 203 1316 latus
218 1257 352 1315 efferbuit
362 1276 368 1326 ;
380 1274 518 1332 gazarum
530 1257 581 1328 qui
592 1261 620 1312 et
630 1257 862 1328 conglomerator
877 1263 949 1316 stre·
1005 1270 1105 1342 hujus,
1120 1271 1272 1343 prusenus
1286 1271 1322 1325 aii
1336 1269 1553 1327 sublimandum
1577 1268 1756 1344 musulatii,
1771 1288 1826 1329 mu.

127 1366 204 1421 uuus
219 1345 447 1404 Nevernensium
463 1345 637 1419 dignitatem
650 1346 823 1418 praesulatus
839 1365 952 1421 prome·
1005 1358 1204 1431 guintoniiam
1220 1360 1355 1416 sewinus
1372 1358 1523 1415 nobilitate
1539 1359 1708 1433 praeoipuus
1726 1363 1756 1416 ei
1768 1376 1824 1417 mo.

127 1438 186 1495 ruli
201 1436 382 1494 muneribus.
398 1434 574 1490 Anlblllonlss
594 1438 692 1490 {tutem
708 1436 771 1507 ojus
787 1437 861 1493 fastu
879 1455 950 1511 pritt-
1005 1464 1071 1503 rum
1088 1447 1231 1520 probitate
1252 1465 1403 1505 coruscus,
1420 1448 1473 1504 Hic
1496 1446 1703 1522 praecepfionls
1726 1453 1825 1507 mutu

127 1530 279 1601 gravatum
293 1526 386 1583 santii
403 1524 478 1581 Ptit'i
494 1525 747 1599 COEUObi0m290ss0
762 1526 840 1581 t'ssnii
854 1527 890 1583 ad
906 1527 950 1583 ni·
1006 1540 1145 1594 strenuus
1161 1536 1325 1605 obauditor,
1338 1537 1463 1593 modesti
1478 1554 1575 1594 mores
1590 1537 1779 1611 praeessetis
1792 1539 1826 1594 in

127 1616 232 1674 hilum·
248 1615 464 1673 Honeslttbttiur
486 1632 552 1670 vero
569 1613 648 1670 llllus
663 1613 757 1670 adhuc
775 1614 804 1671 in
821 1620 951 1690 tempore
1006 1626 1088 1699 sequi
1102 1625 1215 1681 studuit
1229 1625 1366 1698 optimos.
1376 1626 1465 1682 Porro
1481 1625 1616 1699 improba
1630 1627 1825 1685 aemuluutium

128 1707 206 1763 idem
219 1705 314 1773 locus,
329 1703 490 1778 potioribus
512 1707 704 1776 utrarumque
720 1703 891 1762 facultatum
906 1722 950 1762 re·
1007 1713 1160 1770 molimina
1175 1714 1274 1784 diruit,
1291 1719 1320 1770 et
1344 1714 1458 1771 Christo
1483 1713 1665 1788 placentium
1689 1716 1826 1774 amicitiai

128 1797 184 1853 bus
200 1794 511 1851 ditatusaDeodevota
524 1791 661 1850 Techilde
676 1793 791 1867 regina:
802 1794 951 1867 sedlrujus
1006 1803 1159 1860 sinceriter
1183 1803 1362 1876 exquisivit:
1379 1804 1480 1861 omnia
1502 1803 1685 1861 charismata
1709 1803 1829 1880 insignis

128 1884 244 1959 piacula
255 1882 348 1940 tirius
363 1881 458 1940 diluat
471 1881 708 1939 clementissima.
725 1883 866 1939 Caeterttm
882 1884 951 1940 lici·
1005 1891 1296 1965 gestiuusuuipluuti
1312 1897 1341 1949 ut
1355 1892 1584 1965 malignantium
1608 1894 1725 1951 caduca,
1741 1896 1823 1953 renui,

128 1975 292 2031 demannus
308 1972 413 2047 praesul
430 1972 501 2028 obiit
518 1975 595 2030 sorte
615 1988 753 2044 suprema
777 1977 888 2046 ruptae,
906 1974 950 2029 in·
1005 1982 1079 2037 Dum
1095 1981 1180 2055 plura
1195 1998 1263 2055 ergo
1280 1980 1372 2037 tentat
1387 1982 1486 2054 peragi
1501 1981 1618 2040 virtutis
1635 1982 1821 2056 operatura

128 2067 225 2123 sertus
238 2061 269 2117 in
282 2062 418 2136 supernis
433 2060 566 2118 caetibus.

128 2190 195 2244 Car.
212 2182 309 2244 XVlll.
335 2187 411 2255 Quod
434 2188 530 2242 mortis
553 2187 682 2242 ceramina
705 2174 951 2245 Arctemt'utduao

272 2261 349 2315 beato
364 2258 515 2314 teutranno
527 2259 669 2329 perculsus
682 2259 806 2329 perierit.

164 2372 341 2430 presulatus
356 2352 710 2429 honore-Archembaldus
722 2373 951 2448 sustollitur,pa-

129 2468 247 2520 reatum
263 2461 464 2535 potiusquam
480 2461 530 2517 [lei
547 2466 719 2532 provocatus
745 2462 887 2519 examino.
904 2465 950 2519 ln·
1024 2516 1029 2527 ,

128 2556 228 2608 vectus
241 2551 339 2624 itaque
354 2551 402 2606 hic
411 2549 702 2621 lubricajuventutis
716 2551 951 2624 furia,probresa

128 2641 269 2714 voluptati
285 2639 368 2696 dedit
379 2641 638 2713 operosissimam
653 2638 731 2695 enim
745 2639 843 2696 divino
858 2641 951 2699 cultui

128 2729 277 2788 solertiam
294 2728 436 2786 adhibens
450 2729 603 2785 etcaduca
618 2746 740 2802 quaque
763 2729 885 2802 perituri
899 2732 950 2786 avi

128 2819 318 2892 amplectens,
334 2817 482 2874 abbatiam
498 2817 591 2873 sancti
616 2817 692 2873 Petri
714 2819 852 2874 omnibus
868 2836 950 2875 nam·

127 2926 185 2982 que
200 2924 298 2965 rerum
313 2907 406 2981 copiis
419 2906 686 2980 opulentissimam,
698 2907 734 2961 ad
747 2907 842 2963 solnm
858 2924 951 2981 usque

127 2996 273 3064 contrivit,
290 2995 489 3062 ecclesiarum,
501 2995 647 3064 villarum,
662 2999 865 3067 terrarumque
881 2996 952 3069 opti·

128 3103 177 3142 rna
191 3102 314 3158 quaeque
328 3086 459 3141 vendens
473 3089 501 3140 ot
516 3083 822 3156 distribuens,reliqua
836 3085 865 3140 in
880 3102 949 3157 pro·
966 3114 987 3183 C

128 3175 207 3248 prins
222 3192 295 3231 usus
311 3174 519 3230 detinene.Sed
535 3173 658 3245 hujusce
672 3177 792 3229 cunctos
807 3173 949 3231 lamenta·

126 3263 201 3319 biles
216 3280 352 3320 excessus
369 3261 520 3335 propalare
539 3261 659 3334 longum
684 3262 766 3318 nefas
790 3261 948 3318 ducimus:

127 3352 183 3408 hoc
198 3352 294 3408 solum
308 3350 445 3406 addimus
460 3351 537 3422 quod
547 3349 755 3405 famulantium
765 3350 878 3406 Christo
889 3351 950 3407 fue-

124 3440 164 3497 rit
178 3440 327 3495 insecutor
341 3438 490 3502 horribilis
512 3455 545 3493 ac
569 3437 697 3507 odibilis,
711 3443 740 3494 ct
763 3437 946 3495 saccularium

124 3533 239 3584 amator
253 3526 500 3584 studiosissimus.
516 3525 691 3582 Admonitus
715 3543 784 3600 ergo
808 3527 837 3582 in
853 3528 947 3584 noctis

122 3616 235 3673 visione
249 3616 339 3671 biduo
351 3632 369 3670 a
381 3619 481 3671 sancto
503 3613 658 3670 saviniano
682 3614 848 3688 equissimo
869 3633 946 3673 mar·

121 3709 194 3777 tyre,
210 3704 308 3761 noluit
327 3702 476 3776 quiescere
491 3718 508 3758 a
523 3703 633 3758 nefario
657 3718 753 3775 opero.
767 3704 946 3776 Aggredicns

119 3793 199 3850 hunc
214 3809 331 3866 quoque
345 3790 429 3848 tertio
444 3808 477 3847 ao
493 3790 639 3846 nolentem
650 3790 867 3863 obedireJ'ussis
879 3809 946 3864 per·

118 3878 212 3936 cussit
228 3895 367 3936 mucrone
382 3877 521 3936 invisibili
539 3895 545 3934 :
563 3878 626 3934 Non
645 3878 707 3946 diu,
724 3879 872 3952 inquiens,
887 3885 944 3936 tua

119 3982 214 4041 nugas
240 3968 389 4041 patiemur
415 3966 593 4023 illecebrosae
621 3966 746 4024 aetionis
770 3972 798 4023 ot
813 3968 945 4025 desolare

119 4055 215 4114 loonm
239 4056 332 4113 nostri
355 4055 497 4112 effusione
527 4056 640 4112 cruoris
666 4056 944 4115 sacratum..Nudus

118 4145 198 4202 omni
215 4161 335 4218 prorsus
349 4145 478 4219 tegmine
493 4144 630 4209 vestium,
648 4150 780 4217 repertus
795 4151 841 4202 est
856 4146 885 4201 in
902 4163 944 4202 re-

117 4233 236 4291 fectorio
251 4233 471 4306 fratrum,quod
487 4233 543 4289 sibi
558 4232 824 4302 vindicans,eorum
838 4235 942 4293 usibus

118 4322 207 4395 impie
221 4323 488 4395 abstuleratfflqua
501 4321 671 4378 directionis
686 4340 790 4396 nempe
805 4340 939 4393 censura,

118 4428 187 4468 noes
203 4411 357 4468 subitanea
367 4411 448 4483 juste
464 4410 547 4466 illum
559 4412 770 4485 percussit,qui
782 4429 939 4487 congrega·

116 4502 161 4555 tas
176 4499 378 4571 possessiones
391 4499 514 4555 cmnobii
529 4500 565 4555 ob
584 4499 708 4555 fratrum
724 4500 858 4556 subsidia
869 4518 940 4574 pau-

115 4604 280 4661 perumque
299 4587 359 4644 sive
381 4587 592 4644 confluentium
619 4589 752 4644 oninium
774 4590 938 4661 juvamina,

115 4677 182 4733 nisu
198 4680 258 4732 toto
271 4675 455 4733 contriverat.
471 4677 528 4732 Nec
544 4675 702 4749 quisquam
722 4677 881 4734 arbitretur
895 4679 939 4734 in-

113 4782 277 4840 congruum
292 4765 337 4822 sia
351 4764 433 4821 illum
449 4765 544 4834 linire,
561 4766 611 4838 qui
633 4766 770 4838 primitus
793 4768 940 4840 abjecerat

113 4872 214 4912 curam
231 4853 387 4929 pastoralis
399 4853 564 4927 dignitatis,
580 4860 634 4911 eto.

113 4977 180 5035 Car.
196 4979 267 5037 XIX.
283 4981 321 5036 fic
344 4980 486 5036 devastatio
510 4981 644 5050 pontifice,
670 4983 790 5052 qualiter
812 4981 938 5038 corridere

343 5052 432 5108 tecam
445 5051 524 5124 coepit
536 5054 702 5107 restaurare.

146 5164 277 5222 abeunte
301 5165 432 5231 illotam
463 5166 571 5223 erudeli
603 5165 732 5233 interitu,
749 5167 890 5224 successit
907 5168 935 5225 in

111 5252 280 5326 episcopatu
296 5256 478 5326 Anastasius,
494 5256 538 5311 vir
552 5256 713 5312 honestatis
728 5259 757 5311 et
773 5256 852 5311 mira
868 5274 936 5329 pro·

111 5341 384 5398 bitatisl‘avescens
399 5343 446 5399 irie
461 5346 580 5416 quidem
597 5345 750 5402 teterrimae
766 5345 857 5414 larius
873 5363 935 5403 exa·

110 5451 176 5488 men
199 5431 451 5502 mortis,cffrcitur
473 5433 655 5490 voluntarius
686 5439 836 5508 reparator
860 5453 934 5508 anro

108 5521 177 5577 dicti
194 5520 259 5577 loci.
277 5521 445 5577 l‘rirventus
460 5528 557 5579 autem
574 5523 669 5580 divino
687 5528 826 5591 amorrei
840 5527 934 5581 inaxi-

1005 2071 1044 2126 rit
1058 2069 1087 2126 id
1108 2071 1185 2144 quod
1212 2074 1310 2126 manet
1332 2070 1448 2127 obviam
1471 2070 1603 2139 veritati;
1620 2088 1700 2128 sava
1724 2072 1826 2130 scilicet

1006 2159 1119 2232 antiqui
1147 2159 1242 2216 hostis
1267 2159 1466 2227 incitamenta,
1483 2159 1534 2232 qui
1556 2176 1665 2218 vernus
1690 2160 1740 2217 fur
1762 2179 1819 2235 qno·

1006 2249 1092 2305 mode
1106 2248 1170 2304 lata
1184 2247 1292 2304 Christi
1307 2248 1427 2321 agmina
1443 2246 1617 2321 interpellet,
1629 2246 1730 2306 lividis
1744 2249 1817 2307 serni·

1006 2337 1092 2394 nibus
1109 2338 1221 2394 fervens
1238 2336 1529 2410 insequiturllxcitat
1543 2337 1643 2411 itaque
1659 2338 1738 2397 male
1752 2356 1816 2396 cen·

1006 2424 1167 2483 meantium
1180 2432 1208 2481 ct
1223 2418 1401 2482 irritantium
1412 2426 1510 2483 devios
1521 2443 1628 2483 sensus
1637 2426 1815 2485 elericorum:

1005 2516 1113 2571 civium
1129 2532 1246 2588 quoquo
1260 2515 1392 2587 ejusdem
1402 2514 1527 2571 civitatis
1536 2515 1728 2574 vehementer
1735 2517 1815 2574 adra·

956 2642 963 2661 .
1005 2622 1058 2661 sus
1069 2622 1136 2677 cum
1147 2603 1487 2673 infestadeccrtantcsac
1497 2621 1629 2678 congrua
1637 2622 1757 2679 quoque
1765 2624 1814 2664 san·

1005 2693 1108 2749 ctuarii
1125 2691 1278 2766 comprimi
1300 2692 1468 2766 gliscentes
1482 2694 1609 2751 Pravius
1630 2700 1732 2752 autem
1755 2700 1815 2752 tutu

1006 2782 1176 2854 supradicta
1193 2782 1285 2848 urbis,
1302 2787 1449 2854 quatenus
1472 2782 1547 2838 male
1572 2784 1721 2842 tumentia
1744 2783 1814 2843 simul

1006 2871 1122 2928 revulsa
1135 2872 1223 2927 corda
1238 2871 1406 2938 internecet,
1422 2872 1636 2943 preferendum
1656 2890 1689 2930 se
1712 2873 1815 2948 opponit

1006 2960 1139 3034 elypeum
1156 2965 1187 3015 ut
1203 2965 1266 3016 tuta
1281 2965 1420 3016 araneant
1431 2960 1553 3033 vestigia
1573 2961 1815 3037 subsequentium,

1005 3050 1115 3121 Doique
1144 3049 1249 3105 doinus
1279 3048 1399 3104 defensa
1420 3049 1592 3122 preferatur
1616 3051 1653 3106 ad
1678 3051 1814 3109 sublimia.

1006 3139 1130 3195 Domum
1159 3137 1265 3193 Christi
1291 3136 1446 3194 victorioso
1475 3143 1624 3211 protectus
1654 3139 1815 3209 munimine,

1005 3244 1160 3300 pravorum
1186 3231 1308 3282 conatus
1330 3226 1467 3284 dulcibus
1492 3227 1640 3285 interdum
1665 3229 1820 3303 promulcet

1003 3315 1144 3388 eloquiis;
1161 3314 1319 3387 aliquando
1335 3331 1401 3372 vero
1417 3315 1583 3373 minacibus
1594 3317 1818 3393 trahitproten't

1003 3420 1059 3477 que
1078 3402 1349 3475 increpationibus:
1367 3403 1543 3460 intercidunt
1567 3423 1688 3481 quoque
1710 3408 1819 3467 interm

1002 3508 1125 3565 quaque
1140 3491 1276 3565 poenalia,
1293 3497 1321 3548 et
1336 3492 1491 3566 pullullaut
1505 3494 1620 3553 feriente
1633 3495 1751 3555 cbristo
1762 3514 1821 3572 par

1002 3581 1151 3654 speritatis
1167 3582 1331 3638 commoda.

1001 3691 1067 3744 Car.
1083 3688 1155 3744 XXl.
1173 3689 1267 3744 boceto
1288 3690 1401 3745 Scroim
1431 3692 1461 3745 ia
1488 3691 1559 3757 sede,
1574 3693 1709 3764 qumaodo
1736 3696 1820 3767 ι’μνι

1036 3760 1130 3885 1οὲιὲφὶ
1139 3762 1277 3886 erqouerit
1291 3761 1388 3818 edicte
1401 3765 1427 3817 et
1438 3762 1690 3837 concordiamque
1696 3767 1819 3839 proprias

1036 3847 1065 3886 ro
1103 3847 1194 3886 acra.

1036 3929 1160 4002 Ignescit
1175 3928 1285 3986 interca
1300 3946 1383 3986 amor
1398 3930 1573 3987 nobilitandi
1586 3936 1760 3992 sanctorum
1771 3952 1820 3993 aa·

999 4016 1132 4086 nobia,ac
1148 4019 1300 4090 reparandi
1313 4017 1452 4075 lronorrm
1464 4020 1623 4093 pristinum
1634 4039 1739 4081 corum
1748 4041 1819 4098 quaa

997 4123 1113 4178 cunque
1130 4106 1243 4162 fuorunt
1259 4106 1374 4163 diruta:
1388 4109 1523 4165 ardenter
1534 4110 1605 4182 quin
1619 4112 1719 4184 potius
1731 4112 1821 4171 sancii

997 4194 1073 4250 Petri
1090 4196 1299 4251 monasterium
1316 4197 1352 4252 ob
1369 4202 1537 4256 sanctorum
1560 4201 1704 4274 sutfragia
1717 4220 1821 4261 renus

996 4283 1051 4338 turi
1076 4283 1230 4357 disposuit,
1246 4286 1323 4357 quod
1350 4285 1510 4344 multorum
1540 4289 1684 4361 pravitate
1698 4290 1829 4367 dolebat,

996 4389 1129 4428 eversum
1146 4372 1190 4428 iri.
1203 4374 1266 4429 Sua
1280 4391 1348 4448 ergo
1362 4375 1531 4448 spectabilis
1540 4383 1676 4436 exortum
1687 4380 1825 4455 prosapia

956 4483 978 4548 D
995 4460 1154 4518 nobilitatis
1169 4462 1263 4517 eidem
1280 4463 1410 4520 coenobio
1426 4465 1555 4537 prefecit
1570 4466 1821 4538 abbatem,nomi·

996 4566 1031 4605 nc
1047 4549 1238 4617 lininardum,
1255 4552 1387 4609 moribus
1409 4555 1559 4628 egregium
1573 4559 1603 4611 et
1616 4554 1820 4633 solertiapm·

994 4637 1099 4706 ditum,
1117 4640 1231 4696 reddita
1246 4641 1377 4699 omnium
1395 4643 1494 4699 media
1516 4648 1599 4716 parte
1623 4646 1759 4718 ejusdem
1772 4648 1821 4707 ab·

993 4727 1077 4783 batia
1095 4745 1203 4784 rerum.
1221 4729 1272 4785 llio
1289 4730 1385 4804 itaque
1402 4730 1571 4791 adolescens
1593 4737 1724 4796 strenua
1738 4735 1820 4795 indos

992 4814 1039 4885 lis,
1061 4815 1204 4872 infulatus
1233 4819 1362 4894 contigui
1392 4820 1492 4894 gratia.
1514 4821 1680 4895 regiminis,
1710 4824 1820 4885 vicinos

993 4921 1125 4978 quosque
1141 4910 1267 4961 rectores
1283 4908 1438 4980 probitatis
1452 4913 1521 4966 actu
1536 4911 1721 4984 pracelluit:
1737 4914 1819 4973 tiam·

992 4999 1090 5050 meato
1105 4993 1225 5068 quidem
1242 4996 1441 5072 corde,utpote
1457 4998 1558 5070 nobili,
1567 5001 1708 5074 adaptare
1722 5001 1823 5062 locum

991 5084 1124 5158 protinus
1139 5085 1299 5158 studuit,et
1310 5088 1469 5146 monachos
1484 5089 1644 5148 nonnullos
1658 5091 1818 5166 sophistico

991 5173 1122 5229 omnium
1139 5173 1304 5232 liberalium
1320 5178 1427 5233 artium
1454 5180 1593 5253 dogmate
1616 5178 1755 5255 insigniri
1770 5182 1817 5239 de·

991 5262 1094 5330 crevit;
1113 5262 1168 5318 hoe
1184 5281 1335 5321 summum
1350 5268 1482 5324 omnium
1497 5286 1685 5342 praenoscens
1696 5273 1817 5337 bonan,

990 5356 1137 5424 quatenus
1150 5352 1196 5406 his
1213 5352 1376 5427 (lisciplinis
1397 5357 1569 5416 liberalibus
1593 5358 1718 5429 edoctis,
1732 5367 1762 5419 et
1776 5376 1820 5419 sa·

991 5459 1044 5495 cae
1062 5439 1211 5513 religionis
1228 5446 1377 5516 praqrosito
1392 5446 1569 5515 informatis,
1584 5454 1681 5508 status
1692 5451 1748 5507 loci
1758 5468 1819 5526 gra·

991 5530 1046 5584 tior
1061 5528 1228 5599 baberetur,
1245 5538 1273 5588 et
1288 5535 1324 5590 ab
1340 5535 1421 5592 omni
1435 5537 1685 5610 magnificaretur.
