3884 6084
116 284 195 364 iios
657 294 853 360 aaanours
874 295 1039 362 casaris
1062 298 1281 363 auciausrs.
1746 292 1823 361 troo

115 434 205 492 minis
233 431 298 506 rlpa
325 427 482 488 mlssarum
512 426 674 496 solemniis,
697 428 868 500 predictum
886 428 938 486 lla·
952 430 980 499 Α
993 433 1113 504 tamque
1127 429 1269 487 lamilism
1285 431 1384 488 statim
1402 433 1589 489 sacramento
1611 428 1672 486 sibi
1687 427 1824 502 subjicie-

114 523 195 582 viuru
208 519 406 579 transvadavit
417 533 484 575 oum
501 517 703 573 incolumitate
719 517 851 573 omnium
868 535 939 574 suo·
995 521 1054 587 bat,
1069 537 1101 576 ae
1115 521 1227 593 virgam
1243 520 1420 594 pastoralem
1436 521 1556 596 publice
1571 537 1667 577 mana
1682 520 1823 594 gestabat.

117 630 194 670 rum.
996 610 1076 676 Quod
1093 610 1187 665 ceteri
1212 610 1350 683 episcopi,
1367 610 1487 684 indigae
1515 610 1659 678 terentes,
1675 608 1779 665 ambos
1792 608 1825 666 ad

152 705 218 758 Car.
242 697 313 757 xix.
329 729 363 740 -
378 696 409 755 In
425 695 484 752 illis
501 695 604 752 diebus
619 694 728 751 elec-tus
748 694 797 751 Dei
814 695 942 768 pontifex
995 698 1140 770 synodum
1156 703 1342 768 vocaverunt,
1359 704 1446 773 atque
1470 699 1649 772 pradictum
1671 696 1826 756 adalbero·

118 809 206 851 sacre
221 787 373 864 religionis
384 786 481 843 studio
492 784 641 850 incitatus,
654 782 745 838 divini
757 783 865 839 amoris
875 784 949 856 igne'
996 803 1063 843 nem
1075 787 1351 861 hareticaearguuut
1361 787 1603 862 presumptionis
1615 786 1825 860 quod,domiaa

118 896 288 947 succensus,
301 876 388 951 caepit
401 875 431 931 in
447 874 568 931 ecclesia
583 872 676 930 saneti
692 871 831 944 Stephani
844 877 942 945 proto-
996 891 1050 931 suo
1066 875 1161 930 adhuc
1176 877 1344 947 superstite,
1360 876 1431 933 talia
1446 894 1504 932 non
1523 875 1735 949 pertimuisset
1748 892 1825 932 usur

118 970 258 1043 martyris
279 967 398 1038 Christi,
421 981 485 1037 qua
501 970 582 1020 extra
597 962 678 1018 urbis
694 961 801 1017 misnia
816 962 871 1018 sita
886 965 941 1031 est,
996 961 1173 1035 pare.Atille
1184 964 1253 1019 dum
1266 964 1498 1038 dsobjeotissihi
1515 962 1825 1022 criminibusserellat

118 1059 270 1134 religiosas
285 1056 410 1113 feminas
425 1037 782 1127 congregare2'quateuus
798 1051 827 1105 in
842 1054 942 1106 sancto
997 1067 1132 1124 purgare,
1149 1054 1185 1107 ab
1211 1052 1348 1110 omnibus
1371 1055 1521 1110 inventum
1547 1059 1604 1121 est,
1623 1053 1654 1109 id
1670 1050 1757 1110 aliter
1770 1050 1825 1111 dart

118 1149 266 1225 proposito
294 1150 375 1203 tanto
411 1141 533 1200 liberius
569 1141 677 1197 ibidem
706 1145 764 1195 Deo
790 1140 941 1209 sarcirent,
998 1157 1054 1196 non
1072 1157 1167 1212 posse,
1182 1140 1249 1210 nisi,
1265 1142 1361 1199 allatis
1375 1147 1543 1199 sanctorum
1559 1140 1824 1216 Evangelioramia

119 1232 536 1314 quantolongiusamundanae
548 1228 941 1287 actionislaborodistarent.
997 1228 1093 1284 medio
1109 1229 1203 1297 libris,
1220 1236 1403 1288 sacramento
1424 1233 1556 1288 firmaret
1581 1248 1614 1287 se
1632 1230 1764 1288 nescisse
1776 1231 1825 1288 be

117 1329 159 1388 dd
174 1327 251 1401 quod
269 1323 480 1382 monasteriam
497 1320 568 1375 dum
595 1319 728 1392 quadam
756 1322 891 1373 matrona
906 1317 942 1373 ad
998 1317 1075 1373 resin
1094 1318 1193 1387 luisse,
1209 1322 1287 1392 quod
1302 1320 1372 1377 talia
1388 1320 1632 1395 presumpsisset
1647 1321 1754 1377 lacere.
1769 1320 1826 1387 oui·

118 1415 336 1475 conversionem
351 1412 471 1478 veniret,
488 1407 783 1481 stacongregatione
808 1410 944 1479 suscepta
998 1407 1053 1463 bus
1070 1408 1207 1465 omnibus
1231 1427 1294 1482 quae
1319 1411 1353 1466 ad
1380 1409 1434 1466 boe
1458 1409 1613 1483 negotium
1644 1410 1822 1483 pertinebant

119 1504 234 1573 luisset,
244 1501 368 1575 coepitia
378 1500 425 1557 Dei
442 1498 559 1555 servitio
572 1496 802 1552 manoredevota
814 1513 820 1550 :
833 1500 861 1551 et
876 1494 944 1551 licet
998 1495 1129 1569 expletis,
1147 1497 1176 1552 in
1192 1509 1245 1554 sua
1261 1499 1411 1555 redieruut
1426 1499 1512 1555 ambo
1528 1498 1696 1572 episcopus
1712 1504 1740 1555 et
1750 1497 1821 1555 ldal·

118 1592 283 1650 litteraram
299 1589 420 1647 scicntia
436 1587 535 1643 minus
552 1586 706 1651 instructa,
716 1590 812 1640 tamea
824 1585 859 1639 ad
870 1587 945 1639 exte·
998 1585 1079 1656 hero,
1091 1585 1140 1642 tali
1154 1591 1283 1642 assueta
1294 1588 1404 1661 synodo
1415 1586 1620 1644 consolatione
1629 1592 1779 1661 percepta,
1789 1590 1821 1654 at,

121 1682 197 1740 riora
212 1678 392 1755 providenda
406 1675 477 1733 satis
493 1678 555 1731 orat
571 1675 685 1729 idonea.
698 1673 778 1728 Unde
794 1689 907 1729 sorores
917 1672 943 1729 ei
999 1674 1135 1746 episcopo
1151 1675 1308 1732 decedente
1324 1676 1360 1732 ab
1375 1676 1430 1733 hae
1446 1676 1514 1743 vita,
1527 1675 1634 1732 nullus
1646 1692 1704 1751 pro
1719 1675 1821 1734 eoaliaa

119 1772 275 1831 voluerunt
297 1765 428 1826 ollloium
455 1764 577 1821 cellaria
599 1762 815 1830 commendare,
830 1762 879 1818 sed
894 1760 945 1816 illa
999 1767 1076 1819 esset
1091 1763 1282 1832 ordinandus,
1300 1765 1357 1820 nisi
1383 1765 1445 1837 ipse
1464 1765 1624 1821 adalbero.
1641 1765 1704 1822 Sed
1720 1766 1821 1822 nonest

119 1859 213 1919 noluit
228 1857 402 1915 consentire.
419 1856 501 1911 Tuae
513 1870 558 1909 res
574 1853 609 1907 ad
623 1853 792 1924 episcopum
804 1851 943 1907 defertur.
1000 1851 1152 1924 sapientia,
1166 1870 1222 1910 non
1235 1858 1279 1909 est
1290 1853 1455 1927 prudentia,
1465 1871 1522 1910 uon
1534 1859 1584 1911 est
1595 1852 1760 1910 consilium
1769 1869 1821 1910 eoa·

117 1950 172 2018 Qui
188 1965 256 2006 cum
271 1947 365 2004 eidem
377 1945 495 2018 juberet
504 1940 630 2011 obedire,
638 1940 742 2008 uoluit,
750 1940 800 1996 sed
810 1939 838 1994 in
851 1939 944 1994 obsti-
1000 1945 1044 1995 tra
1058 1941 1308 1997 Dominumll'am
1324 1943 1426 1998 eodem
1443 1959 1519 1999 auno
1533 1947 1604 2015 post
1625 1942 1745 2015 aliquot
1759 1956 1821 1998 men

119 2040 236 2097 natione
261 2037 368 2093 mentis
397 2032 573 2107 perduravit.
598 2030 737 2102 Sequenti
766 2045 833 2084 roro
863 2029 946 2083 noete
999 2046 1057 2095 ses,
1074 2029 1145 2085 dum
1162 2031 1289 2102 quadam
1305 2032 1352 2088 die
1368 2032 1431 2104 jam
1448 2032 1483 2088 ad
1499 2048 1659 2106 vesperam
1679 2030 1820 2089 inclinante

118 2126 289 2200 hujusmodi
301 2124 397 2181 verbis
407 2121 565 2193 corripitur
576 2120 605 2174 in
616 2116 944 2190 somniszouiainquit,
1000 2117 1156 2191 praedictus
1167 2117 1290 2176 clericus
1301 2120 1337 2176 ad
1349 2136 1481 2175 mensam
1496 2136 1566 2176 cum
1582 2121 1649 2177 viro
1663 2121 1716 2180 Dei
1728 2120 1820 2179 navita

120 2234 176 2272 aon
192 2212 316 2272 obedisti
332 2210 460 2285 episcopi
477 2206 638 2281 praecptis,
653 2207 756 2261 tandiu
773 2205 944 2262 ambulandi
1000 2211 1079 2262 secta
1090 2224 1162 2263 vena
1173 2208 1321 2277 resideret,
1334 2209 1540 2281 nequidquam
1554 2209 1706 2266 molestiae
1723 2212 1821 2283 propter

119 2322 176 2360 usa
187 2301 310 2372 carebis,
322 2315 476 2373 quousque
487 2296 581 2353 abillo
593 2295 702 2351 absolvi
714 2295 881 2350 mereberis.
894 2295 945 2349 Ex·
999 2294 1170 2353 incisionem
1185 2315 1263 2354 aenae
1279 2299 1444 2364 sustineret,
1455 2314 1470 2353 e
1484 2314 1648 2356 consessus
1660 2299 1757 2356 medio
1766 2314 1819 2355 coa·

121 2392 296 2466 pergelacta,
312 2388 431 2446 omnino
447 2386 610 2460 permansit
625 2383 731 2440 debilis
747 2389 776 2439 st
790 2383 954 2439 clauda:et
1000 2384 1075 2440 citus
1092 2402 1226 2459 surgens,
1243 2387 1375 2443 nubitum
1402 2386 1444 2443 iro
1467 2386 1608 2459 perrexit,
1625 2386 1783 2461 statimque
1794 2385 1817 2441 in

121 2484 280 2538 revertente
293 2478 329 2535 ad
344 2477 490 2533 civitatem
507 2474 652 2548 episeopo,
662 2476 729 2529 ante
743 2473 807 2543 ejus
819 2489 945 2545 prasen-
999 2471 1063 2545 ipsa
1079 2479 1163 2530 uocte
1185 2476 1337 2548 presentis
1361 2474 1420 2531 vita
1435 2476 1595 2532 torminum
1617 2476 1738 2533 clausit.
1750 2474 1816 2542 ouot

120 2573 192 2629 tiam
203 2570 233 2626 iu
243 2567 349 2626 lectulo
364 2571 410 2624 est
423 2566 576 2639 deportata
587 2581 594 2619 ι
607 2579 691 2635 aquo
700 2562 735 2619 de
747 2561 945 2619 inobedientia
999 2561 1155 2635 episcopus
1170 2580 1238 2619 mox
1253 2580 1304 2636 per
1318 2563 1455 2637 spiritum
1472 2581 1671 2637 cognoscens,
1688 2581 1763 2634 eum,
1775 2562 1817 2637 qui

120 2660 228 2736 pariter
254 2662 388 2729 correpta
408 2659 453 2713 est
475 2658 504 2711 et
530 2657 641 2709 sanata.
659 2652 725 2725 lpsa
739 2656 848 2719 autem,
866 2656 898 2706 ut
914 2667 945 2707 se
999 2651 1035 2705 ad
1052 2651 1288 2707 annuntiandum
1311 2657 1434 2709 mortem
1458 2653 1515 2708 sibi
1537 2653 1714 2720 intraverat,
1729 2667 1818 2727 prate

120 2748 213 2808 sensit
236 2750 381 2815 sanatam,
398 2743 541 2802 currendo
567 2747 724 2814 antequam
741 2740 776 2796 ad
792 2739 945 2795 ecelesiam
1000 2739 1106 2795 nieudo
1121 2740 1194 2796 dixit
1212 2759 1218 2796 ε
1234 2742 1309 2810 Scio,
1329 2741 1407 2814 quod
1434 2741 1579 2798 Adalbero
1610 2747 1747 2799 mortuus
1770 2744 1815 2799 est.

120 2838 275 2912 episcopus
288 2835 408 2903 venirat,
425 2831 572 2906 precessit
586 2848 654 2888 eum
674 2828 799 2886 laudans
814 2832 843 2884 et
858 2828 945 2883 bene·
999 2827 1125 2896 Festina,
1142 2833 1171 2885 et
1186 2830 1230 2888 lae
1245 2830 1411 2887 vehiculum
1434 2831 1604 2904 preparari,
1622 2836 1658 2887 ut
1672 2846 1815 2905 possumm

119 2927 222 2984 diceas
236 2926 340 2983 Deum.
352 2922 485 2990 Quodam
499 2925 631 2993 tempore
646 2920 717 2975 dum
735 2914 945 2990 omnipotentis
999 2915 1083 2972 illum
1104 2920 1269 2992 Augustum
1294 2920 1414 2977 deterre.
1432 2920 1626 2976 Morabantur
1642 2926 1738 2978 autem
1756 2924 1814 2976 tane

120 3015 172 3075 Dei
179 3013 309 3072 famulus
322 3014 358 3070 ad
374 3012 519 3086 synodum
535 3010 750 3083 episcoporum,
763 3005 865 3079 quaein
876 3003 946 3060 ivilla
999 3007 1140 3079 temporis
1155 3007 1185 3063 in
1200 3009 1330 3078 castello,
1347 3009 1423 3081 quod
1446 3007 1562 3082 bilinga
1583 3007 1705 3066 dieitur.
1718 3008 1814 3084 Corpus

121 3106 210 3180 regia,
227 3101 425 3178 lagelenheim
439 3101 525 3167 dicta,
541 3102 602 3155 erat
616 3096 831 3170 congreganda,
844 3107 945 3168 perga·
1000 3111 1066 3151 vero
1096 3097 1160 3169 eJus
1187 3098 1320 3154 exanime
1340 3101 1470 3154 asaaeto
1498 3097 1651 3171 pontifice,
1666 3101 1814 3173 Augustam

120 3198 174 3264 ret,
191 3192 349 3267 quemdam
370 3205 539 3265 pauperem,
556 3185 674 3243 nomine
699 3184 881 3251 liutbertum,
896 3170 981 3239 ob-C
1001 3183 1155 3256 perlatum,
1172 3185 1202 3241 in
1217 3186 1340 3243 ecclesia
1355 3190 1463 3247 saneta
1478 3185 1576 3242 Maria
1600 3193 1648 3244 ast
1662 3188 1812 3245 humatam.

120 3284 200 3342 vium
214 3283 329 3351 habuit,
345 3280 395 3354 qui
420 3278 529 3334 ventris
553 3276 598 3333 sui
622 3275 763 3331 interiora
787 3273 858 3329 ioris
878 3287 943 3346 pro·
999 3271 1076 3329 Inter
1103 3278 1206 3331 catera
1234 3274 1441 3333 misericordias
1469 3276 1557 3346 bona,
1574 3293 1642 3349 qua
1662 3294 1714 3351 pro
1728 3273 1812 3348 raqaia

120 3374 215 3446 lapsa,
231 3372 262 3428 in
278 3371 345 3428 sinu
360 3367 495 3442 gestavit.
512 3366 602 3430 Quem
618 3369 650 3420 ut
661 3362 822 3437 conspexit,
832 3360 945 3417 miseri·
998 3360 1102 3418 anima
1118 3364 1163 3419 sui
1179 3365 1293 3438 nepotis
1308 3365 1423 3439 agebat,
1439 3364 1527 3421 etiam
1548 3365 1711 3435 abbatiam,
1727 3364 1811 3422 Cttaa·

121 3461 221 3518 cordia
236 3464 345 3530 motus,
361 3457 386 3513 ei
401 3455 554 3512 denarium
570 3452 633 3508 dari
651 3453 752 3525 jussit,
771 3452 871 3507 dicens
887 3467 893 3505 :
911 3450 943 3505 la
998 3450 1071 3506 bura
1086 3452 1204 3522 dictam,
1215 3471 1303 3527 quam
1319 3453 1377 3522 ille,
1389 3454 1460 3510 dum
1476 3453 1596 3522 viveret,
1606 3453 1638 3510 in
1653 3452 1809 3511 beneficiata

120 3549 239 3607 nomiae
263 3547 379 3604 Domini
404 3545 511 3616 accipe,
528 3548 556 3598 et
571 3542 643 3597 vade
662 3541 788 3614 inpare.
806 3539 860 3607 Oui
876 3556 944 3595 mox
997 3542 1124 3608 tenebat,
1140 3542 1195 3599 sibi
1211 3543 1374 3616 acquisivit,
1391 3547 1420 3599 et
1434 3543 1537 3601 tandiu
1554 3543 1661 3612 tenuit,
1673 3554 1808 3618 quousque

117 3637 332 3711 eleemosynam
353 3632 508 3706 accipiens,
527 3630 652 3704 perrexit
675 3647 708 3686 ao
737 3628 883 3685 meliorari
912 3629 943 3683 in
998 3627 1093 3702 ipsius
1108 3632 1206 3688 studio
1222 3632 1329 3689 donata
1344 3637 1388 3689 est
1403 3631 1546 3689 libertatis
1562 3632 1724 3707 privilegio.

116 3728 232 3783 tantum
249 3725 476 3797 eoepit,utpost
499 3719 616 3793 aliquod
645 3716 785 3792 temporis
815 3718 942 3789 spatium
1033 3722 1099 3775 Car.
1117 3720 1445 3794 XXl.-Diequadam
1469 3725 1571 3779 sancto
1598 3722 1649 3778 ltei
1663 3724 1716 3778 iter
1727 3717 1807 3796 menti

118 3815 253 3889 sospitati
267 3814 439 3871 redderetur
453 3811 487 3866 ad
503 3810 660 3883 integrum.
678 3808 756 3864 ldem
773 3807 862 3863 ctiam
878 3809 944 3878 post
977 3838 981 3848 ι
998 3809 1085 3865 homo
1102 3809 1220 3882 quidam
1243 3809 1346 3879 astitit,
1363 3810 1413 3883 qui
1443 3809 1568 3866 Conradi
1593 3806 1806 3868 Ccnstaatieasit

119 3910 243 3964 mortem
255 3903 307 3960 viri
318 3901 380 3968 Dei,
390 3899 456 3957 aliis
467 3900 572 3957 iterum
589 3899 807 3971 praeoccupatus
819 3893 944 3950 infirmi·
997 3897 1124 3971 episcopi
1142 3899 1255 3955 obitum
1276 3899 1473 3957 certissimum
1499 3899 1654 3956 indicavit.
1670 3898 1728 3956 lllis
1740 3913 1805 3959 rara.

119 3995 241 4063 tatibus,
254 3993 291 4050 ad
306 3990 473 4065 sepulcrum
488 3989 552 4060 ejus
567 3991 696 4055 venicus,
709 3986 806 4043 sanari
825 3983 942 4053 meruit,
998 3988 1394 4062 quiaderant,sperantibus
1423 3989 1499 4062 quod
1531 3990 1635 4046 statim
1660 4006 1710 4065 pro
1724 3984 1804 4061 maia

119 4083 294 4143 sicutleetor
309 4081 371 4139 suis
385 4079 456 4137 locis
471 4076 586 4151 plenius
601 4077 743 4149 seriptum
759 4074 944 4146 invenirepo·
997 4076 1079 4133 illius
1091 4076 1176 4134 solita
1190 4077 1394 4149 exsequiarum
1406 4078 1503 4134 officia
1516 4078 1606 4135 vellet
1621 4071 1804 4145 catamito
1856 4084 1858 4139 j

119 4174 196 4231 terit.
998 4183 1050 4240 per
1063 4171 1209 4223 secretum
1226 4166 1374 4237 nuntium,
1390 4167 1446 4223 sibi
1462 4167 1565 4224 adesse
1581 4166 1713 4235 solitum,
1726 4167 1802 4224 etiem
1856 4170 1858 4189 ¹

154 4264 221 4320 Car.
237 4259 293 4317 XX.
310 4292 344 4303 --
359 4257 451 4332 Igitur
466 4258 585 4313 sanctus
600 4255 661 4322 Dei,
673 4251 943 4310 eoelestidesiderio
998 4256 1075 4328 quod
1093 4272 1127 4310 ca
1141 4255 1196 4312 hoo
1211 4260 1288 4312 esset
1302 4272 1415 4328 verum,
1431 4256 1472 4312 ait
1486 4254 1548 4312 eis:
1566 4256 1684 4314 Meneta
1705 4252 1801 4312 interim

117 4351 245 4417 aillatus,
262 4349 349 4422 coepit
363 4365 397 4404 ea
412 4363 475 4419 quaa
492 4349 561 4402 suat
575 4345 664 4416 hujus
682 4343 783 4398 muudi
799 4342 942 4408 fastidire,
998 4342 1323 4416 animequiores,mane
1338 4343 1522 4418 comperietis
1536 4344 1611 4418 qaid
1626 4346 1693 4402 inde
1707 4342 1802 4402 eredere

116 4446 299 4499 terrenarum
313 4453 410 4495 rerum
422 4435 503 4492 lucra
514 4434 623 4491 Christi
639 4434 731 4490 amori
743 4436 918 4505 postponere
934 4450 940 4489 :
998 4433 1137 4489 debeatis.
1154 4432 1287 4489 Crastina
1302 4432 1348 4489 die
1366 4432 1495 4489 diluculo
1512 4433 1637 4506 quidam
1652 4427 1802 4491 Consualia

116 4533 155 4596 et,
184 4528 251 4585 licet
277 4527 323 4582 hic
345 4526 519 4582 retineretur
561 4539 691 4596 corpore,
720 4521 750 4577 in
776 4521 1085 4608 coelestibusteuit,
1104 4521 1154 4594 qui
1170 4521 1298 4594 predicti
1315 4521 1369 4576 viri
1386 4522 1559 4594 sospitatem
1585 4514 1803 4579 annuntiantia

115 4622 215 4677 tamen
232 4615 457 4674 conversabatur
473 4617 570 4669 mente
587 4630 593 4667 :
611 4617 643 4666 ut
658 4611 762 4667 merito
777 4610 807 4665 ia
824 4610 941 4666 illorum
996 4610 1206 4684 omnipotentis
1215 4609 1266 4665 Dei
1282 4608 1497 4682 famulus,licet
1505 4616 1626 4685 tempus
1640 4603 1802 4669 resolutionis

115 4714 285 4766 censeretur
300 4719 423 4761 numero
446 4702 495 4776 qui
520 4701 615 4757 dicere
639 4704 759 4773 possent
782 4717 849 4755 cum
864 4700 942 4772 Apo·
997 4718 1056 4755 sua
1066 4701 1128 4772 J'am
1145 4699 1255 4755 instare
1269 4716 1326 4755 noa
1343 4698 1500 4773 ignoraret,
1516 4702 1619 4757 amen
1631 4696 1801 4774 quandiapa

115 4797 192 4856 stolo
204 4813 211 4854 τ
223 4797 329 4854 Nostra
344 4791 524 4872 conversatio
536 4792 564 4845 in
582 4788 662 4845 emtis
678 4794 732 4845 est.
750 4789 830 4844 Unde
847 4788 942 4844 zelum
997 4788 1063 4856 tuit,
1078 4780 1212 4844 vehiculo
1223 4777 1441 4862 superpositus,
1458 4787 1550 4844 divini
1564 4789 1647 4846 verbi
1668 4781 1801 4846 semiaaia

116 4885 386 4955 beihabons,licet
405 4899 463 4938 non
487 4881 650 4937 secundum
674 4875 943 4950 seientiam,eoepit
997 4878 1179 4934 audientium
1209 4877 1298 4933 eorda
1325 4894 1462 4951 spargere
1490 4895 1549 4934 non
1580 4878 1711 4935 cessavit.
1729 4877 1801 4943 Quem

115 4976 192 5049 apud
207 4983 337 5031 terrcuas
353 4975 512 5046 potestates
522 4969 592 5026 totis
603 4967 714 5023 viribus
725 4983 820 5040 agere,
833 4970 866 5021 ut
876 4966 942 5039 qui·
996 4967 1146 5040 equitandi
1160 4984 1258 5034 usum,
1275 4965 1363 5022 etiam
1377 4968 1448 5022 dum
1462 4966 1560 5023 adhue
1576 4984 1670 5024 sanus
1683 4960 1800 5030 essetbt·

115 5063 184 5118 dam
199 5064 323 5120 clericus
337 5061 479 5118 adalbero
505 5058 632 5124 nomine,
650 5075 710 5113 sua
727 5055 941 5127 sororisblius,
996 5056 1092 5125 bcbat,
1121 5060 1153 5112 ut
1179 5072 1353 5129 quocunque
1380 5055 1435 5112 sibi
1460 5056 1594 5113 eundum
1622 5045 1799 5122 tuissetsallt

115 5151 205 5205 totius
229 5151 412 5223 episcopatus
437 5166 537 5206 curam
564 5147 747 5219 susciperet:
764 5145 826 5218 ipse
841 5149 939 5201 autem
994 5163 1083 5217 saper
1094 5145 1267 5218 quadrigam
1284 5144 1380 5218 posita
1395 5143 1476 5201 solus
1502 5145 1630 5219 sederet,
1646 5143 1743 5201 comita
1755 5150 1798 5195 aaa

114 5238 170 5295 sub
185 5240 361 5295 monachica
377 5238 528 5313 religionis
551 5236 653 5292 habitu
670 5235 724 5291 soli
740 5234 798 5292 Deo
814 5238 937 5303 vacaret,
995 5239 1109 5291 tantum
1126 5233 1242 5302 elorico,
1254 5251 1321 5290 eum
1338 5251 1395 5306 quo
1407 5234 1519 5306 absque
1535 5224 1798 5308 impedimentoalit

114 5326 192 5400 quod
203 5331 232 5382 et
245 5327 420 5400 impetravit.
438 5328 492 5383 Sed
511 5326 558 5382 ille
584 5326 769 5382 miserandus
794 5324 937 5392 nesciens,
993 5341 1070 5392 rum,
1083 5328 1182 5396 posset
1207 5323 1328 5379 liberius
1352 5339 1453 5379 vacare
1476 5321 1675 5381 decantationi
1696 5317 1797 5394 psalmi

113 5421 165 5475 aut
179 5413 253 5472 seire
269 5413 380 5481 uolens,
391 5433 408 5471 a
419 5415 636 5487 sapientissimo
647 5414 937 5476 Sadomonedictum:
994 5429 1069 5468 rum.
1087 5411 1254 5469 l‘estinabat
1268 5416 1367 5470 autem
1384 5411 1559 5486 quantocius
1571 5415 1707 5488 Augusta
1720 5403 1799 5464 cirita·

113 5502 272 5565 llersditas
287 5502 324 5561 ad
340 5519 429 5578 quam
446 5503 475 5558 in
491 5504 635 5579 principio
657 5503 822 5572 festinatur,
839 5503 868 5560 in
884 5520 938 5560 no·
993 5502 1031 5560 tis
1047 5502 1154 5559 moeuia
1168 5501 1332 5578 ingredi,ut
1347 5501 1398 5572 ibi,
1408 5501 1486 5559 sieut
1500 5502 1599 5559 bonas
1611 5493 1795 5559 mercenaria

112 5594 234 5659 sissimo
248 5591 452 5655 benedictione
467 5593 596 5652 carebit:
615 5594 722 5652 milites
738 5593 876 5671 episcopi,
893 5596 937 5650 to·
994 5589 1209 5669 prestolaretur
1228 5591 1316 5650 ilaem
1332 5590 1427 5668 operis
1443 5591 1576 5662 sui.'Quo
1591 5608 1658 5650 cum
1672 5578 1796 5667 perseus·
