3884 6084
118 299 194 365 1131
218 383 222 391 Ι
609 302 712 367 nls'r.
736 303 864 367 naula.
888 303 1086 368 EGCLESIAE
1105 303 1138 368 S.
1163 299 1327 367 sadran.
1743 283 1827 357 itta

151 435 192 493 Ne
202 432 270 508 quia
282 432 346 492 sine
360 432 499 493 electione
514 435 585 493 cleri
599 440 629 494 et
642 437 743 511 populi
759 438 795 494 ad
810 437 940 511 regimen
955 437 983 505 Α
999 436 1121 495 devotus
1130 437 1267 495 Romana
1279 433 1358 494 sedis
1368 429 1498 508 pontifex
1512 432 1647 504 quartam
1667 424 1823 486 celebravit

120 522 351 581 ecclesiasticum
368 523 583 597 proveheretur.
997 526 1228 601 translationem,
1258 530 1287 582 et
1305 524 1427 581 feliciter
1455 525 1536 578 sexto
1563 520 1661 576 Nouae
1688 516 1833 575 Octobris

152 612 194 671 Ne
209 612 269 681 (20)
284 611 351 684 quis
365 628 465 668 sacros
480 614 598 670 ordines
612 619 663 670 aut
675 615 840 672 ministeria
853 614 943 673 ecole-
998 615 1212 672 consummavit
1220 608 1703 671 divinaedomussanctificationem
1713 624 1720 663 ε
1732 622 1822 679 quam

117 700 246 767 sissima,
262 699 305 756 vel
320 700 424 756 altaria
440 707 550 759 emeret
565 708 616 759 aut
629 704 766 761 venderet
782 710 830 760 :et
845 705 944 777 siquis
997 704 1133 772 etiam,ut
1148 703 1328 760 declaratum
1343 705 1398 768 est,
1410 700 1500 756 trium
1525 697 1638 753 dierum
1666 694 1823 751 continua·

117 789 289 846 clericorum
304 790 448 862 quidlibet
462 808 563 848 eorum
578 793 707 860 emisset,
724 793 752 849 id
772 811 840 850 cum
856 794 944 867 digna
997 794 1076 850 tione
1092 793 1243 866 insignivit
1268 790 1461 849 celebratione
1485 785 1600 861 synodi,
1623 782 1780 840 millesimo
1794 787 1824 840 et

117 879 318 935 satisfactione
333 895 386 935 suo
399 879 534 952 episcopo
550 881 693 937 redderet.
998 883 1224 955 quadragesimo
1239 898 1316 937 nono
1326 897 1403 936 anno
1420 877 1594 934 felicissime
1612 871 1823 929 incarnationis

152 968 193 1023 Ne
208 968 276 1040 quis
292 966 433 1024 laicorum
448 968 680 1026 ecclesiasticum
692 971 889 1029 ministerium
899 972 943 1029 vei
997 970 1114 1027 Domini
1128 973 1220 1028 nostri
1235 971 1305 1027 lesu
1320 967 1667 1038 Christi.Quaproptcr,ut
1680 958 1823 1017 delibera·

118 1054 224 1111 altaria
238 1059 360 1125 teneret,
376 1073 428 1111 uec
444 1056 647 1131 episcoporum
663 1059 785 1131 quilibet
799 1061 944 1119 consenti·
997 1064 1088 1128 verat,
1104 1077 1138 1117 ex
1153 1060 1250 1117 diviua
1264 1058 1458 1133 dispositione
1473 1070 1592 1127 compos
1608 1052 1728 1109 effectus
1743 1048 1822 1106 desi·

117 1148 161 1199 fei
176 1144 243 1215 (2¹i·
566 1198 568 1203 ,
997 1148 1069 1204 derii
1084 1149 1141 1216 sui,
1158 1149 1204 1205 die
1221 1147 1412 1221 subsequenti
1438 1149 1503 1220 post
1526 1140 1720 1216 expletionem
1736 1152 1823 1210 syna·

153 1233 193 1288 Ne
209 1232 276 1304 quis
291 1232 320 1288 in
337 1233 420 1289 atriis
435 1233 636 1303 ecclesiarum,
654 1240 758 1309 praeter
771 1237 943 1310 episcopum
997 1238 1103 1305 dicam,
1119 1238 1199 1293 vent
1210 1238 1240 1293 in
1256 1236 1417 1311 capitulum
1431 1228 1822 1307 [nn.,capitoiium]iratrum

116 1325 146 1376 ct
156 1321 220 1392 ejus
236 1320 417 1389 ministrum,
433 1322 580 1394 quaslibet
590 1326 817 1382 consuetudines
830 1326 943 1400 exigere
997 1342 1086 1398 seque
1101 1327 1143 1383 eis
1157 1326 1285 1383 innotuit
1299 1342 1387 1383 suum
1411 1323 1483 1380 velle
1507 1318 1668 1378 accelerare
1683 1316 1821 1372 reditum.

116 1413 315 1482 presumeret.
997 1415 1078 1471 Unde
1092 1414 1296 1488 spiritualibus
1312 1410 1556 1470 illosdemulcens
1567 1402 1824 1479 colloquiis,sceia·

153 1498 194 1554 Ne
209 1497 943 1577 quisprosepulturavelbaptismo,siveproeucha·
996 1508 1086 1559 tatem
1099 1521 1201 1561 eorum
1215 1509 1244 1561 et
1259 1505 1359 1561 devote
1371 1501 1454 1575 petiit
1465 1491 1822 1568 etaoccptt,suamqueeis

116 1586 794 1665 ristia‚autinlirmorumvisitatioaequidqnam
805 1593 940 1667 exigeret.
995 1592 1147 1649 humiliter
1161 1594 1327 1666 petentibus
1342 1593 1405 1666 ipse
1415 1589 1539 1662 largitus
1554 1588 1609 1653 est,
1617 1589 1646 1641 et
1661 1583 1822 1657 prostratos

151 1677 193 1732 Ne
207 1676 274 1746 quis
288 1676 460 1733 clericorum
476 1696 558 1735 arma
574 1680 712 1737 militaria
737 1686 875 1755 gestaret,
889 1686 941 1739 aut
996 1683 1031 1737 ad
1039 1681 1187 1753 publicam
1199 1680 1412 1738 contessionem
1423 1676 1556 1743 absolvit,
1568 1677 1597 1730 et
1608 1669 1752 1729 exordiae
1763 1683 1823 1725 om·

117 1765 273 1821 mundanae
289 1764 397 1821 militiae
414 1767 580 1823 deserviret.
956 1808 980 1872 B
996 1755 1820 1842 nesdeosculatosapostolioauenedtctionosanctificavit.

150 1853 191 1909 Ne
206 1854 274 1927 quis
292 1854 416 1912 clericus
431 1855 475 1912 vel
490 1855 583 1913 laicus
594 1875 700 1915 usuras
710 1865 866 1917 exerceret.
997 1858 1140 1915 Posthac
1158 1876 1304 1932 egressus,
1321 1858 1474 1932 episcopos
1488 1858 1517 1911 et
1540 1853 1662 1909 abbates
1686 1850 1822 1904 ceteros·

150 1942 191 1998 Ne
205 1943 272 2014 quis
287 1945 451 2000 monachus
465 1945 509 2001 vcl
525 1944 648 2003 clericus
664 1965 681 2003 a
695 1965 749 2005 suo
764 1950 856 2023 gradu
873 1967 941 2022 apo·
996 1965 1053 2020 quc
1069 1947 1258 2004 ecclesiastici
1281 1946 1400 2004 ordonis
1424 1944 1474 2018 qui
1491 1942 1621 1999 noudum
1641 1939 1822 1996 recesserant

114 2034 246 2090 sinimi-
996 2038 1205 2104 convocavit,et
1220 2054 1288 2093 cum
1309 2037 1351 2093 eis
1366 2033 1519 2093 ecclesiam
1536 2031 1697 2102 ingressus,
1714 2023 1822 2080 missa·

150 2121 191 2176 Ne
206 2121 274 2193 quis
288 2131 355 2178 eum
368 2121 517 2195 aliquibus
532 2126 608 2180 sacri
624 2126 736 2183 ordinis
759 2127 815 2183 iter
830 2128 941 2200 agenti·
996 2143 1062 2182 rum
1079 2124 1221 2182 solemnia
1236 2124 1375 2182 celebrari
1399 2124 1477 2180 lecit.
1493 2120 1606 2188 Quibus
1629 2113 1762 2189 expletis.
1784 2112 1820 2169 ad

116 2210 172 2264 bus
185 2208 353 2267 violentiam
365 2210 455 2267 ullam
471 2212 578 2269 inlerre
591 2215 721 2270 auderit.
996 2214 1090 2270 sancti
1106 2214 1273 2288 sepulcrum
1289 2204 1414 2286 quod,nt
1429 2211 1540 2266 dictum
1554 2213 1609 2275 est,
1623 2220 1712 2278 super
1730 2200 1822 2258 altare

153 2298 194 2353 Ne
207 2298 276 2370 quis
289 2314 433 2373 pauperes
457 2300 591 2358 homines
615 2303 726 2376 rapinis
740 2304 783 2360 val
799 2305 941 2377 captioni·
996 2303 1089 2358 sancti
1105 2302 1386 2375 Christopboripost
1400 2299 1529 2356 basilica
1540 2293 1753 2352 dedicationem
1765 2287 1823 2347 coi·

117 2387 173 2443 bus
187 2392 311 2444 vexaret.
996 2390 1150 2460 locaverat,
1167 2408 1234 2447 cum
1264 2390 1369 2446 humili
1398 2387 1550 2445 devotione
1576 2379 1708 2449 accessit,
1722 2377 1822 2465 ibique

153 2476 193 2532 Ne
209 2477 276 2549 quis
290 2477 464 2534 incestuosa
479 2481 676 2552 conjunctioni
693 2499 724 2538 se
739 2483 899 2557 copularet.
995 2480 1127 2536 cretione
1140 2479 1294 2553 completa,
1313 2480 1385 2536 illud
1402 2475 1563 2551 suppositis
1577 2469 1710 2529 humeris
1720 2467 1822 2524 devote

153 2565 195 2621 Ne
209 2565 277 2637 quis
291 2565 422 2639 legitima
436 2585 526 2623 uxore
538 2569 686 2638 derelicta,
704 2571 792 2627 aliam
813 2572 940 2629 duceret.
995 2568 1063 2625 inde
1075 2569 1189 2637 extulit,
1206 2573 1234 2624 et
1249 2568 1277 2624 in
1294 2568 1418 2624 statione
1441 2565 1497 2621 sib'i
1523 2565 1659 2618 decenter
1681 2557 1822 2629 apparata

152 2653 187 2708 at
201 2654 270 2725 quia
286 2656 351 2711 novi
361 2655 488 2712 haretici
499 2657 528 2711 in
537 2657 694 2714 Gallicanis
706 2659 838 2731 partibus
848 2677 942 2717 omer·
996 2674 1063 2712 cum
1079 2656 1329 2712 divinislaudibus
1338 2653 1468 2727 reposuit
1481 2650 1546 2707 :ubi
1557 2649 1664 2704 iterum
1673 2641 1820 2715 atqueite·

119 2747 283 2809 seranteos
292 2744 564 2810 excommunicavit,
580 2746 640 2802 illis
654 2747 774 2814 additis,
786 2749 837 2818 qui
847 2749 884 2803 ab
899 2749 942 2804 eis
997 2761 1062 2800 rum
1077 2763 1146 2800 cum
1162 2743 1300 2817 lucrymis
1315 2760 1345 2800 so
1357 2745 1554 2816 prosternens,
1569 2735 1687 2792 tandem
1697 2730 1728 2787 iu
1742 2729 1820 2786 viam

116 2828 236 2901 aliquod
254 2846 363 2885 munus
378 2829 421 2884 vol
437 2833 588 2888 servitium
604 2835 836 2905 acciperent‚aut
848 2837 941 2907 quod·
996 2849 1082 2889 suam
1098 2833 1207 2899 exiit,et
1223 2848 1316 2904 usque
1331 2833 1364 2887 ad
1392 2827 1501 2886 rastelli
1526 2826 1639 2884 aditum
1663 2819 1821 2878 comitatus

117 2916 189 2972 libet
199 2916 379 2973 detensionis
392 2920 587 2989 patrocinium
601 2920 660 2977 iilis
675 2921 887 2994 impenderent.
997 2940 1063 2978 cum
1079 2922 1201 2978 canticis
1217 2914 1820 2994 spiritualibusatratribusetinuumeroso

154 3005 217 3060 Pari
234 3006 321 3062 modo
331 3007 480 3064 damnavit
489 3014 517 3064 ct
527 3010 940 3070 sodomitasiixcommuniea-
996 3012 1061 3084 iat,
1079 3012 1246 3083 numeroso]
1268 3016 1410 3068 conventu
1429 3006 1539 3081 populi,
1556 3003 1694 3060 omuibus
1715 2996 1821 3054 valedi-

115 3092 156 3148 vit
172 3093 259 3150 ctiam
274 3096 396 3151 comites
409 3095 543 3167 Angelrai
560 3098 761 3172 [lingelraitet
771 3103 940 3159 Eustasium
995 3118 1075 3167 cens,
1092 3101 1221 3157 recessit.
1232 3101 1381 3156 Recedens
1396 3103 1493 3155 autem
1516 3092 1634 3150 indeed
1650 3089 1696 3146 sui
1710 3084 1821 3144 laboris
1883 3138 1889 3147 ,
1910 3132 1916 3142 .

116 3186 236 3254 propter
252 3182 437 3251 incestum,et
452 3183 604 3258 Hugoirem
629 3188 665 3244 de
685 3188 801 3262 Braina,
816 3191 885 3263 quia
899 3171 977 3249 las-C
997 3190 1297 3263 recompensationem
1306 3188 1406 3244 retulit
1414 3188 1540 3242 fructum
1547 3174 1820 3254 magnoemercedie,

114 3269 251 3343 gitimam
263 3287 382 3328 uxorem
397 3273 557 3342 dimiserat,
574 3280 602 3331 et
616 3275 704 3333 aliam
720 3278 778 3334 sibi
793 3279 823 3334 in
839 3280 942 3336 matri·
997 3279 1026 3334 in
1041 3295 1147 3336 arcanc
1163 3278 1276 3336 scilicet
1290 3277 1383 3334 devoti
1409 3275 1534 3349 pectoris
1559 3272 1657 3346 ignem
1667 3266 1820 3341 precipuae

114 3358 213 3415 monio
224 3358 733 3423 sociaveratlnterdixitetBelduino
742 3367 840 3424 comiti
855 3368 941 3425 Flau-
995 3367 1230 3441 dileotionis.quo
1245 3366 1343 3423 abillo
1357 3352 1821 3438 tomporeergaeundemgiorio·

114 3446 212 3503 drensi
229 3464 265 3503 ne
280 3447 371 3504 filiam
388 3466 472 3504 suam
488 3451 940 3530 WillelmoNortmannonuptui
995 3472 1062 3513 sum
1079 3460 1194 3512 Patrem
1209 3456 1375 3529 Remigium
1400 3467 1576 3528 magnopere
1590 3445 1753 3505 dinoscitur
1767 3441 1819 3498 ila·

114 3536 238 3602 daret,et
251 3535 277 3591 ei
292 3552 328 3593 ue
338 3553 403 3593 eam
418 3532 692 3611 acciperet.Vocavit
703 3543 791 3601 etiem
804 3546 940 3603 comitem
994 3550 1143 3619 grassant
1157 3546 1235 3601 idem
1252 3545 1313 3617 ipse
1329 3546 1437 3602 latetur
1450 3539 1616 3614 inquadam
1637 3531 1761 3609 epistola
1774 3530 1819 3586 di·

114 3622 300 3690 Tetbaldum,
318 3626 456 3697 quoniam
472 3644 557 3682 suam
571 3629 724 3687 dimiserat
738 3649 876 3703 uxorem;
891 3652 940 3691 vo·
995 3638 1073 3690 recta
1088 3636 1276 3708 postmodum
1288 3633 1433 3707 episeopis
1444 3629 1674 3701 Francia,quam
1685 3639 1739 3681 auo
1755 3620 1819 3677 ioco

113 3711 190 3766 cavit
203 3715 232 3767 et
242 3713 409 3769 Goziridum
434 3716 675 3789 Andegavensem
691 3723 837 3793 usquead
853 3740 940 3797 syno·
994 3722 1024 3778 ia
1040 3723 1290 3795 subsequentibus
1304 3721 1475 3778 curabimus
1486 3717 1647 3792 ponereils
1657 3729 1715 3787 qua
1724 3710 1820 3786 gratia

114 3798 185 3855 dum
202 3801 332 3857 laturam
348 3803 515 3876 Mogontia
543 3804 582 3860 ibi
612 3810 938 3880 excommunicandum,
993 3803 1332 3883 etiamalteriuegrat'iae
1356 3811 1479 3882 adeptus
1506 3812 1551 3864 est
1572 3803 1816 3867 emolumentum,

113 3888 169 3945 nisi
185 3874 423 3963 relaxiretqucm
430 3897 549 3965 captum
560 3895 677 3951 tenebat
686 3897 827 3954 domnum
837 3900 939 3957 Gerva·
994 3917 1060 3956 cum
1076 3901 1101 3957 ei
1117 3899 1216 3956 divina
1230 3899 1323 3955 virtus
1334 3900 1369 3956 de
1379 3897 1556 3971 quibusdam
1582 3893 1632 3966 qui
1652 3891 1678 3948 ei
1692 3886 1818 3962 impedi·

113 3976 257 4049 sium,qui
273 3982 343 4035 tunc
359 3984 421 4036 erat
432 3981 536 4053 presul
547 3982 625 4039 sedis
636 3983 857 4043 Cenomaonicoe
870 4006 938 4061 ,po-
994 3993 1125 4045 mentum
1142 3987 1305 4045 advenienti
1323 3989 1352 4043 in
1368 3985 1478 4044 Gallias
1490 3982 1584 4040 conati
1606 3983 1690 4037 erant
1710 3976 1819 4032 iuierre

112 4069 176 4122 stoa
191 4083 256 4123 vero
272 4068 309 4123 ab
323 4070 456 4140 ejusdem
469 4072 585 4144 tyranni
608 4077 751 4145 potestate
774 4081 938 4150 exemptus,
993 4077 1133 4134 ultionem
1149 4077 1294 4150 prestitit,
1311 4094 1362 4150 per
1381 4075 1475 4149 ipsius
1490 4071 1584 4130 sancti
1600 4069 1645 4125 cui
1662 4068 1756 4123 luerat
1774 4063 1817 4120 la·

113 4153 238 4211 Widone
246 4156 465 4232 archiepiscopo
479 4160 627 4230 deiuncto,
645 4179 662 4218 a
677 4178 743 4237 rege
759 4164 937 4222 Francorum
993 4167 1123 4223 mulatus
1138 4166 1374 4234 meritumNam,
1393 4168 1426 4220 ut
1438 4163 1547 4219 multos
1559 4155 1817 4233 praetermittamus

114 4243 235 4299 Hearico
251 4246 428 4319 subrogatus
445 4251 489 4303 est
504 4249 560 4319 (22)
576 4251 611 4305 od
636 4251 766 4324 regimen
784 4253 937 4312 Remensie
992 4255 1083 4328 quisi
1100 4243 1817 4321 luerecontrarii,(iibuinusLaudunensisepisco-

112 4330 257 4388 iicclesiae.
273 4335 544 4393 Excommunicavit
559 4338 684 4411 denique
698 4340 764 4398 illos
780 4343 938 4415 dequibus
992 4361 1048 4418 pus
1063 4350 1092 4401 et
1107 4344 1188 4417 lingo
1199 4345 1235 4400 de
1244 4340 1491 4406 Brainacastello,
1501 4338 1552 4413 qui
1567 4337 1643 4392 inter
1657 4335 1721 4407 ejus
1731 4332 1817 4388 dero·
1915 4416 1917 4421 .

111 4419 371 4492 proclamationem
399 4424 527 4481 lecerunt
553 4427 799 4500 compendienses
828 4431 935 4502 clerici,
991 4420 1817 4506 gatoresquasisigniferiexstiterunt,codemannoiguo·

112 4515 230 4582 propter
244 4528 370 4583 quorum
384 4512 559 4584 injustitiam
572 4514 641 4571 illuc
657 4517 820 4575 detulerant
830 4537 936 4594 corpus
951 4541 974 4606 ὓ
991 4521 1117 4578 miniosa
1131 4525 1222 4577 mortc
1233 4520 1321 4576 uitam
1334 4519 1482 4576 linierunt.
1500 4516 1550 4572 llio
1564 4514 1654 4582 enim,
1670 4511 1739 4585 quia
1755 4508 1815 4566 exi·

111 4598 207 4654 sancti
224 4601 361 4675 martyris
388 4601 533 4671 Cornelii;
550 4620 599 4659 cos
621 4622 747 4678 quoque,
772 4608 822 4681 qui
838 4611 874 4666 ab
890 4628 936 4668 ea·
990 4611 1090 4667 tialem
1098 4598 1815 4681 technam,atapostolioamdevitaretpraesentiam

112 4687 179 4743 dem
195 4690 305 4760 syuodo
321 4690 511 4746 redeuntibus
526 4691 638 4766 aliquid
654 4694 794 4752 inlcrrent
812 4698 937 4772 impedi·
992 4699 1052 4773 regi
1069 4699 1227 4773 suggessit,
1242 4697 1356 4754 ethanc
1379 4695 1508 4752 maxima
1523 4698 1604 4768 parte
1618 4689 1685 4747 cleri
1700 4687 1748 4746 sui
1762 4686 1815 4741 de·

112 4776 405 4850 menti.Privilegium
419 4783 517 4836 autom
541 4783 620 4854 quod
646 4782 752 4840 lecerat
765 4792 866 4844 sancto
882 4788 937 4845 Re·
990 4791 1055 4845 vote
1072 4787 1299 4860 expetente,ipse
1315 4803 1332 4842 a
1346 4802 1400 4841 sua
1426 4784 1495 4841 sede
1520 4782 1606 4853 longe
1619 4776 1745 4850 aufugit,
1761 4789 1815 4830 nec

111 4864 326 4937 migio,ibidem
340 4867 370 4922 in
386 4874 543 4941 conspectu
559 4871 693 4927 omnium
703 4873 856 4930 recitatum
872 4892 938 4931 con·
992 4876 1135 4933 Dominioi
1150 4875 1280 4947 corporis
1293 4873 1409 4942 viatico,
1426 4890 1442 4930 a
1457 4869 1569 4928 malitia
1583 4884 1637 4925 sua
1651 4863 1816 4922 sanctifica·

109 4952 247 5021 firmavit,
260 4958 290 5011 et
303 4957 455 5013 constituit
467 4959 547 5014 omni
563 4961 785 5033 tempore,sicut
795 4962 936 5036 scriptum
992 4971 1052 5035 tus,
1065 4981 1117 5021 nec
1133 4966 1169 5022 ab
1184 4964 1285 5020 eodem
1296 4962 1373 5019 clero
1386 4978 1438 5018 suo
1453 4957 1650 5017 consolatione
1669 4950 1815 5010 visitatio-

109 5041 323 5111 continebatur,
340 5044 547 5103 inviolabiliter
561 5049 736 5118 conservari,
754 5049 854 5123 sicque
868 5052 938 5109 data
992 5055 1039 5110 nis
1055 5055 1086 5110 in
1107 5052 1246 5110 extremis
1269 5050 1457 5119 relocillatus,
1483 5047 1580 5103 divino
1598 5043 1711 5117 judicio
1734 5046 1815 5098 extra

108 5127 310 5188 benedictione
325 5133 481 5190 concilium
500 5136 596 5193 solvit.
988 5143 1063 5200 lines
1073 5142 1214 5215 episcopii
1225 5141 1271 5198 sui
1287 5140 1367 5197 solus
1384 5138 1457 5196 obiit
1467 5135 1552 5210 quasi
1567 5133 1749 5208 peregrinus.
1764 5129 1813 5187 nl·

144 5219 188 5274 17.
206 5219 382 5295 Hujqemodi
397 5240 466 5297 ergo
484 5225 586 5282 ordine
610 5225 687 5282 beati
702 5226 795 5284 Patris
810 5228 934 5303 Remigii
988 5237 1033 5289 ter
1046 5248 1124 5299 vero,
1140 5231 1211 5303 quia
1225 5234 1314 5302 caput
1337 5227 1465 5285 ministri
1489 5225 1596 5282 Christi
1612 5241 1644 5281 se
1667 5221 1815 5279 abscissu-

145 5433 201 5502 (20)
216 5434 299 5490 Hune
312 5452 453 5494 canonem
470 5437 602 5495 nonnulli
617 5439 647 5495 in
672 5440 747 5497 duos
766 5442 935 5514 partiuntur
988 5446 1086 5519 quibvs
1101 5444 1293 5510 consentirent,
1307 5439 1352 5496 val
1366 5441 1428 5512 qais
1442 5441 1477 5496 iia
1490 5441 1662 5496 consentiret.
1792 5502 1797 5514 ‚

111 5503 148 5558 ad
164 5503 224 5561 haec
240 5508 328 5562 verba
345 5525 351 5562 :
368 5510 507 5584 desipuit
521 5511 692 5580 clericorum,
709 5517 763 5569 ete.
1024 5519 1081 5587 (22)
1097 5514 1256 5571 Ecclesiam
1273 5513 1447 5569 Remensem
1462 5510 1576 5585 egregie
1595 5504 1812 5567 administravit

146 5577 203 5651 (21)
219 5577 275 5636 ltls.
287 5579 605 5652 dedignationem.
614 5586 932 5659 Barannpisoopornm,
990 5589 1026 5645 ab
1042 5587 1203 5647 auu01055
1217 5584 1254 5642 ad
1271 5585 1350 5643 1007.
