<?xml version="1.0" encoding="UTF-8"?>
<!DOCTYPE html PUBLIC "-//W3C//DTD XHTML 1.0 Transitional//EN"
    "http://www.w3.org/TR/xhtml1/DTD/xhtml1-transitional.dtd">
<html xmlns="http://www.w3.org/1999/xhtml" xml:lang="en" lang="en">
 <head>
  <title>
</title>
<meta http-equiv="Content-Type" content="text/html;charset=utf-8" />
  <meta name='ocr-system' content='tesseract 3.04.00' />
  <meta name='ocr-capabilities' content='ocr_page ocr_carea ocr_par ocr_line ocrx_word'/>
</head>
<body>
  <div class='ocr_page' id='page_1' title='image "./patrologiaecurs64unkngoog_0688.png"; bbox 0 0 3884 6084; ppageno 0'>
   <div class='ocr_carea' id='block_1_1' title="bbox 117 250 1844 345">
    <p class='ocr_par' dir='ltr' id='par_1_1' title="bbox 117 250 1844 345">
     <span class='ocr_line' id='line_1_1' title="bbox 117 250 1844 345; baseline -0.003 -26"><span class='ocrx_word' id='word_1_1' title='bbox 117 252 195 345; x_wconf 75' lang='lat' dir='ltr'><em>isus</em></span> <span class='ocrx_word' id='word_1_2' title='bbox 309 316 313 326; x_wconf 81' lang='grc'><strong>,</strong></span> <span class='ocrx_word' id='word_1_3' title='bbox 589 253 796 339; x_wconf 77' lang='lat' dir='ltr'><em>suasanus</em></span> <span class='ocrx_word' id='word_1_4' title='bbox 816 250 1104 343; x_wconf 71' lang='lat' dir='ltr'><em>emeritanus</em></span> <span class='ocrx_word' id='word_1_5' title='bbox 1124 253 1350 323; x_wconf 76' lang='lat' dir='ltr'><em>anscoaus.</em></span> <span class='ocrx_word' id='word_1_6' title='bbox 1601 252 1604 257; x_wconf 84' lang='lat'>·</span> <span class='ocrx_word' id='word_1_7' title='bbox 1746 251 1844 327; x_wconf 80' lang='lat' dir='ltr'><em>usus.</em></span> 
     </span>
    </p>
   </div>
   <div class='ocr_carea' id='block_1_2' title="bbox 111 386 1829 1975">
    <p class='ocr_par' dir='ltr' id='par_1_2' title="bbox 115 386 1823 554">
     <span class='ocr_line' id='line_1_2' title="bbox 115 386 1822 466; baseline -0.002 -17"><span class='ocrx_word' id='word_1_8' title='bbox 115 388 358 466; x_wconf 72' lang='lat' dir='ltr'><em>tantiumjuistsm</em></span> <span class='ocrx_word' id='word_1_9' title='bbox 373 389 401 448; x_wconf 87' lang='lat' dir='ltr'><em>et</em></span> <span class='ocrx_word' id='word_1_10' title='bbox 413 387 610 457; x_wconf 72' lang='lat' dir='ltr'><em>necessariora</em></span> <span class='ocrx_word' id='word_1_11' title='bbox 623 391 729 446; x_wconf 82' lang='lat' dir='ltr'><em>sanata</em></span> <span class='ocrx_word' id='word_1_12' title='bbox 740 386 874 447; x_wconf 78' lang='lat' dir='ltr'><em>Ecclesia</em></span> <span class='ocrx_word' id='word_1_13' title='bbox 885 390 940 445; x_wconf 86' lang='lat' dir='ltr'><em>tes·</em></span> <span class='ocrx_word' id='word_1_14' title='bbox 953 389 982 458; x_wconf 77' lang='grc' dir='ltr'><strong>Α</strong></span> <span class='ocrx_word' id='word_1_15' title='bbox 995 387 1173 463; x_wconf 89' lang='lat' dir='ltr'><em>episcopalem</em></span> <span class='ocrx_word' id='word_1_16' title='bbox 1200 405 1263 447; x_wconf 90' lang='lat' dir='ltr'><em>aum</em></span> <span class='ocrx_word' id='word_1_17' title='bbox 1287 388 1352 447; x_wconf 79' lang='lat' dir='ltr'><em>aliis</em></span> <span class='ocrx_word' id='word_1_18' title='bbox 1381 387 1512 464; x_wconf 75' lang='lat' dir='ltr'><em>episeopis</em></span> <span class='ocrx_word' id='word_1_19' title='bbox 1534 406 1554 447; x_wconf 93' lang='lat' dir='ltr'><em>u</em></span> <span class='ocrx_word' id='word_1_20' title='bbox 1566 388 1685 448; x_wconf 82' lang='lat' dir='ltr'><em>Domino</em></span> <span class='ocrx_word' id='word_1_21' title='bbox 1709 389 1822 462; x_wconf 84' lang='lat' dir='ltr'><em>accepit,</em></span> 
     </span>
     <span class='ocr_line' id='line_1_3' title="bbox 115 479 1823 554; baseline -0.001 -18"><span class='ocrx_word' id='word_1_22' title='bbox 115 480 265 538; x_wconf 86' lang='lat' dir='ltr'><em>tissuamur</em></span> <span class='ocrx_word' id='word_1_23' title='bbox 276 496 350 537; x_wconf 83' lang='lat' dir='ltr'><em>esse.</em></span> <span class='ocrx_word' id='word_1_24' title='bbox 366 501 380 531; x_wconf 83' lang='lat' dir='ltr'><em>u</em></span> <span class='ocrx_word' id='word_1_25' title='bbox 995 488 1095 553; x_wconf 85' lang='lat' dir='ltr'><em>quanta</em></span> <span class='ocrx_word' id='word_1_26' title='bbox 1109 480 1218 537; x_wconf 88' lang='lat' dir='ltr'><em>elevatis</em></span> <span class='ocrx_word' id='word_1_27' title='bbox 1229 481 1357 539; x_wconf 88' lang='lat' dir='ltr'><em>manibus</em></span> <span class='ocrx_word' id='word_1_28' title='bbox 1372 479 1511 538; x_wconf 76' lang='lat' dir='ltr'><em>benedixit</em></span> <span class='ocrx_word' id='word_1_29' title='bbox 1520 480 1665 554; x_wconf 67' lang='lat' dir='ltr'><em>dicipulus</em></span> <span class='ocrx_word' id='word_1_30' title='bbox 1679 480 1823 548; x_wconf 76' lang='lat' dir='ltr'><em>Dominus,</em></span> 
     </span>
    </p>

    <p class='ocr_par' dir='ltr' id='par_1_3' title="bbox 111 557 1829 1975">
     <span class='ocr_line' id='line_1_4' title="bbox 151 557 1826 645; baseline 0 -19"><span class='ocrx_word' id='word_1_31' title='bbox 151 569 233 626; x_wconf 80' lang='lat' dir='ltr'><em>&#39;iuna</em></span> <span class='ocrx_word' id='word_1_32' title='bbox 247 569 304 625; x_wconf 88' lang='lat' dir='ltr'><em>Deo</em></span> <span class='ocrx_word' id='word_1_33' title='bbox 316 567 452 645; x_wconf 76' lang='lat' dir='ltr'><em>arpnbilis</em></span> <span class='ocrx_word' id='word_1_34' title='bbox 470 568 618 627; x_wconf 80' lang='lat' dir='ltr'><em>laudunus</em></span> <span class='ocrx_word' id='word_1_35' title='bbox 641 568 792 642; x_wconf 80' lang='lat' dir='ltr'><strong>respondit</strong></span> <span class='ocrx_word' id='word_1_36' title='bbox 807 568 847 642; x_wconf 84' lang='grc'><em>(9)</em></span> <span class='ocrx_word' id='word_1_37' title='bbox 863 584 870 623; x_wconf 76' lang='grc' dir='ltr'><em>ε</em></span> <span class='ocrx_word' id='word_1_38' title='bbox 888 557 941 624; x_wconf 84' lang='grc' dir='ltr'><strong><em>11οε</em></strong></span> <span class='ocrx_word' id='word_1_39' title='bbox 994 569 1168 640; x_wconf 72' lang='lat' dir='ltr'><em>atterebatur</em></span> <span class='ocrx_word' id='word_1_40' title='bbox 1182 571 1210 625; x_wconf 90' lang='lat' dir='ltr'><em>in</em></span> <span class='ocrx_word' id='word_1_41' title='bbox 1225 569 1343 639; x_wconf 82' lang='lat' dir='ltr'><em>calum),</em></span> <span class='ocrx_word' id='word_1_42' title='bbox 1358 569 1404 625; x_wconf 89' lang='lat' dir='ltr'><em>scal</em></span> <span class='ocrx_word' id='word_1_43' title='bbox 1430 571 1500 631; x_wconf 89' lang='lat' dir='ltr'><em>sicut</em></span> <span class='ocrx_word' id='word_1_44' title='bbox 1527 577 1566 628; x_wconf 98' lang='grc' dir='ltr'><em>εει</em></span> <span class='ocrx_word' id='word_1_45' title='bbox 1594 569 1727 639; x_wconf 89' lang='lat' dir='ltr'><em>cathedra</em></span> <span class='ocrx_word' id='word_1_46' title='bbox 1754 569 1826 626; x_wconf 89' lang='lat' dir='ltr'><em>beuti</em></span> 
     </span>
     <span class='ocr_line' id='line_1_5' title="bbox 115 657 1827 733; baseline -0.001 -18"><span class='ocrx_word' id='word_1_47' title='bbox 115 657 239 733; x_wconf 76' lang='lat' dir='ltr'><em>equidem</em></span> <span class='ocrx_word' id='word_1_48' title='bbox 254 658 373 725; x_wconf 90' lang='lat' dir='ltr'><em>verbum,</em></span> <span class='ocrx_word' id='word_1_49' title='bbox 390 658 511 731; x_wconf 74' lang='lat' dir='ltr'><em>qualiter</em></span> <span class='ocrx_word' id='word_1_50' title='bbox 524 667 589 716; x_wconf 91' lang='lat' dir='ltr'><em>ante</em></span> <span class='ocrx_word' id='word_1_51' title='bbox 602 660 649 716; x_wconf 93' lang='lat' dir='ltr'><em>hos</em></span> <span class='ocrx_word' id='word_1_52' title='bbox 672 674 767 727; x_wconf 90' lang='lat' dir='ltr'><em>uanos,</em></span> <span class='ocrx_word' id='word_1_53' title='bbox 785 658 835 714; x_wconf 91' lang='lat' dir='ltr'><em>hoc</em></span> <span class='ocrx_word' id='word_1_54' title='bbox 857 659 941 714; x_wconf 86' lang='lat' dir='ltr'><em>estin</em></span> <span class='ocrx_word' id='word_1_55' title='bbox 994 659 1073 714; x_wconf 87' lang='lat' dir='ltr'><em>Petri</em></span> <span class='ocrx_word' id='word_1_56' title='bbox 1085 657 1244 724; x_wconf 68' lang='lat' dir='ltr'><em>Antiochiae,</em></span> <span class='ocrx_word' id='word_1_57' title='bbox 1260 659 1379 731; x_wconf 84' lang='lat' dir='ltr'><em>itemque</em></span> <span class='ocrx_word' id='word_1_58' title='bbox 1406 660 1534 717; x_wconf 75' lang='lat' dir='ltr'><em>cathedra</em></span> <span class='ocrx_word' id='word_1_59' title='bbox 1561 661 1668 727; x_wconf 69' lang='lat' dir='ltr'><em>homar,</em></span> <span class='ocrx_word' id='word_1_60' title='bbox 1685 675 1741 716; x_wconf 88' lang='lat' dir='ltr'><em>nan</em></span> <span class='ocrx_word' id='word_1_61' title='bbox 1757 659 1827 731; x_wconf 92' lang='lat' dir='ltr'><em>quod</em></span> 
     </span>
     <span class='ocr_line' id='line_1_6' title="bbox 113 747 1827 825; baseline -0.001 -21"><span class='ocrx_word' id='word_1_62' title='bbox 113 748 203 820; x_wconf 85' lang='lat' dir='ltr'><em>priam</em></span> <span class='ocrx_word' id='word_1_63' title='bbox 217 763 290 803; x_wconf 90' lang='lat' dir='ltr'><em>anno</em></span> <span class='ocrx_word' id='word_1_64' title='bbox 304 747 482 804; x_wconf 74' lang='lat' dir='ltr'><em>dedicationis</em></span> <span class='ocrx_word' id='word_1_65' title='bbox 496 749 579 820; x_wconf 79' lang='lat' dir='ltr'><em>taujats</em></span> <span class='ocrx_word' id='word_1_66' title='bbox 599 749 794 804; x_wconf 67' lang='lat' dir='ltr'><em>lemovicensis</em></span> <span class='ocrx_word' id='word_1_67' title='bbox 819 748 941 807; x_wconf 81' lang='lat' dir='ltr'><em>basiliae</em></span> <span class='ocrx_word' id='word_1_68' title='bbox 994 754 1059 802; x_wconf 82' lang='lat' dir='ltr'><em>turre</em></span> <span class='ocrx_word' id='word_1_69' title='bbox 1072 751 1242 807; x_wconf 80' lang='lat' dir='ltr'><em>comecralus</em></span> <span class='ocrx_word' id='word_1_70' title='bbox 1256 749 1293 804; x_wconf 88' lang='lat' dir='ltr'><em>sit</em></span> <span class='ocrx_word' id='word_1_71' title='bbox 1306 750 1456 825; x_wconf 87' lang='lat' dir='ltr'><em>episcopus,</em></span> <span class='ocrx_word' id='word_1_72' title='bbox 1469 751 1517 822; x_wconf 90' lang='lat' dir='ltr'><em>qui</em></span> <span class='ocrx_word' id='word_1_73' title='bbox 1527 766 1544 805; x_wconf 92' lang='lat' dir='ltr'><em>a</em></span> <span class='ocrx_word' id='word_1_74' title='bbox 1556 749 1675 806; x_wconf 81' lang='lat' dir='ltr'><em>Domino</em></span> <span class='ocrx_word' id='word_1_75' title='bbox 1685 749 1749 821; x_wconf 79' lang='lat' dir='ltr'><em>jam</em></span> <span class='ocrx_word' id='word_1_76' title='bbox 1759 747 1827 803; x_wconf 88' lang='lat' dir='ltr'><em>olim</em></span> 
     </span>
     <span class='ocr_line' id='line_1_7' title="bbox 116 836 1827 911; baseline -0.002 -17"><span class='ocrx_word' id='word_1_77' title='bbox 116 836 296 908; x_wconf 82' lang='lat' dir='ltr'><em>hedernpteris</em></span> <span class='ocrx_word' id='word_1_78' title='bbox 310 838 407 905; x_wconf 78' lang='lat' dir='ltr'><em>nostri,</em></span> <span class='ocrx_word' id='word_1_79' title='bbox 424 853 507 911; x_wconf 89' lang='lat' dir='ltr'><em>quam</em></span> <span class='ocrx_word' id='word_1_80' title='bbox 521 836 600 893; x_wconf 89' lang='lat' dir='ltr'><em>hodie</em></span> <span class='ocrx_word' id='word_1_81' title='bbox 614 836 783 894; x_wconf 74' lang='lat' dir='ltr'><em>exsultanter</em></span> <span class='ocrx_word' id='word_1_82' title='bbox 801 836 860 893; x_wconf 74' lang='lat' dir='ltr'><em>haec</em></span> <span class='ocrx_word' id='word_1_83' title='bbox 872 838 940 892; x_wconf 91' lang='lat' dir='ltr'><em>ciui·</em></span> <span class='ocrx_word' id='word_1_84' title='bbox 994 838 1223 892; x_wconf 84' lang='lat' dir='ltr'><em>consecrationem</em></span> <span class='ocrx_word' id='word_1_85' title='bbox 1237 841 1392 909; x_wconf 81' lang='lat' dir='ltr'><em>susceperat</em></span> <span class='ocrx_word' id='word_1_86' title='bbox 1404 838 1600 911; x_wconf 76' lang='lat' dir='ltr'><em>pontificalem,</em></span> <span class='ocrx_word' id='word_1_87' title='bbox 1615 836 1663 903; x_wconf 87' lang='lat' dir='ltr'><em>sed</em></span> <span class='ocrx_word' id='word_1_88' title='bbox 1679 839 1745 910; x_wconf 88' lang='lat' dir='ltr'><em>quio</em></span> <span class='ocrx_word' id='word_1_89' title='bbox 1763 842 1827 892; x_wconf 78' lang='lat' dir='ltr'><em>lurae</em></span> 
     </span>
     <span class='ocr_line' id='line_1_8' title="bbox 115 925 1827 999; baseline -0.001 -17"><span class='ocrx_word' id='word_1_90' title='bbox 115 933 155 982; x_wconf 91' lang='lat' dir='ltr'><em>tus</em></span> <span class='ocrx_word' id='word_1_91' title='bbox 168 925 311 999; x_wconf 78' lang='lat' dir='ltr'><em>scobiscum</em></span> <span class='ocrx_word' id='word_1_92' title='bbox 324 926 427 992; x_wconf 80' lang='lat' dir='ltr'><em>recolit,</em></span> <span class='ocrx_word' id='word_1_93' title='bbox 440 926 594 992; x_wconf 88' lang='lat' dir='ltr'><em>viventibus</em></span> <span class='ocrx_word' id='word_1_94' title='bbox 618 935 682 992; x_wconf 82' lang='lat' dir='ltr'><em>tuac</em></span> <span class='ocrx_word' id='word_1_95' title='bbox 703 925 857 981; x_wconf 82' lang='lat' dir='ltr'><em>doctissimo</em></span> <span class='ocrx_word' id='word_1_96' title='bbox 880 941 940 997; x_wconf 84' lang='lat' dir='ltr'><em>repe</em></span> <span class='ocrx_word' id='word_1_97' title='bbox 993 927 1115 998; x_wconf 72' lang='lat' dir='ltr'><em>primm</em></span> <span class='ocrx_word' id='word_1_98' title='bbox 1140 926 1171 980; x_wconf 88' lang='lat' dir='ltr'><em>in</em></span> <span class='ocrx_word' id='word_1_99' title='bbox 1191 926 1242 981; x_wconf 92' lang='lat' dir='ltr'><em>illa</em></span> <span class='ocrx_word' id='word_1_100' title='bbox 1269 926 1313 981; x_wconf 89' lang='lat' dir='ltr'><em>dia</em></span> <span class='ocrx_word' id='word_1_101' title='bbox 1341 926 1414 999; x_wconf 91' lang='lat' dir='ltr'><em>apud</em></span> <span class='ocrx_word' id='word_1_102' title='bbox 1431 927 1537 983; x_wconf 89' lang='lat' dir='ltr'><em>easdem</em></span> <span class='ocrx_word' id='word_1_103' title='bbox 1551 927 1681 983; x_wconf 72' lang='lat' dir='ltr'><em>eutasius</em></span> <span class='ocrx_word' id='word_1_104' title='bbox 1694 925 1777 994; x_wconf 85' lang='lat' dir='ltr'><em>sedit,</em></span> <span class='ocrx_word' id='word_1_105' title='bbox 1793 926 1827 981; x_wconf 87' lang='lat' dir='ltr'><em>ud</em></span> 
     </span>
     <span class='ocr_line' id='line_1_9' title="bbox 114 1013 1825 1091; baseline 0 -20"><span class='ocrx_word' id='word_1_106' title='bbox 114 1016 280 1071; x_wconf 84' lang='lat' dir='ltr'><em>Francorum</em></span> <span class='ocrx_word' id='word_1_107' title='bbox 295 1015 418 1078; x_wconf 73' lang='lat' dir='ltr'><em>hobam,</em></span> <span class='ocrx_word' id='word_1_108' title='bbox 434 1021 460 1071; x_wconf 90' lang='grc' dir='ltr'><em>ει</em></span> <span class='ocrx_word' id='word_1_109' title='bbox 473 1015 612 1071; x_wconf 82' lang='lat' dir='ltr'><em>Gaualeua</em></span> <span class='ocrx_word' id='word_1_110' title='bbox 635 1016 844 1087; x_wconf 87' lang='lat' dir='ltr'><em>metropolitano</em></span> <span class='ocrx_word' id='word_1_111' title='bbox 866 1030 939 1086; x_wconf 69' lang='lat' dir='ltr'><em>pra·</em></span> <span class='ocrx_word' id='word_1_112' title='bbox 993 1013 1196 1086; x_wconf 87' lang='lat' dir='ltr'><em>suscipiendum</em></span> <span class='ocrx_word' id='word_1_113' title='bbox 1209 1031 1294 1087; x_wconf 90' lang='lat' dir='ltr'><em>super</em></span> <span class='ocrx_word' id='word_1_114' title='bbox 1307 1015 1438 1087; x_wconf 88' lang='lat' dir='ltr'><em>populum</em></span> <span class='ocrx_word' id='word_1_115' title='bbox 1456 1019 1509 1071; x_wconf 83' lang='lat' dir='ltr'><em>Dei</em></span> <span class='ocrx_word' id='word_1_116' title='bbox 1520 1017 1644 1091; x_wconf 73' lang='lat' dir='ltr'><em>reqimcn</em></span> <span class='ocrx_word' id='word_1_117' title='bbox 1663 1015 1825 1087; x_wconf 82' lang='lat' dir='ltr'><em>pusterula:</em></span> 
     </span>
     <span class='ocr_line' id='line_1_10' title="bbox 113 1101 1825 1175; baseline -0.001 -16"><span class='ocrx_word' id='word_1_118' title='bbox 113 1101 249 1160; x_wconf 84' lang='lat' dir='ltr'><em>decessore</em></span> <span class='ocrx_word' id='word_1_119' title='bbox 262 1111 358 1174; x_wconf 91' lang='lat' dir='ltr'><em>vestro,</em></span> <span class='ocrx_word' id='word_1_120' title='bbox 376 1103 521 1160; x_wconf 79' lang='lat' dir='ltr'><em>lcacsedcs</em></span> <span class='ocrx_word' id='word_1_121' title='bbox 537 1106 676 1160; x_wconf 85' lang='lat' dir='ltr'><em>lemovica</em></span> <span class='ocrx_word' id='word_1_122' title='bbox 697 1120 753 1160; x_wconf 80' lang='lat' dir='ltr'><em>raon</em></span> <span class='ocrx_word' id='word_1_123' title='bbox 775 1105 834 1159; x_wconf 90' lang='lat' dir='ltr'><em>sine</em></span> <span class='ocrx_word' id='word_1_124' title='bbox 858 1120 939 1160; x_wconf 91' lang='lat' dir='ltr'><em>enor-</em></span> <span class='ocrx_word' id='word_1_125' title='bbox 994 1102 1032 1158; x_wconf 89' lang='lat' dir='ltr'><em>itu</em></span> <span class='ocrx_word' id='word_1_126' title='bbox 1048 1104 1077 1159; x_wconf 90' lang='lat' dir='ltr'><em>in</em></span> <span class='ocrx_word' id='word_1_127' title='bbox 1089 1102 1140 1157; x_wconf 91' lang='lat' dir='ltr'><em>hac</em></span> <span class='ocrx_word' id='word_1_128' title='bbox 1155 1103 1209 1171; x_wconf 88' lang='lat' dir='ltr'><em>die,</em></span> <span class='ocrx_word' id='word_1_129' title='bbox 1225 1118 1289 1175; x_wconf 79' lang='lat' dir='ltr'><em>quse</em></span> <span class='ocrx_word' id='word_1_130' title='bbox 1312 1111 1352 1159; x_wconf 88' lang='lat' dir='ltr'><em>est</em></span> <span class='ocrx_word' id='word_1_131' title='bbox 1377 1106 1459 1160; x_wconf 90' lang='lat' dir='ltr'><em>tertia</em></span> <span class='ocrx_word' id='word_1_132' title='bbox 1487 1105 1589 1159; x_wconf 74' lang='lat' dir='ltr'><em>auersis</em></span> <span class='ocrx_word' id='word_1_133' title='bbox 1616 1104 1738 1173; x_wconf 83' lang='lat' dir='ltr'><em>hupusli</em></span> <span class='ocrx_word' id='word_1_134' title='bbox 1760 1102 1825 1172; x_wconf 90' lang='lat' dir='ltr'><em>dies,</em></span> 
     </span>
     <span class='ocr_line' id='line_1_11' title="bbox 113 1190 1829 1267; baseline -0.001 -19"><span class='ocrx_word' id='word_1_135' title='bbox 113 1194 156 1248; x_wconf 91' lang='lat' dir='ltr'><em>mi</em></span> <span class='ocrx_word' id='word_1_136' title='bbox 168 1193 330 1267; x_wconf 81' lang='lat' dir='ltr'><em>auctoritate</em></span> <span class='ocrx_word' id='word_1_137' title='bbox 345 1191 440 1248; x_wconf 92' lang='lat' dir='ltr'><em>divina</em></span> <span class='ocrx_word' id='word_1_138' title='bbox 460 1194 665 1265; x_wconf 82' lang='lat' dir='ltr'><em>recepitpaucis</em></span> <span class='ocrx_word' id='word_1_139' title='bbox 688 1208 840 1248; x_wconf 89' lang='lat' dir='ltr'><em>memorare</em></span> <span class='ocrx_word' id='word_1_140' title='bbox 864 1192 938 1247; x_wconf 90' lang='lat' dir='ltr'><em>libet.</em></span> <span class='ocrx_word' id='word_1_141' title='bbox 993 1191 1065 1247; x_wconf 89' lang='lat' dir='ltr'><em>hanc</em></span> <span class='ocrx_word' id='word_1_142' title='bbox 1085 1190 1195 1257; x_wconf 75' lang='grc' dir='ltr'><strong><em>εεειεεε</em></strong></span> <span class='ocrx_word' id='word_1_143' title='bbox 1209 1191 1323 1265; x_wconf 72' lang='lat' dir='ltr'><em>defunc</em></span> <span class='ocrx_word' id='word_1_144' title='bbox 1351 1192 1508 1250; x_wconf 57' lang='lat' dir='ltr'><em>wmouum</em></span> <span class='ocrx_word' id='word_1_145' title='bbox 1534 1193 1600 1265; x_wconf 72' lang='lat' dir='ltr'><em>fecit</em></span> <span class='ocrx_word' id='word_1_146' title='bbox 1628 1191 1738 1247; x_wconf 78' lang='lat' dir='ltr'><em>Christi</em></span> <span class='ocrx_word' id='word_1_147' title='bbox 1766 1201 1829 1261; x_wconf 76' lang='lat' dir='ltr'><em>mm-</em></span> 
     </span>
     <span class='ocr_line' id='line_1_12' title="bbox 112 1267 1828 1355; baseline -0.001 -18"><span class='ocrx_word' id='word_1_148' title='bbox 112 1280 176 1338; x_wconf 84' lang='lat' dir='ltr'><em>Post</em></span> <span class='ocrx_word' id='word_1_149' title='bbox 193 1281 295 1336; x_wconf 88' lang='lat' dir='ltr'><em>multas</em></span> <span class='ocrx_word' id='word_1_150' title='bbox 318 1283 392 1336; x_wconf 77' lang='lat' dir='ltr'><em>araim</em></span> <span class='ocrx_word' id='word_1_151' title='bbox 417 1281 498 1353; x_wconf 84' lang='lat' dir='ltr'><em>hujus</em></span> <span class='ocrx_word' id='word_1_152' title='bbox 520 1281 636 1353; x_wconf 84' lang='lat' dir='ltr'><em>capituli</em></span> <span class='ocrx_word' id='word_1_153' title='bbox 659 1281 858 1349; x_wconf 89' lang='lat' dir='ltr'><em>altereationes,</em></span> <span class='ocrx_word' id='word_1_154' title='bbox 876 1280 940 1336; x_wconf 87' lang='lat' dir='ltr'><em>aliis</em></span> <span class='ocrx_word' id='word_1_155' title='bbox 991 1281 1080 1353; x_wconf 89' lang='lat' dir='ltr'><em>plum,</em></span> <span class='ocrx_word' id='word_1_156' title='bbox 1107 1288 1133 1336; x_wconf 91' lang='lat' dir='ltr'><em>et</em></span> <span class='ocrx_word' id='word_1_157' title='bbox 1156 1282 1187 1337; x_wconf 87' lang='lat' dir='ltr'><em>in</em></span> <span class='ocrx_word' id='word_1_158' title='bbox 1211 1283 1271 1354; x_wconf 91' lang='lat' dir='ltr'><em>ipsa</em></span> <span class='ocrx_word' id='word_1_159' title='bbox 1295 1282 1419 1338; x_wconf 80' lang='lat' dir='ltr'><em>Ecclesia</em></span> <span class='ocrx_word' id='word_1_160' title='bbox 1439 1282 1490 1339; x_wconf 83' lang='lat' dir='ltr'><em>luae</em></span> <span class='ocrx_word' id='word_1_161' title='bbox 1502 1284 1628 1355; x_wconf 83' lang='lat' dir='ltr'><em>primum</em></span> <span class='ocrx_word' id='word_1_162' title='bbox 1642 1267 1725 1346; x_wconf 84' lang='lat' dir='ltr'><em>sedit,</em></span> <span class='ocrx_word' id='word_1_163' title='bbox 1741 1282 1828 1336; x_wconf 89' lang='lat' dir='ltr'><em>susci·</em></span> 
     </span>
     <span class='ocr_line' id='line_1_13' title="bbox 114 1357 1827 1449; baseline -0.002 -23"><span class='ocrx_word' id='word_1_164' title='bbox 114 1370 332 1434; x_wconf 70' lang='lat' dir='ltr'><em>assentientibus,</em></span> <span class='ocrx_word' id='word_1_165' title='bbox 349 1370 414 1424; x_wconf 87' lang='lat' dir='ltr'><em>aliis</em></span> <span class='ocrx_word' id='word_1_166' title='bbox 439 1384 502 1425; x_wconf 90' lang='lat' dir='ltr'><em>vero</em></span> <span class='ocrx_word' id='word_1_167' title='bbox 526 1370 755 1441; x_wconf 81' lang='lat' dir='ltr'><em>repuqnantibus,</em></span> <span class='ocrx_word' id='word_1_168' title='bbox 776 1385 838 1424; x_wconf 90' lang='lat' dir='ltr'><em>cum</em></span> <span class='ocrx_word' id='word_1_169' title='bbox 860 1385 941 1440; x_wconf 90' lang='lat' dir='ltr'><em>super</em></span> <span class='ocrx_word' id='word_1_170' title='bbox 990 1369 1070 1441; x_wconf 83' lang='lat' dir='ltr'><em>piem</em></span> <span class='ocrx_word' id='word_1_171' title='bbox 1085 1370 1113 1449; x_wconf 79' lang='lat' dir='ltr'><em>in</em></span> <span class='ocrx_word' id='word_1_172' title='bbox 1131 1369 1231 1442; x_wconf 90' lang='lat' dir='ltr'><em>populo</em></span> <span class='ocrx_word' id='word_1_173' title='bbox 1260 1386 1353 1445; x_wconf 85' lang='lat' dir='ltr'><em>euram</em></span> <span class='ocrx_word' id='word_1_174' title='bbox 1378 1357 1405 1426; x_wconf 87' lang='lat' dir='ltr'><em>et</em></span> <span class='ocrx_word' id='word_1_175' title='bbox 1430 1370 1553 1445; x_wconf 83' lang='lat' dir='ltr'><em>repimen</em></span> <span class='ocrx_word' id='word_1_176' title='bbox 1573 1371 1723 1442; x_wconf 81' lang='lat' dir='ltr'><em>pasturis:</em></span> <span class='ocrx_word' id='word_1_177' title='bbox 1747 1385 1827 1442; x_wconf 87' lang='lat' dir='ltr'><em>quem</em></span> 
     </span>
     <span class='ocr_line' id='line_1_14' title="bbox 113 1456 1825 1533; baseline 0 -19"><span class='ocrx_word' id='word_1_178' title='bbox 113 1457 206 1515; x_wconf 89' lang='lat' dir='ltr'><em>haere</em></span> <span class='ocrx_word' id='word_1_179' title='bbox 219 1460 302 1530; x_wconf 73' lang='lat' dir='ltr'><em>[acte</em></span> <span class='ocrx_word' id='word_1_180' title='bbox 323 1457 421 1514; x_wconf 77' lang='lat' dir='ltr'><em>multae</em></span> <span class='ocrx_word' id='word_1_181' title='bbox 444 1466 532 1513; x_wconf 88' lang='lat' dir='ltr'><em>esseut</em></span> <span class='ocrx_word' id='word_1_182' title='bbox 556 1458 675 1529; x_wconf 73' lang='lat' dir='ltr'><em>litania,</em></span> <span class='ocrx_word' id='word_1_183' title='bbox 692 1462 724 1514; x_wconf 94' lang='lat' dir='ltr'><em>ut</em></span> <span class='ocrx_word' id='word_1_184' title='bbox 746 1458 795 1513; x_wconf 90' lang='lat' dir='ltr'><em>hoe</em></span> <span class='ocrx_word' id='word_1_185' title='bbox 817 1458 938 1525; x_wconf 89' lang='lat' dir='ltr'><em>verbum,</em></span> <span class='ocrx_word' id='word_1_186' title='bbox 993 1456 1046 1514; x_wconf 90' lang='lat' dir='ltr'><em>duo</em></span> <span class='ocrx_word' id='word_1_187' title='bbox 1071 1458 1220 1519; x_wconf 75' lang='lat' dir='ltr'><em>sacerdotes</em></span> <span class='ocrx_word' id='word_1_188' title='bbox 1246 1460 1305 1527; x_wconf 84' lang='lat' dir='ltr'><em>Dei,</em></span> <span class='ocrx_word' id='word_1_189' title='bbox 1323 1460 1558 1531; x_wconf 83' lang='lat' dir='ltr'><em>dustriclinianus</em></span> <span class='ocrx_word' id='word_1_190' title='bbox 1588 1462 1615 1516; x_wconf 89' lang='lat' dir='ltr'><em>et</em></span> <span class='ocrx_word' id='word_1_191' title='bbox 1646 1458 1825 1533; x_wconf 78' lang='lat' dir='ltr'><em>Alpinianus,</em></span> 
     </span>
     <span class='ocr_line' id='line_1_15' title="bbox 112 1544 1826 1623; baseline 0.001 -21"><span class='ocrx_word' id='word_1_192' title='bbox 112 1548 172 1603; x_wconf 91' lang='lat' dir='ltr'><em>nisi</em></span> <span class='ocrx_word' id='word_1_193' title='bbox 184 1547 233 1602; x_wconf 83' lang='lat' dir='ltr'><em>Dei</em></span> <span class='ocrx_word' id='word_1_194' title='bbox 247 1552 314 1620; x_wconf 80' lang='lat' dir='ltr'><em>esset</em></span> <span class='ocrx_word' id='word_1_195' title='bbox 329 1546 398 1601; x_wconf 91' lang='lat' dir='ltr'><em>bona</em></span> <span class='ocrx_word' id='word_1_196' title='bbox 415 1545 550 1617; x_wconf 73' lang='lat' dir='ltr'><em>avolantes,</em></span> <span class='ocrx_word' id='word_1_197' title='bbox 568 1548 598 1602; x_wconf 88' lang='lat' dir='ltr'><em>iu</em></span> <span class='ocrx_word' id='word_1_198' title='bbox 611 1544 755 1601; x_wconf 86' lang='lat' dir='ltr'><em>concordia</em></span> <span class='ocrx_word' id='word_1_199' title='bbox 775 1545 856 1617; x_wconf 84' lang='lat' dir='ltr'><em>hujus</em></span> <span class='ocrx_word' id='word_1_200' title='bbox 869 1545 940 1600; x_wconf 83' lang='lat' dir='ltr'><em>seclis</em></span> <span class='ocrx_word' id='word_1_201' title='bbox 993 1546 1124 1619; x_wconf 86' lang='lat' dir='ltr'><em>discipuli</em></span> <span class='ocrx_word' id='word_1_202' title='bbox 1137 1549 1205 1621; x_wconf 80' lang='lat' dir='ltr'><em>ejus,</em></span> <span class='ocrx_word' id='word_1_203' title='bbox 1221 1547 1421 1623; x_wconf 71' lang='lat' dir='ltr'><em>inthronizasse</em></span> <span class='ocrx_word' id='word_1_204' title='bbox 1430 1544 1584 1605; x_wconf 70' lang='lat' dir='ltr'><em>,aestuatur</em></span> <span class='ocrx_word' id='word_1_205' title='bbox 1599 1548 1631 1618; x_wconf 85' lang='lat' dir='ltr'><em>in</em></span> <span class='ocrx_word' id='word_1_206' title='bbox 1646 1547 1731 1620; x_wconf 73' lang='lat' dir='ltr'><em>hujus</em></span> <span class='ocrx_word' id='word_1_207' title='bbox 1747 1548 1826 1605; x_wconf 82' lang='lat' dir='ltr'><em>eccle</em></span> 
     </span>
     <span class='ocr_line' id='line_1_16' title="bbox 111 1620 1827 1712; baseline -0.002 -18"><span class='ocrx_word' id='word_1_208' title='bbox 111 1637 228 1707; x_wconf 86' lang='lat' dir='ltr'><em>minime</em></span> <span class='ocrx_word' id='word_1_209' title='bbox 255 1635 393 1701; x_wconf 88' lang='lat' dir='ltr'><em>resideret,</em></span> <span class='ocrx_word' id='word_1_210' title='bbox 408 1636 517 1692; x_wconf 76' lang='lat' dir='ltr'><em>adurenit</em></span> <span class='ocrx_word' id='word_1_211' title='bbox 544 1635 684 1709; x_wconf 81' lang='lat' dir='ltr'><em>synodalis</em></span> <span class='ocrx_word' id='word_1_212' title='bbox 708 1635 744 1691; x_wconf 90' lang='lat' dir='ltr'><em>ad</em></span> <span class='ocrx_word' id='word_1_213' title='bbox 767 1637 837 1691; x_wconf 92' lang='lat' dir='ltr'><em>hanc</em></span> <span class='ocrx_word' id='word_1_214' title='bbox 857 1636 939 1692; x_wconf 90' lang='lat' dir='ltr'><em>eccle·</em></span> <span class='ocrx_word' id='word_1_215' title='bbox 993 1636 1046 1705; x_wconf 78' lang='lat' dir='ltr'><em>siae</em></span> <span class='ocrx_word' id='word_1_216' title='bbox 1069 1622 1254 1705; x_wconf 71' lang='lat' dir='ltr'><em>cathedrata</em></span> <span class='ocrx_word' id='word_1_217' title='bbox 1278 1644 1435 1693; x_wconf 89' lang='lat' dir='ltr'><em>testamento</em></span> <span class='ocrx_word' id='word_1_218' title='bbox 1458 1620 1591 1703; x_wconf 79' lang='lat' dir='ltr'><em>vallatis,</em></span> <span class='ocrx_word' id='word_1_219' title='bbox 1608 1642 1642 1691; x_wconf 89' lang='lat' dir='ltr'><em>nt</em></span> <span class='ocrx_word' id='word_1_220' title='bbox 1655 1634 1772 1712; x_wconf 84' lang='lat' dir='ltr'><em>ubidua</em></span> <span class='ocrx_word' id='word_1_221' title='bbox 1788 1636 1827 1691; x_wconf 80' lang='grc' dir='ltr'><em>εει</em></span> 
     </span>
     <span class='ocr_line' id='line_1_17' title="bbox 111 1709 1825 1825; baseline -0.001 -43"><span class='ocrx_word' id='word_1_222' title='bbox 111 1725 182 1782; x_wconf 76' lang='lat' dir='ltr'><em>num</em></span> <span class='ocrx_word' id='word_1_223' title='bbox 196 1709 351 1792; x_wconf 80' lang='lat' dir='ltr'><em>conuentus,</em></span> <span class='ocrx_word' id='word_1_224' title='bbox 367 1725 416 1780; x_wconf 90' lang='lat' dir='ltr'><em>ubi</em></span> <span class='ocrx_word' id='word_1_225' title='bbox 430 1727 512 1781; x_wconf 86' lang='lat' dir='ltr'><em>tertia</em></span> <span class='ocrx_word' id='word_1_226' title='bbox 524 1725 568 1791; x_wconf 87' lang='lat' dir='ltr'><em>die</em></span> <span class='ocrx_word' id='word_1_227' title='bbox 585 1724 684 1798; x_wconf 75' lang='lat' dir='ltr'><em>synodi</em></span> <span class='ocrx_word' id='word_1_228' title='bbox 703 1726 793 1790; x_wconf 78' lang='lat' dir='ltr'><em>ematis</em></span> <span class='ocrx_word' id='word_1_229' title='bbox 815 1723 939 1788; x_wconf 70' lang='lat' dir='ltr'><em>suardo-</em></span> <span class='ocrx_word' id='word_1_230' title='bbox 954 1759 978 1825; x_wconf 75' lang='lat' dir='ltr'>B</span> <span class='ocrx_word' id='word_1_231' title='bbox 994 1731 1048 1780; x_wconf 89' lang='lat' dir='ltr'><em>tres</em></span> <span class='ocrx_word' id='word_1_232' title='bbox 1062 1726 1222 1802; x_wconf 83' lang='lat' dir='ltr'><em>conpreqati</em></span> <span class='ocrx_word' id='word_1_233' title='bbox 1234 1734 1321 1791; x_wconf 82' lang='lat' dir='ltr'><em>essent</em></span> <span class='ocrx_word' id='word_1_234' title='bbox 1336 1727 1367 1793; x_wconf 84' lang='lat' dir='ltr'><em>in</em></span> <span class='ocrx_word' id='word_1_235' title='bbox 1382 1727 1494 1785; x_wconf 87' lang='lat' dir='ltr'><em>narniae</em></span> <span class='ocrx_word' id='word_1_236' title='bbox 1507 1724 1673 1801; x_wconf 81' lang='lat' dir='ltr'><em>salvatoris,</em></span> <span class='ocrx_word' id='word_1_237' title='bbox 1691 1727 1723 1783; x_wconf 89' lang='lat' dir='ltr'><em>in</em></span> <span class='ocrx_word' id='word_1_238' title='bbox 1739 1724 1825 1782; x_wconf 82' lang='lat' dir='ltr'><em>metu</em></span> 
     </span>
     <span class='ocr_line' id='line_1_18' title="bbox 112 1813 1824 1893; baseline -0.002 -21"><span class='ocrx_word' id='word_1_239' title='bbox 112 1814 361 1893; x_wconf 22' lang='lat' dir='ltr'><em>tum&#39;penerulitas,</em></span> <span class='ocrx_word' id='word_1_240' title='bbox 378 1829 410 1868; x_wconf 91' lang='lat' dir='ltr'><em>ac</em></span> <span class='ocrx_word' id='word_1_241' title='bbox 423 1814 763 1889; x_wconf 72' lang='lat' dir='ltr'><em>cietqrorumclerieorum</em></span> <span class='ocrx_word' id='word_1_242' title='bbox 786 1815 938 1883; x_wconf 85' lang='lat' dir='ltr'><em>numerosi·</em></span> <span class='ocrx_word' id='word_1_243' title='bbox 992 1826 1088 1885; x_wconf 82' lang='lat' dir='ltr'><em>eorum</em></span> <span class='ocrx_word' id='word_1_244' title='bbox 1111 1813 1153 1870; x_wconf 90' lang='lat' dir='ltr'><em>ibi</em></span> <span class='ocrx_word' id='word_1_245' title='bbox 1180 1814 1313 1871; x_wconf 81' lang='lat' dir='ltr'><em>Dominus</em></span> <span class='ocrx_word' id='word_1_246' title='bbox 1340 1821 1415 1887; x_wconf 86' lang='lat' dir='ltr'><em>esset.</em></span> <span class='ocrx_word' id='word_1_247' title='bbox 1436 1815 1506 1869; x_wconf 87' lang='lat' dir='ltr'><em>Nam</em></span> <span class='ocrx_word' id='word_1_248' title='bbox 1528 1821 1554 1871; x_wconf 93' lang='lat' dir='ltr'><em>et</em></span> <span class='ocrx_word' id='word_1_249' title='bbox 1579 1813 1689 1871; x_wconf 91' lang='lat' dir='ltr'><em>beatum</em></span> <span class='ocrx_word' id='word_1_250' title='bbox 1712 1814 1824 1868; x_wconf 83' lang='lat' dir='ltr'><em>Petrum</em></span> 
     </span>
     <span class='ocr_line' id='line_1_19' title="bbox 112 1900 1824 1975; baseline -0.002 -15"><span class='ocrx_word' id='word_1_251' title='bbox 112 1912 164 1972; x_wconf 87' lang='lat' dir='ltr'><em>tas,</em></span> <span class='ocrx_word' id='word_1_252' title='bbox 179 1918 237 1975; x_wconf 86' lang='lat' dir='ltr'><em>una</em></span> <span class='ocrx_word' id='word_1_253' title='bbox 250 1901 392 1975; x_wconf 74' lang='lat' dir='ltr'><em>nobiseum</em></span> <span class='ocrx_word' id='word_1_254' title='bbox 410 1901 545 1958; x_wconf 78' lang='lat' dir='ltr'><em>nobilium</em></span> <span class='ocrx_word' id='word_1_255' title='bbox 567 1903 691 1960; x_wconf 90' lang='lat' dir='ltr'><em>virorum</em></span> <span class='ocrx_word' id='word_1_256' title='bbox 714 1906 740 1958; x_wconf 90' lang='lat' dir='ltr'><em>et</em></span> <span class='ocrx_word' id='word_1_257' title='bbox 762 1902 827 1975; x_wconf 90' lang='lat' dir='ltr'><em>leqis</em></span> <span class='ocrx_word' id='word_1_258' title='bbox 850 1901 938 1966; x_wconf 88' lang='lat' dir='ltr'><em>docto·</em></span> <span class='ocrx_word' id='word_1_259' title='bbox 994 1902 1078 1958; x_wconf 79' lang='lat' dir='ltr'><em>linces</em></span> <span class='ocrx_word' id='word_1_260' title='bbox 1092 1907 1118 1957; x_wconf 94' lang='lat' dir='ltr'><em>et</em></span> <span class='ocrx_word' id='word_1_261' title='bbox 1132 1900 1221 1959; x_wconf 86' lang='lat' dir='ltr'><em>Cletus</em></span> <span class='ocrx_word' id='word_1_262' title='bbox 1241 1900 1373 1974; x_wconf 85' lang='lat' dir='ltr'><em>discipuli</em></span> <span class='ocrx_word' id='word_1_263' title='bbox 1391 1902 1449 1975; x_wconf 83' lang='lat' dir='ltr'><em>ejus</em></span> <span class='ocrx_word' id='word_1_264' title='bbox 1460 1901 1620 1968; x_wconf 72' lang='lat' dir='ltr'><em>sacedotes,</em></span> <span class='ocrx_word' id='word_1_265' title='bbox 1637 1903 1695 1959; x_wconf 90' lang='lat' dir='ltr'><em>imo</em></span> <span class='ocrx_word' id='word_1_266' title='bbox 1708 1917 1774 1959; x_wconf 86' lang='lat' dir='ltr'><em>aum</em></span> <span class='ocrx_word' id='word_1_267' title='bbox 1787 1904 1824 1957; x_wconf 85' lang='lat' dir='ltr'><em>cis</em></span> 
     </span>
    </p>
   </div>
   <div class='ocr_carea' id='block_1_3' title="bbox 4 1988 1826 2069">
    <p class='ocr_par' dir='ltr' id='par_1_4' title="bbox 4 1988 1826 2069">
     <span class='ocr_line' id='line_1_20' title="bbox 4 1988 1826 2069; baseline -0.002 -21"><span class='ocrx_word' id='word_1_268' title='bbox 4 1993 6 1998; x_wconf 84' lang='grc'><strong>’</strong></span> <span class='ocrx_word' id='word_1_269' title='bbox 112 2009 177 2069; x_wconf 86' lang='lat' dir='ltr'><em>rum</em></span> <span class='ocrx_word' id='word_1_270' title='bbox 203 1992 334 2065; x_wconf 78' lang='lat' dir='ltr'><em>adjuncta</em></span> <span class='ocrx_word' id='word_1_271' title='bbox 360 1990 547 2061; x_wconf 88' lang='lat' dir='ltr'><em>multitudine,</em></span> <span class='ocrx_word' id='word_1_272' title='bbox 576 1991 654 2047; x_wconf 88' lang='lat' dir='ltr'><em>creda</em></span> <span class='ocrx_word' id='word_1_273' title='bbox 681 1991 734 2048; x_wconf 82' lang='lat' dir='ltr'><em>Deo</em></span> <span class='ocrx_word' id='word_1_274' title='bbox 761 1991 937 2063; x_wconf 75' lang='lat' dir='ltr'><em>qubernante</em></span> <span class='ocrx_word' id='word_1_275' title='bbox 994 1988 1066 2047; x_wconf 64' lang='lat' dir='ltr'><em>mem</em></span> <span class='ocrx_word' id='word_1_276' title='bbox 1084 1988 1179 2046; x_wconf 88' lang='lat' dir='ltr'><em>beatus</em></span> <span class='ocrx_word' id='word_1_277' title='bbox 1203 1990 1344 2049; x_wconf 87' lang='lat' dir='ltr'><em>Martialis</em></span> <span class='ocrx_word' id='word_1_278' title='bbox 1367 1989 1569 2063; x_wconf 63' lang='lat' dir='ltr'><em>munuum</em></span> <span class='ocrx_word' id='word_1_279' title='bbox 1597 1989 1725 2066; x_wconf 53' lang='lat' dir='ltr'><em>eusdem</em></span> <span class='ocrx_word' id='word_1_280' title='bbox 1755 1991 1826 2045; x_wconf 88' lang='lat' dir='ltr'><em>beati</em></span> 
     </span>
    </p>
   </div>
   <div class='ocr_carea' id='block_1_4' title="bbox 106 2067 1827 5455">
    <p class='ocr_par' dir='ltr' id='par_1_5' title="bbox 106 2067 1827 5258">
     <span class='ocr_line' id='line_1_21' title="bbox 112 2067 1823 2151; baseline -0.003 -13"><span class='ocrx_word' id='word_1_281' title='bbox 112 2097 199 2139; x_wconf 89' lang='lat' dir='ltr'><em>unum</em></span> <span class='ocrx_word' id='word_1_282' title='bbox 213 2096 260 2138; x_wconf 89' lang='lat' dir='ltr'><em>cor</em></span> <span class='ocrx_word' id='word_1_283' title='bbox 272 2087 298 2138; x_wconf 89' lang='lat' dir='ltr'><em>et</em></span> <span class='ocrx_word' id='word_1_284' title='bbox 312 2080 574 2137; x_wconf 78' lang='lat' dir='ltr'><em>suamvoluntatem</em></span> <span class='ocrx_word' id='word_1_285' title='bbox 588 2081 656 2137; x_wconf 93' lang='lat' dir='ltr'><em>hora</em></span> <span class='ocrx_word' id='word_1_286' title='bbox 669 2080 725 2136; x_wconf 88' lang='lat' dir='ltr'><em>dici</em></span> <span class='ocrx_word' id='word_1_287' title='bbox 747 2081 828 2136; x_wconf 77' lang='lat' dir='ltr'><em>urtia</em></span> <span class='ocrx_word' id='word_1_288' title='bbox 849 2070 938 2136; x_wconf 64' lang='lat' dir='ltr'><em>suscess</em></span> <span class='ocrx_word' id='word_1_289' title='bbox 993 2078 1079 2147; x_wconf 80' lang='lat' dir='ltr'><em>Petri,</em></span> <span class='ocrx_word' id='word_1_290' title='bbox 1100 2077 1173 2151; x_wconf 92' lang='lat' dir='ltr'><em>apud</em></span> <span class='ocrx_word' id='word_1_291' title='bbox 1193 2079 1315 2150; x_wconf 86' lang='lat' dir='ltr'><em>primam</em></span> <span class='ocrx_word' id='word_1_292' title='bbox 1336 2067 1487 2149; x_wconf 78' lang='lat' dir='ltr'><em>heumanni</em></span> <span class='ocrx_word' id='word_1_293' title='bbox 1513 2078 1663 2135; x_wconf 74' lang='lat' dir='ltr'><em>Erechsiam</em></span> <span class='ocrx_word' id='word_1_294' title='bbox 1687 2079 1823 2134; x_wconf 86' lang='lat' dir='ltr'><em>inthroni-</em></span> 
     </span>
     <span class='ocr_line' id='line_1_22' title="bbox 110 2166 1820 2244; baseline -0.002 -19"><span class='ocrx_word' id='word_1_295' title='bbox 110 2172 172 2244; x_wconf 89' lang='lat' dir='ltr'><em>pit,·</em></span> <span class='ocrx_word' id='word_1_296' title='bbox 185 2170 331 2243; x_wconf 79' lang='lat' dir='ltr'><em>taliterque</em></span> <span class='ocrx_word' id='word_1_297' title='bbox 346 2170 472 2226; x_wconf 90' lang='lat' dir='ltr'><em>omnibus</em></span> <span class='ocrx_word' id='word_1_298' title='bbox 487 2171 655 2242; x_wconf 84' lang='lat' dir='ltr'><em>inspiratum</em></span> <span class='ocrx_word' id='word_1_299' title='bbox 672 2175 719 2240; x_wconf 90' lang='lat' dir='ltr'><em>est,</em></span> <span class='ocrx_word' id='word_1_300' title='bbox 733 2172 765 2224; x_wconf 92' lang='lat' dir='ltr'><em>ut</em></span> <span class='ocrx_word' id='word_1_301' title='bbox 775 2169 898 2242; x_wconf 71' lang='lat' dir='ltr'><em>pacifice,</em></span> <span class='ocrx_word' id='word_1_302' title='bbox 914 2171 940 2224; x_wconf 93' lang='lat' dir='ltr'><em>et</em></span> <span class='ocrx_word' id='word_1_303' title='bbox 992 2182 1068 2223; x_wconf 85' lang='lat' dir='ltr'><em>nasse</em></span> <span class='ocrx_word' id='word_1_304' title='bbox 1081 2167 1251 2222; x_wconf 74' lang='lat' dir='ltr'><em>mudantur:</em></span> <span class='ocrx_word' id='word_1_305' title='bbox 1263 2180 1326 2240; x_wconf 76' lang='lat' dir='ltr'><em>quae</em></span> <span class='ocrx_word' id='word_1_306' title='bbox 1348 2166 1461 2224; x_wconf 68' lang='lat' dir='ltr'><em>ecclesa</em></span> <span class='ocrx_word' id='word_1_307' title='bbox 1481 2168 1584 2239; x_wconf 88' lang='lat' dir='ltr'><em>prima,</em></span> <span class='ocrx_word' id='word_1_308' title='bbox 1600 2175 1632 2223; x_wconf 92' lang='lat' dir='ltr'><em>ut</em></span> <span class='ocrx_word' id='word_1_309' title='bbox 1645 2166 1764 2239; x_wconf 90' lang='lat' dir='ltr'><em>quidam</em></span> <span class='ocrx_word' id='word_1_310' title='bbox 1781 2166 1820 2222; x_wconf 85' lang='lat' dir='ltr'><em>di·</em></span> 
     </span>
     <span class='ocr_line' id='line_1_23' title="bbox 114 2254 1824 2333; baseline -0.002 -19"><span class='ocrx_word' id='word_1_311' title='bbox 114 2259 240 2333; x_wconf 81' lang='lat' dir='ltr'><em>libenter,</em></span> <span class='ocrx_word' id='word_1_312' title='bbox 256 2265 336 2330; x_wconf 90' lang='lat' dir='ltr'><em>utque</em></span> <span class='ocrx_word' id='word_1_313' title='bbox 348 2258 515 2324; x_wconf 88' lang='lat' dir='ltr'><em>voluntarie,</em></span> <span class='ocrx_word' id='word_1_314' title='bbox 531 2258 601 2314; x_wconf 92' lang='lat' dir='ltr'><em>bona</em></span> <span class='ocrx_word' id='word_1_315' title='bbox 624 2258 786 2323; x_wconf 89' lang='lat' dir='ltr'><em>obedientia,</em></span> <span class='ocrx_word' id='word_1_316' title='bbox 803 2257 862 2315; x_wconf 75' lang='lat' dir='ltr'><em>luae</em></span> <span class='ocrx_word' id='word_1_317' title='bbox 877 2273 939 2312; x_wconf 90' lang='lat' dir='ltr'><em>sus·</em></span> <span class='ocrx_word' id='word_1_318' title='bbox 992 2264 1067 2321; x_wconf 89' lang='lat' dir='ltr'><em>eunt,</em></span> <span class='ocrx_word' id='word_1_319' title='bbox 1083 2265 1123 2312; x_wconf 91' lang='lat' dir='ltr'><em>est</em></span> <span class='ocrx_word' id='word_1_320' title='bbox 1147 2255 1221 2333; x_wconf 88' lang='lat' dir='ltr'><em>apud</em></span> <span class='ocrx_word' id='word_1_321' title='bbox 1250 2256 1364 2324; x_wconf 87' lang='lat' dir='ltr'><em>titulum</em></span> <span class='ocrx_word' id='word_1_322' title='bbox 1385 2258 1434 2329; x_wconf 89' lang='lat' dir='ltr'><em>qui</em></span> <span class='ocrx_word' id='word_1_323' title='bbox 1455 2264 1568 2312; x_wconf 78' lang='lat' dir='ltr'><em>vocatia</em></span> <span class='ocrx_word' id='word_1_324' title='bbox 1592 2254 1635 2312; x_wconf 79' lang='lat' dir='ltr'><em>Ad</em></span> <span class='ocrx_word' id='word_1_325' title='bbox 1643 2257 1783 2330; x_wconf 87' lang='lat' dir='ltr'><em>primum,</em></span> <span class='ocrx_word' id='word_1_326' title='bbox 1798 2263 1824 2311; x_wconf 85' lang='lat' dir='ltr'><em>et</em></span> 
     </span>
     <span class='ocr_line' id='line_1_24' title="bbox 113 2343 1822 2418; baseline -0.001 -16"><span class='ocrx_word' id='word_1_327' title='bbox 113 2347 251 2418; x_wconf 76' lang='lat' dir='ltr'><em>ciperetur</em></span> <span class='ocrx_word' id='word_1_328' title='bbox 269 2344 305 2401; x_wconf 92' lang='lat' dir='ltr'><em>ab</em></span> <span class='ocrx_word' id='word_1_329' title='bbox 328 2345 454 2418; x_wconf 80' lang='lat' dir='ltr'><em>omnibus</em></span> <span class='ocrx_word' id='word_1_330' title='bbox 476 2347 622 2412; x_wconf 88' lang='lat' dir='ltr'><em>sententia,</em></span> <span class='ocrx_word' id='word_1_331' title='bbox 638 2346 815 2418; x_wconf 83' lang='lat' dir='ltr'><em>deincepsque</em></span> <span class='ocrx_word' id='word_1_332' title='bbox 838 2347 938 2415; x_wconf 89' lang='lat' dir='ltr'><em>immu·</em></span> <span class='ocrx_word' id='word_1_333' title='bbox 992 2351 1032 2400; x_wconf 89' lang='lat' dir='ltr'><em>est</em></span> <span class='ocrx_word' id='word_1_334' title='bbox 1046 2345 1076 2400; x_wconf 89' lang='lat' dir='ltr'><em>in</em></span> <span class='ocrx_word' id='word_1_335' title='bbox 1090 2343 1191 2401; x_wconf 90' lang='lat' dir='ltr'><em>honore</em></span> <span class='ocrx_word' id='word_1_336' title='bbox 1205 2343 1297 2407; x_wconf 71' lang='lat' dir='ltr'><em>lenta</em></span> <span class='ocrx_word' id='word_1_337' title='bbox 1310 2343 1445 2417; x_wconf 89' lang='lat' dir='ltr'><em>Stephani</em></span> <span class='ocrx_word' id='word_1_338' title='bbox 1454 2345 1543 2417; x_wconf 91' lang='lat' dir='ltr'><em>primi</em></span> <span class='ocrx_word' id='word_1_339' title='bbox 1555 2346 1714 2417; x_wconf 73' lang='lat' dir='ltr'><em>martyris,·</em></span> <span class='ocrx_word' id='word_1_340' title='bbox 1727 2354 1759 2401; x_wconf 90' lang='lat' dir='ltr'><em>ut</em></span> <span class='ocrx_word' id='word_1_341' title='bbox 1769 2345 1822 2400; x_wconf 87' lang='lat' dir='ltr'><em>alii</em></span> 
     </span>
     <span class='ocr_line' id='line_1_25' title="bbox 114 2432 1824 2512; baseline -0.002 -20"><span class='ocrx_word' id='word_1_342' title='bbox 114 2433 237 2492; x_wconf 85' lang='lat' dir='ltr'><em>labiliter</em></span> <span class='ocrx_word' id='word_1_343' title='bbox 248 2448 299 2500; x_wconf 86' lang='lat' dir='ltr'><em>per</em></span> <span class='ocrx_word' id='word_1_344' title='bbox 313 2440 434 2491; x_wconf 90' lang='lat' dir='ltr'><em>nostram</em></span> <span class='ocrx_word' id='word_1_345' title='bbox 457 2434 584 2490; x_wconf 71' lang='lat' dir='ltr'><em>dioecesin</em></span> <span class='ocrx_word' id='word_1_346' title='bbox 610 2434 808 2490; x_wconf 79' lang='lat' dir='ltr'><em>observaretur.</em></span> <span class='ocrx_word' id='word_1_347' title='bbox 827 2436 860 2490; x_wconf 84' lang='lat' dir='ltr'><em>at</em></span> <span class='ocrx_word' id='word_1_348' title='bbox 874 2433 939 2489; x_wconf 90' lang='lat' dir='ltr'><em>bene</em></span> <span class='ocrx_word' id='word_1_349' title='bbox 993 2440 1083 2490; x_wconf 91' lang='lat' dir='ltr'><em>autem</em></span> <span class='ocrx_word' id='word_1_350' title='bbox 1096 2436 1200 2506; x_wconf 77' lang='lat' dir='ltr'><em>serunt,</em></span> <span class='ocrx_word' id='word_1_351' title='bbox 1215 2442 1254 2512; x_wconf 88' lang='lat' dir='ltr'><em>est</em></span> <span class='ocrx_word' id='word_1_352' title='bbox 1275 2432 1349 2505; x_wconf 89' lang='lat' dir='ltr'><em>apud</em></span> <span class='ocrx_word' id='word_1_353' title='bbox 1371 2434 1524 2503; x_wconf 80' lang='lat' dir='ltr'><em>lateranis,</em></span> <span class='ocrx_word' id='word_1_354' title='bbox 1537 2435 1604 2507; x_wconf 90' lang='lat' dir='ltr'><em>quia</em></span> <span class='ocrx_word' id='word_1_355' title='bbox 1632 2435 1675 2489; x_wconf 89' lang='lat' dir='ltr'><em>ibi</em></span> <span class='ocrx_word' id='word_1_356' title='bbox 1697 2437 1824 2506; x_wconf 88' lang='lat' dir='ltr'><em>patriar·</em></span> 
     </span>
     <span class='ocr_line' id='line_1_26' title="bbox 110 2520 1823 2599; baseline 0.001 -21"><span class='ocrx_word' id='word_1_357' title='bbox 110 2522 220 2596; x_wconf 86' lang='lat' dir='ltr'><em>placuit</em></span> <span class='ocrx_word' id='word_1_358' title='bbox 229 2520 357 2599; x_wconf 81' lang='lat' dir='ltr'><em>omnibus</em></span> <span class='ocrx_word' id='word_1_359' title='bbox 368 2522 490 2595; x_wconf 88' lang='lat' dir='ltr'><em>qualiter</em></span> <span class='ocrx_word' id='word_1_360' title='bbox 511 2523 582 2578; x_wconf 89' lang='lat' dir='ltr'><em>hanc</em></span> <span class='ocrx_word' id='word_1_361' title='bbox 605 2524 657 2579; x_wconf 82' lang='lat' dir='ltr'><em>Dea</em></span> <span class='ocrx_word' id='word_1_362' title='bbox 683 2523 879 2595; x_wconf 86' lang='lat' dir='ltr'><em>beneplacitum</em></span> <span class='ocrx_word' id='word_1_363' title='bbox 893 2538 938 2577; x_wconf 91' lang='lat' dir='ltr'><em>vu·</em></span> <span class='ocrx_word' id='word_1_364' title='bbox 991 2523 1086 2579; x_wconf 90' lang='lat' dir='ltr'><em>chium</em></span> <span class='ocrx_word' id='word_1_365' title='bbox 1098 2530 1148 2579; x_wconf 90' lang='lat' dir='ltr'><em>est.</em></span> <span class='ocrx_word' id='word_1_366' title='bbox 1164 2523 1256 2579; x_wconf 84' lang='lat' dir='ltr'><em>dltera</em></span> <span class='ocrx_word' id='word_1_367' title='bbox 1269 2538 1333 2594; x_wconf 83' lang='lat' dir='ltr'><em>erqo</em></span> <span class='ocrx_word' id='word_1_368' title='bbox 1351 2521 1407 2588; x_wconf 86' lang='lat' dir='ltr'><em>die,</em></span> <span class='ocrx_word' id='word_1_369' title='bbox 1423 2537 1486 2596; x_wconf 82' lang='lat' dir='ltr'><em>quac</em></span> <span class='ocrx_word' id='word_1_370' title='bbox 1500 2529 1538 2579; x_wconf 89' lang='lat' dir='ltr'><em>est</em></span> <span class='ocrx_word' id='word_1_371' title='bbox 1550 2530 1611 2595; x_wconf 86' lang='lat' dir='ltr'><em>pust</em></span> <span class='ocrx_word' id='word_1_372' title='bbox 1624 2521 1823 2583; x_wconf 81' lang='lat' dir='ltr'><em>dedicationem</em></span> 
     </span>
     <span class='ocr_line' id='line_1_27' title="bbox 114 2610 1824 2686; baseline 0 -19"><span class='ocrx_word' id='word_1_373' title='bbox 114 2610 248 2667; x_wconf 90' lang='lat' dir='ltr'><em>luntatcm</em></span> <span class='ocrx_word' id='word_1_374' title='bbox 275 2612 468 2684; x_wconf 80' lang='lat' dir='ltr'><em>acciperemus,</em></span> <span class='ocrx_word' id='word_1_375' title='bbox 494 2619 534 2679; x_wconf 94' lang='lat' dir='ltr'><em>ut,</em></span> <span class='ocrx_word' id='word_1_376' title='bbox 558 2610 787 2684; x_wconf 79' lang='lat' dir='ltr'><em>quemadmodum</em></span> <span class='ocrx_word' id='word_1_377' title='bbox 811 2611 937 2681; x_wconf 84' lang='lat' dir='ltr'><em>multitu-</em></span> <span class='ocrx_word' id='word_1_378' title='bbox 992 2610 1074 2685; x_wconf 75' lang='lat' dir='ltr'><em>thus</em></span> <span class='ocrx_word' id='word_1_379' title='bbox 1087 2619 1268 2674; x_wconf 75' lang='lat' dir='ltr'><em>sacrasanctae</em></span> <span class='ocrx_word' id='word_1_380' title='bbox 1283 2612 1417 2679; x_wconf 66' lang='lat' dir='ltr'><em>basilice,</em></span> <span class='ocrx_word' id='word_1_381' title='bbox 1426 2612 1484 2668; x_wconf 87' lang='lat' dir='ltr'><em>siue</em></span> <span class='ocrx_word' id='word_1_382' title='bbox 1493 2612 1679 2673; x_wconf 84' lang='lat' dir='ltr'><em>inventionem</em></span> <span class='ocrx_word' id='word_1_383' title='bbox 1693 2611 1824 2686; x_wconf 82' lang='lat' dir='ltr'><em>reliquia·</em></span> 
     </span>
     <span class='ocr_line' id='line_1_28' title="bbox 112 2699 1824 2774; baseline 0 -19"><span class='ocrx_word' id='word_1_384' title='bbox 112 2699 174 2756; x_wconf 91' lang='lat' dir='ltr'><em>diui</em></span> <span class='ocrx_word' id='word_1_385' title='bbox 187 2701 295 2756; x_wconf 88' lang='lat' dir='ltr'><em>novitas</em></span> <span class='ocrx_word' id='word_1_386' title='bbox 308 2699 461 2771; x_wconf 86' lang='lat' dir='ltr'><em>videbatur,</em></span> <span class='ocrx_word' id='word_1_387' title='bbox 478 2702 517 2756; x_wconf 88' lang='lat' dir='ltr'><em>ita</em></span> <span class='ocrx_word' id='word_1_388' title='bbox 531 2705 627 2757; x_wconf 78' lang='lat' dir='ltr'><em>coruru</em></span> <span class='ocrx_word' id='word_1_389' title='bbox 639 2702 710 2757; x_wconf 90' lang='lat' dir='ltr'><em>hanc</em></span> <span class='ocrx_word' id='word_1_390' title='bbox 723 2702 811 2769; x_wconf 83' lang='lat' dir='ltr'><em>altera</em></span> <span class='ocrx_word' id='word_1_391' title='bbox 829 2699 939 2774; x_wconf 87' lang='lat' dir='ltr'><em>quidem</em></span> <span class='ocrx_word' id='word_1_392' title='bbox 992 2715 1055 2756; x_wconf 86' lang='lat' dir='ltr'><em>rum</em></span> <span class='ocrx_word' id='word_1_393' title='bbox 1081 2701 1291 2772; x_wconf 76' lang='lat' dir='ltr'><em>protomartyris</em></span> <span class='ocrx_word' id='word_1_394' title='bbox 1319 2699 1461 2773; x_wconf 74' lang='lat' dir='ltr'><em>Stephani,</em></span> <span class='ocrx_word' id='word_1_395' title='bbox 1483 2700 1628 2759; x_wconf 85' lang='lat' dir='ltr'><em>translatio</em></span> <span class='ocrx_word' id='word_1_396' title='bbox 1651 2702 1768 2772; x_wconf 75' lang='lat' dir='ltr'><em>aarum</em></span> <span class='ocrx_word' id='word_1_397' title='bbox 1790 2699 1824 2755; x_wconf 91' lang='lat' dir='ltr'><em>ud</em></span> 
     </span>
     <span class='ocr_line' id='line_1_29' title="bbox 113 2787 1824 2861; baseline 0 -17"><span class='ocrx_word' id='word_1_398' title='bbox 113 2804 154 2845; x_wconf 88' lang='lat' dir='ltr'><em>res</em></span> <span class='ocrx_word' id='word_1_399' title='bbox 171 2804 252 2858; x_wconf 70' lang='lat' dir='ltr'><em>noua</em></span> <span class='ocrx_word' id='word_1_400' title='bbox 268 2788 314 2844; x_wconf 88' lang='lat' dir='ltr'><em>sed</em></span> <span class='ocrx_word' id='word_1_401' title='bbox 335 2791 483 2861; x_wconf 75' lang='lat' dir='ltr'><em>mapnitica</em></span> <span class='ocrx_word' id='word_1_402' title='bbox 505 2796 531 2847; x_wconf 89' lang='grc' dir='ltr'><em>ει</em></span> <span class='ocrx_word' id='word_1_403' title='bbox 550 2790 678 2861; x_wconf 84' lang='lat' dir='ltr'><em>ploriasa,</em></span> <span class='ocrx_word' id='word_1_404' title='bbox 694 2789 823 2845; x_wconf 87' lang='lat' dir='ltr'><em>adversus</em></span> <span class='ocrx_word' id='word_1_405' title='bbox 846 2804 938 2845; x_wconf 90' lang='lat' dir='ltr'><em>omnes</em></span> <span class='ocrx_word' id='word_1_406' title='bbox 992 2804 1070 2844; x_wconf 90' lang='lat' dir='ltr'><em>suam</em></span> <span class='ocrx_word' id='word_1_407' title='bbox 1085 2788 1184 2855; x_wconf 87' lang='lat' dir='ltr'><em>sedem,</em></span> <span class='ocrx_word' id='word_1_408' title='bbox 1199 2791 1255 2845; x_wconf 88' lang='lat' dir='ltr'><em>siue</em></span> <span class='ocrx_word' id='word_1_409' title='bbox 1268 2789 1403 2859; x_wconf 75' lang='lat' dir='ltr'><em>festivitas</em></span> <span class='ocrx_word' id='word_1_410' title='bbox 1421 2787 1558 2845; x_wconf 70' lang='lat' dir='ltr'><em>camedrae</em></span> <span class='ocrx_word' id='word_1_411' title='bbox 1571 2789 1639 2861; x_wconf 79' lang='lat' dir='ltr'><em>ejus,</em></span> <span class='ocrx_word' id='word_1_412' title='bbox 1654 2804 1692 2844; x_wconf 79' lang='lat' dir='ltr'><em>ca</em></span> <span class='ocrx_word' id='word_1_413' title='bbox 1713 2804 1743 2846; x_wconf 90' lang='lat' dir='ltr'><em>eo</em></span> <span class='ocrx_word' id='word_1_414' title='bbox 1759 2793 1824 2844; x_wconf 83' lang='lat' dir='ltr'><em>lum·</em></span> 
     </span>
     <span class='ocr_line' id='line_1_30' title="bbox 113 2876 1820 2955; baseline -0.001 -23"><span class='ocrx_word' id='word_1_415' title='bbox 113 2877 229 2955; x_wconf 68' lang='lat' dir='ltr'><em>emulos</em></span> <span class='ocrx_word' id='word_1_416' title='bbox 260 2877 478 2953; x_wconf 65' lang='lat' dir='ltr'><em>coadunaretur.</em></span> <span class='ocrx_word' id='word_1_417' title='bbox 508 2880 658 2951; x_wconf 82' lang='lat' dir='ltr'><em>dqqrepato</em></span> <span class='ocrx_word' id='word_1_418' title='bbox 692 2881 784 2951; x_wconf 89' lang='lat' dir='ltr'><em>itaque</em></span> <span class='ocrx_word' id='word_1_419' title='bbox 817 2879 938 2934; x_wconf 75' lang='lat' dir='ltr'><em>marimo</em></span> <span class='ocrx_word' id='word_1_420' title='bbox 990 2877 1201 2949; x_wconf 89' lang='lat' dir='ltr'><em>parecelebrari</em></span> <span class='ocrx_word' id='word_1_421' title='bbox 1213 2877 1294 2933; x_wconf 88' lang='lat' dir='ltr'><em>solita</em></span> <span class='ocrx_word' id='word_1_422' title='bbox 1308 2885 1348 2933; x_wconf 90' lang='lat' dir='ltr'><em>est</em></span> <span class='ocrx_word' id='word_1_423' title='bbox 1362 2877 1393 2933; x_wconf 91' lang='lat' dir='ltr'><em>in</em></span> <span class='ocrx_word' id='word_1_424' title='bbox 1408 2876 1564 2933; x_wconf 75' lang='lat' dir='ltr'><em>baccaulum</em></span> <span class='ocrx_word' id='word_1_425' title='bbox 1577 2884 1674 2932; x_wconf 87' lang='lat' dir='ltr'><em>sanctu</em></span> <span class='ocrx_word' id='word_1_426' title='bbox 1697 2877 1820 2939; x_wconf 81' lang='lat' dir='ltr'><em>Leuwai-</em></span> 
     </span>
     <span class='ocr_line' id='line_1_31' title="bbox 114 2964 1822 3044; baseline -0.001 -22"><span class='ocrx_word' id='word_1_427' title='bbox 114 2965 277 3040; x_wconf 87' lang='lat' dir='ltr'><em>papulorum</em></span> <span class='ocrx_word' id='word_1_428' title='bbox 303 2971 446 3032; x_wconf 75' lang='lat' dir='ltr'><em>concreata,</em></span> <span class='ocrx_word' id='word_1_429' title='bbox 470 2969 688 3024; x_wconf 87' lang='lat' dir='ltr'><em>sacratissimum</em></span> <span class='ocrx_word' id='word_1_430' title='bbox 711 2983 806 3039; x_wconf 90' lang='lat' dir='ltr'><em>corpus</em></span> <span class='ocrx_word' id='word_1_431' title='bbox 826 2967 940 3038; x_wconf 86' lang='lat' dir='ltr'><em>patroni</em></span> <span class='ocrx_word' id='word_1_432' title='bbox 992 2967 1068 3027; x_wconf 83' lang='lat' dir='ltr'><em>aeusi</em></span> <span class='ocrx_word' id='word_1_433' title='bbox 1080 2966 1202 3023; x_wconf 89' lang='lat' dir='ltr'><em>ecclesia.</em></span> <span class='ocrx_word' id='word_1_434' title='bbox 1219 2964 1317 3044; x_wconf 81' lang='lat' dir='ltr'><em>¹Eodem</em></span> <span class='ocrx_word' id='word_1_435' title='bbox 1331 2982 1393 3023; x_wconf 87' lang='lat' dir='ltr'><em>vero</em></span> <span class='ocrx_word' id='word_1_436' title='bbox 1407 2967 1462 3033; x_wconf 86' lang='lat' dir='ltr'><em>die,</em></span> <span class='ocrx_word' id='word_1_437' title='bbox 1475 2966 1670 3026; x_wconf 81' lang='lat' dir='ltr'><em>consumnralis</em></span> <span class='ocrx_word' id='word_1_438' title='bbox 1687 2980 1752 3021; x_wconf 78' lang='lat' dir='ltr'><em>aum</em></span> <span class='ocrx_word' id='word_1_439' title='bbox 1772 2967 1822 3021; x_wconf 87' lang='lat' dir='ltr'><em>tri·</em></span> 
     </span>
     <span class='ocr_line' id='line_1_32' title="bbox 113 3055 1822 3129; baseline -0.001 -19"><span class='ocrx_word' id='word_1_440' title='bbox 113 3071 132 3110; x_wconf 90' lang='lat' dir='ltr'><em>a</em></span> <span class='ocrx_word' id='word_1_441' title='bbox 145 3070 193 3129; x_wconf 82' lang='lat' dir='ltr'><em>suo</em></span> <span class='ocrx_word' id='word_1_442' title='bbox 206 3055 357 3112; x_wconf 81' lang='lat' dir='ltr'><em>locavimus</em></span> <span class='ocrx_word' id='word_1_443' title='bbox 369 3056 485 3127; x_wconf 88' lang='lat' dir='ltr'><em>tumulo,</em></span> <span class='ocrx_word' id='word_1_444' title='bbox 501 3064 526 3112; x_wconf 93' lang='lat' dir='ltr'><em>ct</em></span> <span class='ocrx_word' id='word_1_445' title='bbox 537 3057 664 3129; x_wconf 89' lang='lat' dir='ltr'><em>piissimo</em></span> <span class='ocrx_word' id='word_1_446' title='bbox 679 3056 805 3128; x_wconf 88' lang='lat' dir='ltr'><em>obsequio</em></span> <span class='ocrx_word' id='word_1_447' title='bbox 818 3063 939 3111; x_wconf 88' lang='lat' dir='ltr'><em>transtu·</em></span> <span class='ocrx_word' id='word_1_448' title='bbox 991 3055 1075 3126; x_wconf 86' lang='lat' dir='ltr'><em>padio</em></span> <span class='ocrx_word' id='word_1_449' title='bbox 1089 3056 1239 3129; x_wconf 77' lang='lat' dir='ltr'><em>mysteriis,</em></span> <span class='ocrx_word' id='word_1_450' title='bbox 1255 3062 1281 3111; x_wconf 91' lang='grc' dir='ltr'><em>ει</em></span> <span class='ocrx_word' id='word_1_451' title='bbox 1294 3055 1327 3111; x_wconf 90' lang='lat' dir='ltr'><em>de</em></span> <span class='ocrx_word' id='word_1_452' title='bbox 1340 3055 1487 3128; x_wconf 89' lang='lat' dir='ltr'><em>apostolica</em></span> <span class='ocrx_word' id='word_1_453' title='bbox 1504 3056 1762 3125; x_wconf 76' lang='lat' dir='ltr'><em>commensuratione</em></span> <span class='ocrx_word' id='word_1_454' title='bbox 1778 3057 1822 3110; x_wconf 91' lang='lat' dir='ltr'><em>in·</em></span> 
     </span>
     <span class='ocr_line' id='line_1_33' title="bbox 113 3128 1822 3219; baseline -0.001 -20"><span class='ocrx_word' id='word_1_455' title='bbox 113 3142 197 3200; x_wconf 86' lang='lat' dir='ltr'><em>limus</em></span> <span class='ocrx_word' id='word_1_456' title='bbox 220 3160 304 3218; x_wconf 90' lang='lat' dir='ltr'><em>svper</em></span> <span class='ocrx_word' id='word_1_457' title='bbox 324 3144 373 3201; x_wconf 92' lang='lat' dir='ltr'><em>hac</em></span> <span class='ocrx_word' id='word_1_458' title='bbox 396 3149 520 3201; x_wconf 89' lang='lat' dir='ltr'><em>sunctum</em></span> <span class='ocrx_word' id='word_1_459' title='bbox 544 3145 643 3217; x_wconf 88' lang='lat' dir='ltr'><em>altare,</em></span> <span class='ocrx_word' id='word_1_460' title='bbox 659 3145 729 3219; x_wconf 91' lang='lat' dir='ltr'><em>quod</em></span> <span class='ocrx_word' id='word_1_461' title='bbox 752 3147 783 3200; x_wconf 88' lang='lat' dir='ltr'><em>in</em></span> <span class='ocrx_word' id='word_1_462' title='bbox 802 3128 974 3215; x_wconf 78' lang='lat' dir='ltr'><em>honoremC</em></span> <span class='ocrx_word' id='word_1_463' title='bbox 990 3144 1085 3200; x_wconf 78' lang='lat' dir='ltr'><em>uituta</em></span> <span class='ocrx_word' id='word_1_464' title='bbox 1098 3143 1231 3216; x_wconf 68' lang='lat' dir='ltr'><em>[aderato</em></span> <span class='ocrx_word' id='word_1_465' title='bbox 1244 3159 1307 3199; x_wconf 88' lang='lat' dir='ltr'><em>cum</em></span> <span class='ocrx_word' id='word_1_466' title='bbox 1319 3160 1387 3216; x_wconf 90' lang='lat' dir='ltr'><em>paee</em></span> <span class='ocrx_word' id='word_1_467' title='bbox 1401 3145 1475 3200; x_wconf 88' lang='lat' dir='ltr'><em>inter</em></span> <span class='ocrx_word' id='word_1_468' title='bbox 1495 3160 1523 3200; x_wconf 91' lang='lat' dir='ltr'><em>se</em></span> <span class='ocrx_word' id='word_1_469' title='bbox 1548 3145 1679 3200; x_wconf 84' lang='lat' dir='ltr'><em>universo</em></span> <span class='ocrx_word' id='word_1_470' title='bbox 1703 3143 1777 3199; x_wconf 89' lang='lat' dir='ltr'><em>clero</em></span> <span class='ocrx_word' id='word_1_471' title='bbox 1797 3147 1822 3199; x_wconf 90' lang='lat' dir='ltr'><em>et</em></span> 
     </span>
     <span class='ocr_line' id='line_1_34' title="bbox 109 3222 1821 3307; baseline -0.001 -19"><span class='ocrx_word' id='word_1_472' title='bbox 109 3235 323 3307; x_wconf 75' lang='lat' dir='ltr'><em>protomartyris</em></span> <span class='ocrx_word' id='word_1_473' title='bbox 346 3233 478 3306; x_wconf 86' lang='lat' dir='ltr'><em>Stephani</em></span> <span class='ocrx_word' id='word_1_474' title='bbox 499 3235 558 3305; x_wconf 89' lang='lat' dir='ltr'><em>ipse</em></span> <span class='ocrx_word' id='word_1_475' title='bbox 577 3236 753 3290; x_wconf 88' lang='lat' dir='ltr'><em>consecravit.</em></span> <span class='ocrx_word' id='word_1_476' title='bbox 771 3235 852 3290; x_wconf 79' lang='lat' dir='ltr'><em>Facta</em></span> <span class='ocrx_word' id='word_1_477' title='bbox 873 3237 937 3290; x_wconf 89' lang='lat' dir='ltr'><em>sunt</em></span> <span class='ocrx_word' id='word_1_478' title='bbox 988 3232 1100 3305; x_wconf 90' lang='lat' dir='ltr'><em>populo,</em></span> <span class='ocrx_word' id='word_1_479' title='bbox 1120 3222 1339 3303; x_wconf 76' lang='lat' dir='ltr'><em>sacratissimum</em></span> <span class='ocrx_word' id='word_1_480' title='bbox 1359 3232 1472 3305; x_wconf 85' lang='lat' dir='ltr'><em>patroni</em></span> <span class='ocrx_word' id='word_1_481' title='bbox 1493 3247 1590 3306; x_wconf 78' lang='lat' dir='ltr'><em>corpeus</em></span> <span class='ocrx_word' id='word_1_482' title='bbox 1617 3231 1654 3288; x_wconf 93' lang='lat' dir='ltr'><em>ad</em></span> <span class='ocrx_word' id='word_1_483' title='bbox 1676 3234 1821 3304; x_wconf 86' lang='lat' dir='ltr'><em>proprium</em></span> 
     </span>
     <span class='ocr_line' id='line_1_35' title="bbox 111 3320 1822 3397; baseline -0.002 -18"><span class='ocrx_word' id='word_1_484' title='bbox 111 3320 171 3379; x_wconf 68' lang='lat' dir='ltr'><em>hese</em></span> <span class='ocrx_word' id='word_1_485' title='bbox 184 3322 327 3378; x_wconf 75' lang='lat' dir='ltr'><em>dominica</em></span> <span class='ocrx_word' id='word_1_486' title='bbox 341 3324 556 3379; x_wconf 76' lang='lat' dir='ltr'><em>hesnmectionis</em></span> <span class='ocrx_word' id='word_1_487' title='bbox 569 3323 613 3378; x_wconf 92' lang='lat' dir='ltr'><em>dle</em></span> <span class='ocrx_word' id='word_1_488' title='bbox 628 3323 694 3395; x_wconf 85' lang='lat'><em>(10),</em></span> <span class='ocrx_word' id='word_1_489' title='bbox 710 3324 742 3378; x_wconf 92' lang='lat' dir='ltr'><em>in</em></span> <span class='ocrx_word' id='word_1_490' title='bbox 756 3325 817 3397; x_wconf 87' lang='lat' dir='ltr'><em>ipsu</em></span> <span class='ocrx_word' id='word_1_491' title='bbox 839 3322 937 3379; x_wconf 91' lang='lat' dir='ltr'><em>solem-</em></span> <span class='ocrx_word' id='word_1_492' title='bbox 990 3321 1138 3386; x_wconf 84' lang='lat' dir='ltr'><em>retulimus</em></span> <span class='ocrx_word' id='word_1_493' title='bbox 1161 3330 1378 3378; x_wconf 91' lang='lat' dir='ltr'><em>monumentum.</em></span> <span class='ocrx_word' id='word_1_494' title='bbox 1398 3322 1544 3377; x_wconf 84' lang='lat' dir='ltr'><em>Posuimus</em></span> <span class='ocrx_word' id='word_1_495' title='bbox 1558 3328 1660 3377; x_wconf 88' lang='lat' dir='ltr'><em>autem</em></span> <span class='ocrx_word' id='word_1_496' title='bbox 1682 3321 1733 3377; x_wconf 88' lang='lat' dir='ltr'><em>sub</em></span> <span class='ocrx_word' id='word_1_497' title='bbox 1756 3339 1822 3377; x_wconf 77' lang='lat' dir='ltr'><em>una</em></span> 
     </span>
     <span class='ocr_line' id='line_1_36' title="bbox 110 3409 1821 3485; baseline -0.001 -18"><span class='ocrx_word' id='word_1_498' title='bbox 110 3411 198 3468; x_wconf 80' lang='grc' dir='ltr'><strong><em>εἰιειε</em></strong></span> <span class='ocrx_word' id='word_1_499' title='bbox 211 3412 378 3485; x_wconf 86' lang='lat' dir='ltr'><em>inuentionis</em></span> <span class='ocrx_word' id='word_1_500' title='bbox 393 3413 514 3483; x_wconf 89' lang='lat' dir='ltr'><em>eorporis</em></span> <span class='ocrx_word' id='word_1_501' title='bbox 535 3413 606 3468; x_wconf 89' lang='lat' dir='ltr'><em>beati</em></span> <span class='ocrx_word' id='word_1_502' title='bbox 628 3412 769 3484; x_wconf 78' lang='lat' dir='ltr'><em>Stephani,</em></span> <span class='ocrx_word' id='word_1_503' title='bbox 785 3420 865 3485; x_wconf 89' lang='lat' dir='ltr'><em>utque</em></span> <span class='ocrx_word' id='word_1_504' title='bbox 884 3413 937 3467; x_wconf 92' lang='lat' dir='ltr'><em>hu·</em></span> <span class='ocrx_word' id='word_1_505' title='bbox 991 3410 1107 3468; x_wconf 72' lang='lat' dir='ltr'><em>hemula</em></span> <span class='ocrx_word' id='word_1_506' title='bbox 1120 3426 1164 3466; x_wconf 90' lang='lat' dir='ltr'><em>eos</em></span> <span class='ocrx_word' id='word_1_507' title='bbox 1177 3411 1226 3483; x_wconf 89' lang='lat' dir='ltr'><em>qui</em></span> <span class='ocrx_word' id='word_1_508' title='bbox 1239 3410 1270 3465; x_wconf 94' lang='lat' dir='ltr'><em>in</em></span> <span class='ocrx_word' id='word_1_509' title='bbox 1283 3418 1374 3466; x_wconf 88' lang='lat' dir='ltr'><em>nostru</em></span> <span class='ocrx_word' id='word_1_510' title='bbox 1398 3409 1508 3466; x_wconf 81' lang='lat' dir='ltr'><em>diecesi</em></span> <span class='ocrx_word' id='word_1_511' title='bbox 1535 3409 1654 3466; x_wconf 72' lang='lat' dir='ltr'><em>ulterim</em></span> <span class='ocrx_word' id='word_1_512' title='bbox 1682 3410 1755 3473; x_wconf 89' lang='lat' dir='ltr'><em>hanc</em></span> <span class='ocrx_word' id='word_1_513' title='bbox 1778 3412 1821 3465; x_wconf 75' lang='lat' dir='ltr'><em>ts-</em></span> 
     </span>
     <span class='ocr_line' id='line_1_37' title="bbox 106 3497 1820 3573; baseline -0.002 -19"><span class='ocrx_word' id='word_1_514' title='bbox 106 3499 155 3572; x_wconf 75' lang='lat' dir='ltr'><em>lus</em></span> <span class='ocrx_word' id='word_1_515' title='bbox 169 3501 258 3570; x_wconf 86' lang='lat' dir='ltr'><em>sancti</em></span> <span class='ocrx_word' id='word_1_516' title='bbox 270 3499 366 3571; x_wconf 89' lang='lat' dir='ltr'><em>templi</em></span> <span class='ocrx_word' id='word_1_517' title='bbox 385 3501 604 3569; x_wconf 85' lang='lat' dir='ltr'><em>consecrationis,</em></span> <span class='ocrx_word' id='word_1_518' title='bbox 619 3500 690 3572; x_wconf 84' lang='lat' dir='ltr'><em>quad</em></span> <span class='ocrx_word' id='word_1_519' title='bbox 713 3500 785 3556; x_wconf 84' lang='lat' dir='ltr'><em>idem</em></span> <span class='ocrx_word' id='word_1_520' title='bbox 805 3504 938 3573; x_wconf 76' lang='lat' dir='ltr'><em>paroecus</em></span> <span class='ocrx_word' id='word_1_521' title='bbox 992 3500 1115 3572; x_wconf 86' lang='lat' dir='ltr'><em>quietare</em></span> <span class='ocrx_word' id='word_1_522' title='bbox 1135 3502 1336 3571; x_wconf 76' lang='lat' dir='ltr'><em>praesumerent</em></span> <span class='ocrx_word' id='word_1_523' title='bbox 1362 3500 1526 3554; x_wconf 71' lang='lat' dir='ltr'><em>senentiam</em></span> <span class='ocrx_word' id='word_1_524' title='bbox 1540 3497 1609 3568; x_wconf 88' lang='grc'>(11).</span> <span class='ocrx_word' id='word_1_525' title='bbox 1623 3501 1692 3563; x_wconf 84' lang='lat' dir='ltr'><em>Post</em></span> <span class='ocrx_word' id='word_1_526' title='bbox 1703 3498 1820 3553; x_wconf 87' lang='lat' dir='ltr'><em>muttum</em></span> 
     </span>
     <span class='ocr_line' id='line_1_38' title="bbox 109 3585 1822 3663; baseline -0.001 -21"><span class='ocrx_word' id='word_1_527' title='bbox 109 3588 232 3661; x_wconf 59' lang='lat' dir='ltr'><em>mum</em></span> <span class='ocrx_word' id='word_1_528' title='bbox 247 3589 278 3642; x_wconf 94' lang='lat' dir='ltr'><em>in</em></span> <span class='ocrx_word' id='word_1_529' title='bbox 300 3589 376 3643; x_wconf 91' lang='lat' dir='ltr'><em>omni</em></span> <span class='ocrx_word' id='word_1_530' title='bbox 399 3587 492 3644; x_wconf 76' lang='lat' dir='ltr'><em>Gallia</em></span> <span class='ocrx_word' id='word_1_531' title='bbox 517 3589 570 3644; x_wconf 82' lang='lat' dir='ltr'><em>Deo</em></span> <span class='ocrx_word' id='word_1_532' title='bbox 593 3588 737 3657; x_wconf 88' lang='lat' dir='ltr'><em>dedicavit,</em></span> <span class='ocrx_word' id='word_1_533' title='bbox 753 3589 862 3656; x_wconf 76' lang='lat' dir='ltr'><em>ainus,</em></span> <span class='ocrx_word' id='word_1_534' title='bbox 875 3603 939 3663; x_wconf 78' lang='lat' dir='ltr'><em>quse</em></span> <span class='ocrx_word' id='word_1_535' title='bbox 992 3603 1054 3646; x_wconf 88' lang='lat' dir='ltr'><em>vcro</em></span> <span class='ocrx_word' id='word_1_536' title='bbox 1068 3589 1206 3660; x_wconf 83' lang='lat' dir='ltr'><em>temporis,</em></span> <span class='ocrx_word' id='word_1_537' title='bbox 1222 3603 1286 3643; x_wconf 89' lang='lat' dir='ltr'><em>cum</em></span> <span class='ocrx_word' id='word_1_538' title='bbox 1298 3588 1328 3643; x_wconf 92' lang='lat' dir='ltr'><em>in</em></span> <span class='ocrx_word' id='word_1_539' title='bbox 1347 3587 1489 3643; x_wconf 89' lang='lat' dir='ltr'><em>nonnullis</em></span> <span class='ocrx_word' id='word_1_540' title='bbox 1500 3603 1552 3658; x_wconf 89' lang='lat' dir='ltr'><em>per</em></span> <span class='ocrx_word' id='word_1_541' title='bbox 1566 3585 1689 3653; x_wconf 85' lang='lat' dir='ltr'><em>Galliam</em></span> <span class='ocrx_word' id='word_1_542' title='bbox 1702 3586 1822 3642; x_wconf 83' lang='lat' dir='ltr'><em>ecclesiis</em></span> 
     </span>
     <span class='ocr_line' id='line_1_39' title="bbox 111 3674 1821 3753; baseline -0.001 -21"><span class='ocrx_word' id='word_1_543' title='bbox 111 3676 143 3732; x_wconf 91' lang='lat' dir='ltr'><em>in</em></span> <span class='ocrx_word' id='word_1_544' title='bbox 162 3676 212 3731; x_wconf 91' lang='lat' dir='ltr'><em>hoc</em></span> <span class='ocrx_word' id='word_1_545' title='bbox 234 3675 290 3732; x_wconf 90' lang='lat' dir='ltr'><em>luco</em></span> <span class='ocrx_word' id='word_1_546' title='bbox 312 3675 420 3748; x_wconf 88' lang='lat' dir='ltr'><em>pridem</em></span> <span class='ocrx_word' id='word_1_547' title='bbox 448 3677 589 3753; x_wconf 76' lang='lat' dir='ltr'><em>qualilitas</em></span> <span class='ocrx_word' id='word_1_548' title='bbox 616 3678 746 3744; x_wconf 85' lang='lat' dir='ltr'><em>coluerat,</em></span> <span class='ocrx_word' id='word_1_549' title='bbox 770 3678 936 3735; x_wconf 86' lang='lat' dir='ltr'><em>simulacris.</em></span> <span class='ocrx_word' id='word_1_550' title='bbox 992 3676 1026 3733; x_wconf 92' lang='lat' dir='ltr'><em>de</em></span> <span class='ocrx_word' id='word_1_551' title='bbox 1048 3676 1097 3732; x_wconf 90' lang='lat' dir='ltr'><em>hoc</em></span> <span class='ocrx_word' id='word_1_552' title='bbox 1122 3676 1202 3733; x_wconf 90' lang='lat' dir='ltr'><em>verbo</em></span> <span class='ocrx_word' id='word_1_553' title='bbox 1232 3691 1360 3737; x_wconf 90' lang='lat' dir='ltr'><em>murmur</em></span> <span class='ocrx_word' id='word_1_554' title='bbox 1385 3674 1476 3749; x_wconf 74' lang='lat' dir='ltr'><em>fieret,</em></span> <span class='ocrx_word' id='word_1_555' title='bbox 1497 3683 1522 3732; x_wconf 92' lang='lat' dir='ltr'><em>et</em></span> <span class='ocrx_word' id='word_1_556' title='bbox 1550 3675 1666 3749; x_wconf 90' lang='lat' dir='ltr'><em>quidum</em></span> <span class='ocrx_word' id='word_1_557' title='bbox 1692 3674 1821 3731; x_wconf 83' lang='lat' dir='ltr'><em>dicerent.</em></span> 
     </span>
     <span class='ocr_line' id='line_1_40' title="bbox 113 3764 1824 3838; baseline -0.001 -18"><span class='ocrx_word' id='word_1_558' title='bbox 113 3764 178 3835; x_wconf 73' lang='lat' dir='ltr'><em>Quae</em></span> <span class='ocrx_word' id='word_1_559' title='bbox 196 3776 244 3821; x_wconf 85' lang='lat' dir='ltr'><em>res</em></span> <span class='ocrx_word' id='word_1_560' title='bbox 261 3766 304 3821; x_wconf 89' lang='lat' dir='ltr'><em>itu</em></span> <span class='ocrx_word' id='word_1_561' title='bbox 326 3766 404 3822; x_wconf 90' lang='lat' dir='ltr'><em>uobis</em></span> <span class='ocrx_word' id='word_1_562' title='bbox 428 3767 572 3822; x_wconf 89' lang='lat' dir='ltr'><em>convenire</em></span> <span class='ocrx_word' id='word_1_563' title='bbox 592 3768 652 3822; x_wconf 90' lang='lat' dir='ltr'><em>visa</em></span> <span class='ocrx_word' id='word_1_564' title='bbox 677 3774 724 3834; x_wconf 87' lang='lat' dir='ltr'><em>est,</em></span> <span class='ocrx_word' id='word_1_565' title='bbox 741 3776 781 3836; x_wconf 91' lang='lat' dir='ltr'><em>ut,</em></span> <span class='ocrx_word' id='word_1_566' title='bbox 797 3769 868 3823; x_wconf 90' lang='lat' dir='ltr'><em>sicut</em></span> <span class='ocrx_word' id='word_1_567' title='bbox 891 3767 940 3822; x_wconf 92' lang='lat' dir='ltr'><em>ille</em></span> <span class='ocrx_word' id='word_1_568' title='bbox 993 3788 1008 3816; x_wconf 93' lang='lat'>«</span> <span class='ocrx_word' id='word_1_569' title='bbox 1030 3765 1164 3834; x_wconf 59' lang='lat' dir='ltr'><em>Quaado</em></span> <span class='ocrx_word' id='word_1_570' title='bbox 1174 3765 1405 3837; x_wconf 88' lang='lat' dir='ltr'><em>potestapuslolns</em></span> <span class='ocrx_word' id='word_1_571' title='bbox 1416 3780 1472 3822; x_wconf 89' lang='lat' dir='ltr'><em>esse</em></span> <span class='ocrx_word' id='word_1_572' title='bbox 1486 3766 1534 3838; x_wconf 88' lang='lat' dir='ltr'><em>qui</em></span> <span class='ocrx_word' id='word_1_573' title='bbox 1548 3766 1578 3819; x_wconf 89' lang='lat' dir='ltr'><em>in</em></span> <span class='ocrx_word' id='word_1_574' title='bbox 1595 3765 1757 3836; x_wconf 75' lang='lat' dir='ltr'><em>tivanqeliis</em></span> <span class='ocrx_word' id='word_1_575' title='bbox 1772 3780 1824 3819; x_wconf 89' lang='lat' dir='ltr'><em>nan</em></span> 
     </span>
     <span class='ocr_line' id='line_1_41' title="bbox 110 3851 1822 3928; baseline -0.001 -18"><span class='ocrx_word' id='word_1_576' title='bbox 110 3853 286 3910; x_wconf 81' lang='lat' dir='ltr'><em>uivemhane</em></span> <span class='ocrx_word' id='word_1_577' title='bbox 299 3870 379 3911; x_wconf 89' lang='lat' dir='ltr'><em>suam</em></span> <span class='ocrx_word' id='word_1_578' title='bbox 391 3854 480 3912; x_wconf 91' lang='lat' dir='ltr'><em>sedem</em></span> <span class='ocrx_word' id='word_1_579' title='bbox 494 3856 577 3912; x_wconf 87' lang='lat' dir='ltr'><em>totius</em></span> <span class='ocrx_word' id='word_1_580' title='bbox 596 3856 763 3928; x_wconf 77' lang='lat' dir='ltr'><em>Aquitanica</em></span> <span class='ocrx_word' id='word_1_581' title='bbox 777 3858 865 3928; x_wconf 83' lang='lat' dir='ltr'><em>quatis</em></span> <span class='ocrx_word' id='word_1_582' title='bbox 879 3858 937 3928; x_wconf 78' lang='lat' dir='ltr'><em>[aa</em></span> <span class='ocrx_word' id='word_1_583' title='bbox 991 3851 1104 3921; x_wconf 89' lang='lat' dir='ltr'><em>dicitur,</em></span> <span class='ocrx_word' id='word_1_584' title='bbox 1119 3854 1165 3910; x_wconf 91' lang='lat' dir='ltr'><em>sed</em></span> <span class='ocrx_word' id='word_1_585' title='bbox 1178 3869 1228 3910; x_wconf 91' lang='lat' dir='ltr'><em>nec</em></span> <span class='ocrx_word' id='word_1_586' title='bbox 1251 3856 1279 3909; x_wconf 90' lang='lat' dir='ltr'><em>iu</em></span> <span class='ocrx_word' id='word_1_587' title='bbox 1308 3854 1418 3910; x_wconf 83' lang='lat' dir='ltr'><em>delibus</em></span> <span class='ocrx_word' id='word_1_588' title='bbox 1445 3854 1632 3926; x_wconf 85' lang='lat' dir='ltr'><em>apostolorum</em></span> <span class='ocrx_word' id='word_1_589' title='bbox 1661 3856 1822 3926; x_wconf 71' lang='lat' dir='ltr'><em>monifesta-</em></span> 
     </span>
     <span class='ocr_line' id='line_1_42' title="bbox 112 3939 1822 4019; baseline -0.002 -21"><span class='ocrx_word' id='word_1_590' title='bbox 112 3939 317 4019; x_wconf 13' lang='lat' dir='ltr'><em>temffbaptismi·</em></span> <span class='ocrx_word' id='word_1_591' title='bbox 328 3948 355 3998; x_wconf 89' lang='lat' dir='ltr'><em>et</em></span> <span class='ocrx_word' id='word_1_592' title='bbox 366 3941 584 3998; x_wconf 88' lang='lat' dir='ltr'><em>illuminationis</em></span> <span class='ocrx_word' id='word_1_593' title='bbox 598 3942 762 4014; x_wconf 85' lang='lat' dir='ltr'><em>evanqeliase</em></span> <span class='ocrx_word' id='word_1_594' title='bbox 772 3944 882 4014; x_wconf 75' lang='lat' dir='ltr'><em>fecerat,</em></span> <span class='ocrx_word' id='word_1_595' title='bbox 899 3943 938 3997; x_wconf 91' lang='lat' dir='ltr'><em>ita</em></span> <span class='ocrx_word' id='word_1_596' title='bbox 991 3943 1063 3999; x_wconf 81' lang='lat' dir='ltr'><em>turi</em></span> <span class='ocrx_word' id='word_1_597' title='bbox 1079 3965 1094 3992; x_wconf 83' lang='lat' dir='ltr'><em>v</em></span> <span class='ocrx_word' id='word_1_598' title='bbox 1108 3943 1161 3999; x_wconf 89' lang='lat' dir='ltr'><em>alii</em></span> <span class='ocrx_word' id='word_1_599' title='bbox 1175 3958 1237 3999; x_wconf 91' lang='lat' dir='ltr'><em>vero</em></span> <span class='ocrx_word' id='word_1_600' title='bbox 1254 3951 1385 4015; x_wconf 89' lang='lat' dir='ltr'><em>putarent</em></span> <span class='ocrx_word' id='word_1_601' title='bbox 1399 3958 1543 4016; x_wconf 87' lang='lat' dir='ltr'><em>nunquam</em></span> <span class='ocrx_word' id='word_1_602' title='bbox 1563 3942 1697 3999; x_wconf 73' lang='lat' dir='ltr'><em>haemrms</em></span> <span class='ocrx_word' id='word_1_603' title='bbox 1720 3941 1822 4007; x_wconf 84' lang='lat' dir='ltr'><em>dictum</em></span> 
     </span>
     <span class='ocr_line' id='line_1_43' title="bbox 111 4030 1822 4105; baseline -0.002 -18"><span class='ocrx_word' id='word_1_604' title='bbox 111 4045 223 4103; x_wconf 85' lang='lat' dir='ltr'><em>corpore</em></span> <span class='ocrx_word' id='word_1_605' title='bbox 235 4045 285 4087; x_wconf 89' lang='lat' dir='ltr'><em>suo</em></span> <span class='ocrx_word' id='word_1_606' title='bbox 301 4030 423 4087; x_wconf 89' lang='lat' dir='ltr'><em>eamdem</em></span> <span class='ocrx_word' id='word_1_607' title='bbox 435 4030 573 4087; x_wconf 87' lang='lat' dir='ltr'><em>visitando</em></span> <span class='ocrx_word' id='word_1_608' title='bbox 587 4031 768 4102; x_wconf 87' lang='lat' dir='ltr'><em>perlustrans,</em></span> <span class='ocrx_word' id='word_1_609' title='bbox 787 4032 868 4087; x_wconf 88' lang='lat' dir='ltr'><em>isthic</em></span> <span class='ocrx_word' id='word_1_610' title='bbox 888 4046 937 4087; x_wconf 92' lang='lat' dir='ltr'><em>uo·</em></span> <span class='ocrx_word' id='word_1_611' title='bbox 992 4031 1023 4088; x_wconf 87' lang='lat' dir='ltr'><em>id</em></span> <span class='ocrx_word' id='word_1_612' title='bbox 1034 4047 1100 4099; x_wconf 88' lang='lat' dir='ltr'><em>esse,</em></span> <span class='ocrx_word' id='word_1_613' title='bbox 1115 4031 1161 4088; x_wconf 89' lang='lat' dir='ltr'><em>sed</em></span> <span class='ocrx_word' id='word_1_614' title='bbox 1170 4033 1277 4088; x_wconf 88' lang='lat' dir='ltr'><em>noviter</em></span> <span class='ocrx_word' id='word_1_615' title='bbox 1288 4048 1306 4087; x_wconf 93' lang='lat' dir='ltr'><em>a</em></span> <span class='ocrx_word' id='word_1_616' title='bbox 1319 4033 1397 4096; x_wconf 91' lang='lat' dir='ltr'><em>nobis</em></span> <span class='ocrx_word' id='word_1_617' title='bbox 1409 4032 1544 4103; x_wconf 64' lang='lat' dir='ltr'><em>pansum,</em></span> <span class='ocrx_word' id='word_1_618' title='bbox 1553 4030 1625 4105; x_wconf 90' lang='lat' dir='ltr'><em>quod</em></span> <span class='ocrx_word' id='word_1_619' title='bbox 1638 4031 1713 4091; x_wconf 87' lang='lat' dir='ltr'><em>absit</em></span> <span class='ocrx_word' id='word_1_620' title='bbox 1725 4039 1736 4088; x_wconf 92' lang='lat'><strong><em>!</em></strong></span> <span class='ocrx_word' id='word_1_621' title='bbox 1747 4047 1822 4087; x_wconf 76' lang='lat' dir='ltr'><em>usaur-</em></span> 
     </span>
     <span class='ocr_line' id='line_1_44' title="bbox 114 4118 1821 4194; baseline -0.001 -18"><span class='ocrx_word' id='word_1_622' title='bbox 114 4119 153 4176; x_wconf 85' lang='lat' dir='ltr'><em>bis</em></span> <span class='ocrx_word' id='word_1_623' title='bbox 168 4119 252 4194; x_wconf 75' lang='lat' dir='ltr'><em>hujus</em></span> <span class='ocrx_word' id='word_1_624' title='bbox 267 4118 344 4176; x_wconf 79' lang='lat' dir='ltr'><em>ulmei</em></span> <span class='ocrx_word' id='word_1_625' title='bbox 358 4121 473 4176; x_wconf 87' lang='lat' dir='ltr'><em>initium</em></span> <span class='ocrx_word' id='word_1_626' title='bbox 487 4119 692 4187; x_wconf 87' lang='lat' dir='ltr'><em>observationis,</em></span> <span class='ocrx_word' id='word_1_627' title='bbox 709 4121 810 4193; x_wconf 91' lang='lat' dir='ltr'><em>hocque</em></span> <span class='ocrx_word' id='word_1_628' title='bbox 824 4121 937 4177; x_wconf 83' lang='lat' dir='ltr'><em>instita·</em></span> <span class='ocrx_word' id='word_1_629' title='bbox 989 4124 1087 4194; x_wconf 88' lang='lat' dir='ltr'><em>patum</em></span> <span class='ocrx_word' id='word_1_630' title='bbox 1101 4135 1167 4189; x_wconf 86' lang='lat' dir='ltr'><em>esse,</em></span> <span class='ocrx_word' id='word_1_631' title='bbox 1185 4122 1338 4193; x_wconf 89' lang='lat' dir='ltr'><em>iterumque</em></span> <span class='ocrx_word' id='word_1_632' title='bbox 1365 4122 1457 4192; x_wconf 82' lang='lat' dir='ltr'><em>pravis</em></span> <span class='ocrx_word' id='word_1_633' title='bbox 1486 4121 1630 4178; x_wconf 81' lang='lat' dir='ltr'><em>altercatio</em></span> <span class='ocrx_word' id='word_1_634' title='bbox 1657 4121 1821 4193; x_wconf 79' lang='lat' dir='ltr'><em>pullularet,</em></span> 
     </span>
     <span class='ocr_line' id='line_1_45' title="bbox 112 4197 1823 4283; baseline -0.002 -18"><span class='ocrx_word' id='word_1_635' title='bbox 112 4215 171 4282; x_wconf 86' lang='lat' dir='ltr'><em>tum</em></span> <span class='ocrx_word' id='word_1_636' title='bbox 183 4208 306 4265; x_wconf 72' lang='lat' dir='ltr'><em>memma</em></span> <span class='ocrx_word' id='word_1_637' title='bbox 321 4211 352 4264; x_wconf 89' lang='lat' dir='ltr'><em>iu</em></span> <span class='ocrx_word' id='word_1_638' title='bbox 366 4209 504 4282; x_wconf 85' lang='lat' dir='ltr'><em>reliquum</em></span> <span class='ocrx_word' id='word_1_639' title='bbox 522 4208 736 4264; x_wconf 82' lang='lat' dir='ltr'><em>amsermmlum</em></span> <span class='ocrx_word' id='word_1_640' title='bbox 760 4224 816 4266; x_wconf 89' lang='lat' dir='ltr'><em>non</em></span> <span class='ocrx_word' id='word_1_641' title='bbox 829 4212 939 4265; x_wconf 80' lang='lat' dir='ltr'><em>macm-</em></span> <span class='ocrx_word' id='word_1_642' title='bbox 994 4213 1048 4266; x_wconf 84' lang='lat' dir='ltr'><em>Deo</em></span> <span class='ocrx_word' id='word_1_643' title='bbox 1062 4208 1490 4280; x_wconf 83' lang='lat' dir='ltr'><em>dispensante,directaestnobis</em></span> <span class='ocrx_word' id='word_1_644' title='bbox 1504 4210 1651 4281; x_wconf 87' lang='lat' dir='ltr'><em>superhac</em></span> <span class='ocrx_word' id='word_1_645' title='bbox 1664 4197 1696 4276; x_wconf 78' lang='lat' dir='ltr'><em>re</em></span> <span class='ocrx_word' id='word_1_646' title='bbox 1709 4209 1823 4283; x_wconf 87' lang='lat' dir='ltr'><em>epistola</em></span> 
     </span>
     <span class='ocr_line' id='line_1_46' title="bbox 111 4296 1824 4371; baseline -0.002 -18"><span class='ocrx_word' id='word_1_647' title='bbox 111 4304 217 4365; x_wconf 85' lang='lat' dir='ltr'><em>rentur,</em></span> <span class='ocrx_word' id='word_1_648' title='bbox 230 4296 301 4371; x_wconf 90' lang='lat' dir='ltr'><em>quod</em></span> <span class='ocrx_word' id='word_1_649' title='bbox 318 4297 462 4354; x_wconf 77' lang='lat' dir='ltr'><em>exordium</em></span> <span class='ocrx_word' id='word_1_650' title='bbox 476 4297 507 4352; x_wconf 88' lang='lat' dir='ltr'><em>ia</em></span> <span class='ocrx_word' id='word_1_651' title='bbox 521 4298 609 4370; x_wconf 90' lang='lat' dir='ltr'><em>capite</em></span> <span class='ocrx_word' id='word_1_652' title='bbox 631 4314 681 4354; x_wconf 93' lang='lat' dir='ltr'><em>suo</em></span> <span class='ocrx_word' id='word_1_653' title='bbox 702 4298 836 4354; x_wconf 87' lang='lat' dir='ltr'><em>sumebat.</em></span> <span class='ocrx_word' id='word_1_654' title='bbox 852 4300 939 4371; x_wconf 88' lang='lat' dir='ltr'><em>Super</em></span> <span class='ocrx_word' id='word_1_655' title='bbox 992 4299 1026 4353; x_wconf 93' lang='lat' dir='ltr'><em>ab</em></span> <span class='ocrx_word' id='word_1_656' title='bbox 1050 4297 1208 4369; x_wconf 76' lang='lat' dir='ltr'><em>apostolicae</em></span> <span class='ocrx_word' id='word_1_657' title='bbox 1243 4299 1375 4359; x_wconf 75' lang='lat' dir='ltr'><em>dunense</em></span> <span class='ocrx_word' id='word_1_658' title='bbox 1410 4297 1480 4353; x_wconf 88' lang='lat' dir='ltr'><em>sedis</em></span> <span class='ocrx_word' id='word_1_659' title='bbox 1505 4314 1577 4370; x_wconf 90' lang='lat' dir='ltr'><em>papa</em></span> <span class='ocrx_word' id='word_1_660' title='bbox 1605 4299 1724 4355; x_wconf 88' lang='lat' dir='ltr'><em>loannc.</em></span> <span class='ocrx_word' id='word_1_661' title='bbox 1757 4299 1824 4354; x_wconf 79' lang='lat' dir='ltr'><em>Tunc</em></span> 
     </span>
     <span class='ocr_line' id='line_1_47' title="bbox 111 4384 1824 4459; baseline 0 -17"><span class='ocrx_word' id='word_1_662' title='bbox 111 4385 162 4442; x_wconf 89' lang='lat' dir='ltr'><em>hoe</em></span> <span class='ocrx_word' id='word_1_663' title='bbox 175 4387 266 4459; x_wconf 89' lang='lat' dir='ltr'><em>itaque</em></span> <span class='ocrx_word' id='word_1_664' title='bbox 281 4386 369 4441; x_wconf 87' lang='lat' dir='ltr'><em>altare</em></span> <span class='ocrx_word' id='word_1_665' title='bbox 382 4385 475 4441; x_wconf 90' lang='lat' dir='ltr'><em>eodem</em></span> <span class='ocrx_word' id='word_1_666' title='bbox 488 4384 535 4440; x_wconf 91' lang='lat' dir='ltr'><em>die</em></span> <span class='ocrx_word' id='word_1_667' title='bbox 546 4385 678 4458; x_wconf 81' lang='lat' dir='ltr'><em>mysteria</em></span> <span class='ocrx_word' id='word_1_668' title='bbox 691 4385 721 4440; x_wconf 91' lang='lat' dir='ltr'><em>in</em></span> <span class='ocrx_word' id='word_1_669' title='bbox 733 4385 824 4454; x_wconf 85' lang='lat' dir='ltr'><em>ploria</em></span> <span class='ocrx_word' id='word_1_670' title='bbox 837 4392 939 4458; x_wconf 91' lang='lat' dir='ltr'><em>aposto·</em></span> <span class='ocrx_word' id='word_1_671' title='bbox 992 4386 1124 4453; x_wconf 87' lang='lat' dir='ltr'><em>unanimi</em></span> <span class='ocrx_word' id='word_1_672' title='bbox 1145 4386 1267 4442; x_wconf 81' lang='lat' dir='ltr'><em>cmuulto</em></span> <span class='ocrx_word' id='word_1_673' title='bbox 1295 4384 1434 4442; x_wconf 79' lang='lat' dir='ltr'><em>decraum</em></span> <span class='ocrx_word' id='word_1_674' title='bbox 1461 4387 1588 4457; x_wconf 74' lang='lat' dir='ltr'><em>fecimus,</em></span> <span class='ocrx_word' id='word_1_675' title='bbox 1604 4395 1636 4441; x_wconf 92' lang='lat' dir='ltr'><em>ut</em></span> <span class='ocrx_word' id='word_1_676' title='bbox 1650 4394 1764 4458; x_wconf 85' lang='lat' dir='ltr'><em>propter</em></span> <span class='ocrx_word' id='word_1_677' title='bbox 1777 4386 1824 4442; x_wconf 86' lang='lat' dir='ltr'><em>hac</em></span> 
     </span>
     <span class='ocr_line' id='line_1_48' title="bbox 112 4458 1824 4562; baseline 0.001 -32"><span class='ocrx_word' id='word_1_678' title='bbox 112 4474 184 4530; x_wconf 91' lang='lat' dir='ltr'><em>latus</em></span> <span class='ocrx_word' id='word_1_679' title='bbox 207 4473 266 4545; x_wconf 62' lang='lat' dir='ltr'><em>aas</em></span> <span class='ocrx_word' id='word_1_680' title='bbox 289 4474 447 4531; x_wconf 86' lang='lat' dir='ltr'><em>solemniter</em></span> <span class='ocrx_word' id='word_1_681' title='bbox 468 4474 674 4531; x_wconf 89' lang='lat' dir='ltr'><em>celebravimus.</em></span> <span class='ocrx_word' id='word_1_682' title='bbox 692 4473 766 4543; x_wconf 85' lang='lat' dir='ltr'><em>Quod</em></span> <span class='ocrx_word' id='word_1_683' title='bbox 788 4489 894 4547; x_wconf 85' lang='lat' dir='ltr'><em>semper</em></span> <span class='ocrx_word' id='word_1_684' title='bbox 908 4475 938 4530; x_wconf 93' lang='lat' dir='ltr'><em>in</em></span> <span class='ocrx_word' id='word_1_685' title='bbox 952 4491 978 4562; x_wconf 72' lang='lat' dir='ltr'>D</span> <span class='ocrx_word' id='word_1_686' title='bbox 992 4475 1105 4531; x_wconf 90' lang='lat' dir='ltr'><em>verbum</em></span> <span class='ocrx_word' id='word_1_687' title='bbox 1118 4475 1221 4530; x_wconf 88' lang='lat' dir='ltr'><em>iterum</em></span> <span class='ocrx_word' id='word_1_688' title='bbox 1235 4482 1284 4531; x_wconf 86' lang='lat' dir='ltr'><em>aut</em></span> <span class='ocrx_word' id='word_1_689' title='bbox 1296 4473 1501 4547; x_wconf 79' lang='lat' dir='ltr'><em>suscipiendum</em></span> <span class='ocrx_word' id='word_1_690' title='bbox 1523 4477 1573 4530; x_wconf 91' lang='lat' dir='ltr'><em>aut</em></span> <span class='ocrx_word' id='word_1_691' title='bbox 1592 4490 1651 4530; x_wconf 92' lang='lat' dir='ltr'><em>non</em></span> <span class='ocrx_word' id='word_1_692' title='bbox 1673 4458 1824 4547; x_wconf 85' lang='lat' dir='ltr'><em>suscipien-</em></span> 
     </span>
     <span class='ocr_line' id='line_1_49' title="bbox 111 4561 1824 4637; baseline 0.001 -19"><span class='ocrx_word' id='word_1_693' title='bbox 111 4562 251 4634; x_wconf 89' lang='lat' dir='ltr'><em>reliquum</em></span> <span class='ocrx_word' id='word_1_694' title='bbox 263 4561 400 4619; x_wconf 87' lang='lat' dir='ltr'><em>aclebmre</em></span> <span class='ocrx_word' id='word_1_695' title='bbox 412 4571 468 4619; x_wconf 88' lang='lat' dir='ltr'><em>mm</em></span> <span class='ocrx_word' id='word_1_696' title='bbox 482 4564 528 4619; x_wconf 89' lang='lat' dir='ltr'><em>hic</em></span> <span class='ocrx_word' id='word_1_697' title='bbox 543 4579 627 4636; x_wconf 88' lang='lat' dir='ltr'><em>quum</em></span> <span class='ocrx_word' id='word_1_698' title='bbox 648 4577 699 4635; x_wconf 91' lang='lat' dir='ltr'><em>per</em></span> <span class='ocrx_word' id='word_1_699' title='bbox 721 4579 813 4619; x_wconf 87' lang='lat' dir='ltr'><em>omnes</em></span> <span class='ocrx_word' id='word_1_700' title='bbox 836 4571 940 4622; x_wconf 77' lang='lat' dir='ltr'><em>nostra</em></span> <span class='ocrx_word' id='word_1_701' title='bbox 985 4563 1068 4633; x_wconf 88' lang='lat' dir='ltr'><em>&#39;dum,</em></span> <span class='ocrx_word' id='word_1_702' title='bbox 1083 4564 1258 4636; x_wconf 80' lang='lat' dir='ltr'><em>mnpreqmio</em></span> <span class='ocrx_word' id='word_1_703' title='bbox 1271 4566 1459 4637; x_wconf 91' lang='lat' dir='ltr'><em>episcoporum</em></span> <span class='ocrx_word' id='word_1_704' title='bbox 1481 4567 1563 4636; x_wconf 87' lang='lat' dir='ltr'><em>atque</em></span> <span class='ocrx_word' id='word_1_705' title='bbox 1583 4565 1742 4637; x_wconf 87' lang='lat' dir='ltr'><em>pariturum</em></span> <span class='ocrx_word' id='word_1_706' title='bbox 1756 4566 1824 4620; x_wconf 79' lang='lat' dir='ltr'><em>sira</em></span> 
     </span>
     <span class='ocr_line' id='line_1_50' title="bbox 112 4649 1825 4725; baseline -0.001 -18"><span class='ocrx_word' id='word_1_707' title='bbox 112 4649 236 4708; x_wconf 81' lang='lat' dir='ltr'><em>dioecesis</em></span> <span class='ocrx_word' id='word_1_708' title='bbox 250 4651 377 4708; x_wconf 70' lang='lat' dir='ltr'><em>accustus</em></span> <span class='ocrx_word' id='word_1_709' title='bbox 400 4658 428 4708; x_wconf 90' lang='lat' dir='ltr'><em>et</em></span> <span class='ocrx_word' id='word_1_710' title='bbox 447 4652 615 4708; x_wconf 76' lang='lat' dir='ltr'><em>monusmsa</em></span> <span class='ocrx_word' id='word_1_711' title='bbox 638 4651 841 4725; x_wconf 79' lang='lat' dir='ltr'><em>mundavimus,</em></span> <span class='ocrx_word' id='word_1_712' title='bbox 856 4656 886 4708; x_wconf 90' lang='lat' dir='ltr'><em>ut</em></span> <span class='ocrx_word' id='word_1_713' title='bbox 900 4654 941 4709; x_wconf 90' lang='lat' dir='ltr'><em>vi-</em></span> <span class='ocrx_word' id='word_1_714' title='bbox 993 4668 1057 4708; x_wconf 89' lang='lat' dir='ltr'><em>rum</em></span> <span class='ocrx_word' id='word_1_715' title='bbox 1070 4651 1199 4709; x_wconf 89' lang='lat' dir='ltr'><em>adhunc</em></span> <span class='ocrx_word' id='word_1_716' title='bbox 1227 4653 1322 4708; x_wconf 85' lang='lat' dir='ltr'><em>urbem</em></span> <span class='ocrx_word' id='word_1_717' title='bbox 1353 4651 1537 4721; x_wconf 85' lang='lat' dir='ltr'><em>colliqeretur.</em></span> <span class='ocrx_word' id='word_1_718' title='bbox 1554 4652 1585 4708; x_wconf 88' lang='lat' dir='ltr'><em>Si</em></span> <span class='ocrx_word' id='word_1_719' title='bbox 1600 4668 1666 4725; x_wconf 89' lang='lat' dir='ltr'><em>erqo</em></span> <span class='ocrx_word' id='word_1_720' title='bbox 1681 4651 1825 4709; x_wconf 69' lang='lat' dir='ltr'><em>decernitis</em></span> 
     </span>
     <span class='ocr_line' id='line_1_51' title="bbox 112 4738 1825 4813; baseline 0.001 -17"><span class='ocrx_word' id='word_1_721' title='bbox 112 4738 408 4798; x_wconf 87' lang='lat' dir='ltr'><em>deliuetulteriusaon</em></span> <span class='ocrx_word' id='word_1_722' title='bbox 423 4743 453 4796; x_wconf 89' lang='lat' dir='ltr'><em>in</em></span> <span class='ocrx_word' id='word_1_723' title='bbox 467 4741 640 4812; x_wconf 74' lang='lat' dir='ltr'><em>confessuris,</em></span> <span class='ocrx_word' id='word_1_724' title='bbox 654 4740 700 4797; x_wconf 90' lang='lat' dir='ltr'><em>sed</em></span> <span class='ocrx_word' id='word_1_725' title='bbox 714 4757 744 4796; x_wconf 89' lang='lat' dir='ltr'><em>m</em></span> <span class='ocrx_word' id='word_1_726' title='bbox 769 4741 884 4813; x_wconf 90' lang='lat' dir='ltr'><em>apostoli</em></span> <span class='ocrx_word' id='word_1_727' title='bbox 896 4758 941 4798; x_wconf 91' lang='lat' dir='ltr'><em>re·</em></span> <span class='ocrx_word' id='word_1_728' title='bbox 995 4742 1065 4797; x_wconf 90' lang='lat' dir='ltr'><em>hunc</em></span> <span class='ocrx_word' id='word_1_729' title='bbox 1078 4756 1134 4796; x_wconf 90' lang='lat' dir='ltr'><em>uun</em></span> <span class='ocrx_word' id='word_1_730' title='bbox 1148 4743 1252 4813; x_wconf 84' lang='lat' dir='ltr'><em>suscipi</em></span> <span class='ocrx_word' id='word_1_731' title='bbox 1274 4740 1369 4797; x_wconf 90' lang='lat' dir='ltr'><em>debere</em></span> <span class='ocrx_word' id='word_1_732' title='bbox 1382 4742 1554 4806; x_wconf 88' lang='lat' dir='ltr'><em>sententiam,</em></span> <span class='ocrx_word' id='word_1_733' title='bbox 1568 4757 1618 4799; x_wconf 85' lang='lat' dir='ltr'><em>ncc</em></span> <span class='ocrx_word' id='word_1_734' title='bbox 1644 4759 1663 4799; x_wconf 95' lang='lat' dir='ltr'><em>a</em></span> <span class='ocrx_word' id='word_1_735' title='bbox 1685 4758 1730 4799; x_wconf 84' lang='lat' dir='ltr'><em>nuc</em></span> <span class='ocrx_word' id='word_1_736' title='bbox 1754 4741 1825 4807; x_wconf 83' lang='lat' dir='ltr'><em>ultru</em></span> 
     </span>
     <span class='ocr_line' id='line_1_52' title="bbox 112 4828 1826 4904; baseline 0.001 -20"><span class='ocrx_word' id='word_1_737' title='bbox 112 4828 269 4904; x_wconf 83' lang='lat' dir='ltr'><em>cordatione</em></span> <span class='ocrx_word' id='word_1_738' title='bbox 280 4831 415 4899; x_wconf 73' lang='lat' dir='ltr'><em>minaria</em></span> <span class='ocrx_word' id='word_1_739' title='bbox 430 4830 543 4902; x_wconf 86' lang='lat' dir='ltr'><em>patroni</em></span> <span class='ocrx_word' id='word_1_740' title='bbox 567 4828 600 4884; x_wconf 92' lang='lat' dir='ltr'><em>ab</em></span> <span class='ocrx_word' id='word_1_741' title='bbox 625 4828 751 4885; x_wconf 90' lang='lat' dir='ltr'><em>omnibus</em></span> <span class='ocrx_word' id='word_1_742' title='bbox 773 4830 942 4887; x_wconf 83' lang='lat' dir='ltr'><em>corcmrditer</em></span> <span class='ocrx_word' id='word_1_743' title='bbox 993 4830 1167 4903; x_wconf 89' lang='lat' dir='ltr'><em>suscipienda</em></span> <span class='ocrx_word' id='word_1_744' title='bbox 1181 4837 1229 4900; x_wconf 90' lang='lat' dir='ltr'><em>est,</em></span> <span class='ocrx_word' id='word_1_745' title='bbox 1240 4829 1287 4886; x_wconf 88' lang='lat' dir='ltr'><em>sed</em></span> <span class='ocrx_word' id='word_1_746' title='bbox 1298 4830 1387 4899; x_wconf 81' lang='lat' dir='ltr'><em>maais</em></span> <span class='ocrx_word' id='word_1_747' title='bbox 1401 4829 1601 4902; x_wconf 86' lang='lat' dir='ltr'><em>impuqnanda.</em></span> <span class='ocrx_word' id='word_1_748' title='bbox 1617 4830 1652 4886; x_wconf 90' lang='lat' dir='ltr'><em>Si</em></span> <span class='ocrx_word' id='word_1_749' title='bbox 1663 4838 1759 4887; x_wconf 77' lang='lat' dir='ltr'><em>uuum</em></span> <span class='ocrx_word' id='word_1_750' title='bbox 1770 4845 1826 4886; x_wconf 78' lang='lat' dir='ltr'><em>sics-</em></span> 
     </span>
     <span class='ocr_line' id='line_1_53' title="bbox 113 4917 1826 4993; baseline 0.001 -20"><span class='ocrx_word' id='word_1_751' title='bbox 113 4917 201 4990; x_wconf 74' lang='lat' dir='ltr'><em>fieret.</em></span> <span class='ocrx_word' id='word_1_752' title='bbox 217 4919 392 4975; x_wconf 73' lang='lat' dir='ltr'><em>bancalium</em></span> <span class='ocrx_word' id='word_1_753' title='bbox 416 4918 489 4974; x_wconf 88' lang='lat' dir='ltr'><em>diem</em></span> <span class='ocrx_word' id='word_1_754' title='bbox 512 4919 662 4973; x_wconf 88' lang='lat' dir='ltr'><em>statuimus</em></span> <span class='ocrx_word' id='word_1_755' title='bbox 684 4919 838 4975; x_wconf 90' lang='lat' dir='ltr'><em>habendam</em></span> <span class='ocrx_word' id='word_1_756' title='bbox 853 4921 881 4975; x_wconf 89' lang='lat' dir='ltr'><em>in</em></span> <span class='ocrx_word' id='word_1_757' title='bbox 896 4935 940 4975; x_wconf 91' lang='lat' dir='ltr'><em>re·</em></span> <span class='ocrx_word' id='word_1_758' title='bbox 994 4921 1096 4993; x_wconf 83' lang='lat' dir='ltr'><em>cipitia,</em></span> <span class='ocrx_word' id='word_1_759' title='bbox 1115 4926 1141 4976; x_wconf 93' lang='lat' dir='ltr'><em>et</em></span> <span class='ocrx_word' id='word_1_760' title='bbox 1153 4935 1203 4989; x_wconf 85' lang='lat' dir='ltr'><em>epo</em></span> <span class='ocrx_word' id='word_1_761' title='bbox 1218 4919 1257 4975; x_wconf 93' lang='lat' dir='ltr'><em>ita</em></span> <span class='ocrx_word' id='word_1_762' title='bbox 1271 4920 1400 4991; x_wconf 86' lang='lat' dir='ltr'><em>suscipio,</em></span> <span class='ocrx_word' id='word_1_763' title='bbox 1416 4919 1487 4974; x_wconf 89' lang='lat' dir='ltr'><em>sicut</em></span> <span class='ocrx_word' id='word_1_764' title='bbox 1510 4926 1575 4975; x_wconf 75' lang='lat' dir='ltr'><em>anm</em></span> <span class='ocrx_word' id='word_1_765' title='bbox 1596 4935 1782 4993; x_wconf 85' lang='lat' dir='ltr'><em>susceperam,</em></span> <span class='ocrx_word' id='word_1_766' title='bbox 1798 4925 1826 4974; x_wconf 89' lang='lat' dir='ltr'><em>ut</em></span> 
     </span>
     <span class='ocr_line' id='line_1_54' title="bbox 113 5005 1827 5082; baseline -0.001 -19"><span class='ocrx_word' id='word_1_767' title='bbox 113 5006 408 5064; x_wconf 73' lang='lat' dir='ltr'><em>undationeomnibus</em></span> <span class='ocrx_word' id='word_1_768' title='bbox 422 5009 515 5076; x_wconf 73' lang='lat' dir='ltr'><em>annu,</em></span> <span class='ocrx_word' id='word_1_769' title='bbox 531 5022 585 5079; x_wconf 91' lang='lat' dir='ltr'><em>qua</em></span> <span class='ocrx_word' id='word_1_770' title='bbox 604 5005 640 5062; x_wconf 92' lang='lat' dir='ltr'><em>ud</em></span> <span class='ocrx_word' id='word_1_771' title='bbox 662 5022 740 5063; x_wconf 91' lang='lat' dir='ltr'><em>suam</em></span> <span class='ocrx_word' id='word_1_772' title='bbox 763 5008 851 5064; x_wconf 87' lang='lat' dir='ltr'><em>salem</em></span> <span class='ocrx_word' id='word_1_773' title='bbox 864 5024 941 5078; x_wconf 83' lang='lat' dir='ltr'><em>epre—</em></span> <span class='ocrx_word' id='word_1_774' title='bbox 996 5010 1151 5082; x_wconf 89' lang='lat' dir='ltr'><em>quicunque</em></span> <span class='ocrx_word' id='word_1_775' title='bbox 1164 5012 1268 5067; x_wconf 67' lang='lat' dir='ltr'><em>nostrae</em></span> <span class='ocrx_word' id='word_1_776' title='bbox 1282 5007 1404 5063; x_wconf 81' lang='lat' dir='ltr'><em>diocesis</em></span> <span class='ocrx_word' id='word_1_777' title='bbox 1418 5008 1492 5064; x_wconf 91' lang='lat' dir='ltr'><em>ineo</em></span> <span class='ocrx_word' id='word_1_778' title='bbox 1505 5007 1670 5073; x_wconf 84' lang='lat' dir='ltr'><em>scandalum</em></span> <span class='ocrx_word' id='word_1_779' title='bbox 1697 5023 1827 5081; x_wconf 54' lang='lat' dir='ltr'><em>pensare</em></span> 
     </span>
     <span class='ocr_line' id='line_1_55' title="bbox 116 5095 1826 5170; baseline 0.002 -20"><span class='ocrx_word' id='word_1_780' title='bbox 116 5096 179 5166; x_wconf 87' lang='lat' dir='ltr'><em>pius</em></span> <span class='ocrx_word' id='word_1_781' title='bbox 200 5100 294 5167; x_wconf 86' lang='lat' dir='ltr'><em>pastor</em></span> <span class='ocrx_word' id='word_1_782' title='bbox 317 5097 469 5153; x_wconf 88' lang='lat' dir='ltr'><em>translatus</em></span> <span class='ocrx_word' id='word_1_783' title='bbox 491 5102 541 5165; x_wconf 90' lang='lat' dir='ltr'><em>est,</em></span> <span class='ocrx_word' id='word_1_784' title='bbox 557 5110 612 5168; x_wconf 88' lang='lat' dir='ltr'><em>qua</em></span> <span class='ocrx_word' id='word_1_785' title='bbox 639 5095 720 5150; x_wconf 91' lang='lat' dir='ltr'><em>etium</em></span> <span class='ocrx_word' id='word_1_786' title='bbox 746 5096 791 5153; x_wconf 90' lang='lat' dir='ltr'><em>die</em></span> <span class='ocrx_word' id='word_1_787' title='bbox 815 5097 943 5153; x_wconf 90' lang='lat' dir='ltr'><em>cathedra</em></span> <span class='ocrx_word' id='word_1_788' title='bbox 995 5098 1112 5154; x_wconf 75' lang='lat' dir='ltr'><em>alarius</em></span> <span class='ocrx_word' id='word_1_789' title='bbox 1124 5097 1339 5170; x_wconf 82' lang='lat' dir='ltr'><em>presumpserit,</em></span> <span class='ocrx_word' id='word_1_790' title='bbox 1353 5104 1410 5152; x_wconf 91' lang='lat' dir='ltr'><em>tam</em></span> <span class='ocrx_word' id='word_1_791' title='bbox 1424 5099 1514 5152; x_wconf 83' lang='lat' dir='ltr'><em>vestra</em></span> <span class='ocrx_word' id='word_1_792' title='bbox 1536 5111 1619 5168; x_wconf 89' lang='lat' dir='ltr'><em>quom</em></span> <span class='ocrx_word' id='word_1_793' title='bbox 1644 5105 1739 5154; x_wconf 78' lang='grc' dir='ltr'><strong><em>ειεειεε</em></strong></span> <span class='ocrx_word' id='word_1_794' title='bbox 1758 5113 1826 5153; x_wconf 86' lang='lat' dir='ltr'><em>coar·</em></span> 
     </span>
     <span class='ocr_line' id='line_1_56' title="bbox 114 5183 1353 5258; baseline 0.004 -22"><span class='ocrx_word' id='word_1_795' title='bbox 114 5183 182 5258; x_wconf 82' lang='lat' dir='ltr'><em>ejus,</em></span> <span class='ocrx_word' id='word_1_796' title='bbox 197 5183 246 5237; x_wconf 91' lang='lat' dir='ltr'><em>hoc</em></span> <span class='ocrx_word' id='word_1_797' title='bbox 257 5191 297 5238; x_wconf 89' lang='lat' dir='ltr'><em>est</em></span> <span class='ocrx_word' id='word_1_798' title='bbox 310 5185 457 5250; x_wconf 76' lang='lat' dir='ltr'><em>mutuatio,</em></span> <span class='ocrx_word' id='word_1_799' title='bbox 473 5183 528 5240; x_wconf 81' lang='lat' dir='ltr'><em>sive</em></span> <span class='ocrx_word' id='word_1_800' title='bbox 552 5183 667 5240; x_wconf 88' lang='lat' dir='ltr'><em>initiam</em></span> <span class='ocrx_word' id='word_1_801' title='bbox 691 5184 862 5258; x_wconf 88' lang='lat' dir='ltr'><em>episcopatus</em></span> <span class='ocrx_word' id='word_1_802' title='bbox 884 5186 942 5258; x_wconf 87' lang='lat' dir='ltr'><em>ejus</em></span> <span class='ocrx_word' id='word_1_803' title='bbox 995 5194 1090 5243; x_wconf 86' lang='lat' dir='ltr'><em>ceatur</em></span> <span class='ocrx_word' id='word_1_804' title='bbox 1104 5185 1353 5242; x_wconf 87' lang='lat' dir='ltr'><em>animadversione.</em></span> 
     </span>
    </p>

    <p class='ocr_par' dir='ltr' id='par_1_6' title="bbox 113 5270 1827 5455">
     <span class='ocr_line' id='line_1_57' title="bbox 115 5270 1827 5347; baseline 0.001 -20"><span class='ocrx_word' id='word_1_805' title='bbox 115 5278 165 5327; x_wconf 89' lang='lat' dir='ltr'><em>est.</em></span> <span class='ocrx_word' id='word_1_806' title='bbox 181 5270 240 5325; x_wconf 88' lang='lat' dir='ltr'><em>Nun</em></span> <span class='ocrx_word' id='word_1_807' title='bbox 254 5272 324 5343; x_wconf 85' lang='lat' dir='ltr'><em>quod</em></span> <span class='ocrx_word' id='word_1_808' title='bbox 345 5274 438 5329; x_wconf 89' lang='lat' dir='ltr'><em>cadem</em></span> <span class='ocrx_word' id='word_1_809' title='bbox 459 5273 503 5329; x_wconf 88' lang='lat' dir='ltr'><em>die</em></span> <span class='ocrx_word' id='word_1_810' title='bbox 525 5279 695 5330; x_wconf 87' lang='lat' dir='ltr'><em>consecratus</em></span> <span class='ocrx_word' id='word_1_811' title='bbox 721 5275 758 5329; x_wconf 86' lang='lat' dir='ltr'><em>sit</em></span> <span class='ocrx_word' id='word_1_812' title='bbox 787 5276 817 5329; x_wconf 90' lang='lat' dir='ltr'><em>ia</em></span> <span class='ocrx_word' id='word_1_813' title='bbox 844 5276 942 5347; x_wconf 90' lang='lat' dir='ltr'><em>episco-</em></span> <span class='ocrx_word' id='word_1_814' title='bbox 1030 5275 1111 5331; x_wconf 74' lang='lat' dir='ltr'><em>&#39;l&#39;una</em></span> <span class='ocrx_word' id='word_1_815' title='bbox 1136 5274 1376 5347; x_wconf 84' lang='lat' dir='ltr'><em>archiepiscopus</em></span> <span class='ocrx_word' id='word_1_816' title='bbox 1399 5273 1464 5330; x_wconf 85' lang='lat' dir='ltr'><em>sit:</em></span> <span class='ocrx_word' id='word_1_817' title='bbox 1483 5294 1497 5324; x_wconf 83' lang='lat' dir='ltr'><em>a</em></span> <span class='ocrx_word' id='word_1_818' title='bbox 1513 5274 1595 5330; x_wconf 83' lang='lat' dir='ltr'><em>Sicut</em></span> <span class='ocrx_word' id='word_1_819' title='bbox 1617 5275 1686 5347; x_wconf 83' lang='lat' dir='ltr'><em>jum</em></span> <span class='ocrx_word' id='word_1_820' title='bbox 1714 5274 1786 5341; x_wconf 83' lang='lat' dir='ltr'><em>dixi,</em></span> <span class='ocrx_word' id='word_1_821' title='bbox 1801 5278 1827 5330; x_wconf 82' lang='lat' dir='ltr'><em>et</em></span> 
     </span>
     <span class='ocr_line' id='line_1_58' title="bbox 113 5359 1826 5455; baseline 0.003 -42"><span class='ocrx_word' id='word_1_822' title='bbox 113 5373 182 5433; x_wconf 87' lang='lat' dir='ltr'><em>pum</em></span> <span class='ocrx_word' id='word_1_823' title='bbox 209 5361 285 5428; x_wconf 91' lang='lat' dir='ltr'><em>(nam</em></span> <span class='ocrx_word' id='word_1_824' title='bbox 313 5359 358 5415; x_wconf 88' lang='lat' dir='ltr'><em>die</em></span> <span class='ocrx_word' id='word_1_825' title='bbox 385 5363 550 5418; x_wconf 76' lang='lat' dir='ltr'><em>ascauionis</em></span> <span class='ocrx_word' id='word_1_826' title='bbox 576 5363 686 5418; x_wconf 83' lang='lat' dir='ltr'><em>Domini</em></span> <span class='ocrx_word' id='word_1_827' title='bbox 713 5365 943 5422; x_wconf 72' lang='lat' dir='ltr'><em>consecrationem</em></span> <span class='ocrx_word' id='word_1_828' title='bbox 996 5365 1103 5422; x_wconf 85' lang='lat' dir='ltr'><em>iterum</em></span> <span class='ocrx_word' id='word_1_829' title='bbox 1119 5380 1198 5421; x_wconf 86' lang='lat' dir='ltr'><em>nune</em></span> <span class='ocrx_word' id='word_1_830' title='bbox 1213 5363 1310 5438; x_wconf 85' lang='lat' dir='ltr'><em>pulum</em></span> <span class='ocrx_word' id='word_1_831' title='bbox 1327 5362 1465 5455; x_wconf 35' lang='lat' dir='ltr'><em>omni-bus</em></span> <span class='ocrx_word' id='word_1_832' title='bbox 1481 5362 1557 5432; x_wconf 88' lang='lat' dir='ltr'><em>dico,</em></span> <span class='ocrx_word' id='word_1_833' title='bbox 1575 5365 1826 5438; x_wconf 84' lang='lat' dir='ltr'><em>quemadmodum</em></span> 
     </span>
    </p>
   </div>
   <div class='ocr_carea' id='block_1_5' title="bbox 152 5465 1564 5620">
    <p class='ocr_par' dir='ltr' id='par_1_7' title="bbox 152 5465 1564 5620">
     <span class='ocr_line' id='line_1_59' title="bbox 152 5465 1157 5538; baseline 0.002 -18"><span class='ocrx_word' id='word_1_834' title='bbox 152 5465 191 5538; x_wconf 88' lang='grc'><em>(9)</em></span> <span class='ocrx_word' id='word_1_835' title='bbox 206 5466 277 5522; x_wconf 83' lang='lat' dir='ltr'><em>Actu</em></span> <span class='ocrx_word' id='word_1_836' title='bbox 292 5465 408 5523; x_wconf 84' lang='lat' dir='ltr'><em>aoncilii</em></span> <span class='ocrx_word' id='word_1_837' title='bbox 425 5467 567 5525; x_wconf 81' lang='lat' dir='ltr'><em>Lemuria.</em></span> <span class='ocrx_word' id='word_1_838' title='bbox 585 5485 593 5524; x_wconf 92' lang='lat'>1</span> <span class='ocrx_word' id='word_1_839' title='bbox 609 5485 656 5525; x_wconf 84' lang='lat' dir='ltr'><em>an.</em></span> <span class='ocrx_word' id='word_1_840' title='bbox 675 5469 754 5526; x_wconf 74' lang='lat'><em>1029.</em></span> <span class='ocrx_word' id='word_1_841' title='bbox 999 5470 1157 5530; x_wconf 71' lang='lat' dir='ltr'><em>Dominicis.</em></span> 
     </span>
     <span class='ocr_line' id='line_1_60' title="bbox 152 5536 1564 5620; baseline 0.003 -26"><span class='ocrx_word' id='word_1_842' title='bbox 152 5536 210 5609; x_wconf 89' lang='grc'>(10)</span> <span class='ocrx_word' id='word_1_843' title='bbox 223 5537 307 5594; x_wconf 80' lang='lat' dir='ltr'><em>Anno</em></span> <span class='ocrx_word' id='word_1_844' title='bbox 324 5538 403 5620; x_wconf 75' lang='lat'><em>1029,</em></span> <span class='ocrx_word' id='word_1_845' title='bbox 416 5556 474 5615; x_wconf 87' lang='lat' dir='ltr'><em>quo</em></span> <span class='ocrx_word' id='word_1_846' title='bbox 485 5555 562 5595; x_wconf 82' lang='lat' dir='ltr'><em>anno</em></span> <span class='ocrx_word' id='word_1_847' title='bbox 573 5539 636 5599; x_wconf 88' lang='lat' dir='ltr'><em>dias</em></span> <span class='ocrx_word' id='word_1_848' title='bbox 648 5540 796 5615; x_wconf 79' lang='lat' dir='ltr'><em>3hugusti</em></span> <span class='ocrx_word' id='word_1_849' title='bbox 808 5543 942 5618; x_wconf 63' lang='lat' dir='ltr'><em>iusidias</em></span> <span class='ocrx_word' id='word_1_850' title='bbox 1033 5536 1088 5617; x_wconf 84' lang='lat'>(11)</span> <span class='ocrx_word' id='word_1_851' title='bbox 1102 5546 1248 5601; x_wconf 82' lang='lat' dir='ltr'><em>Hactenus</em></span> <span class='ocrx_word' id='word_1_852' title='bbox 1262 5539 1366 5600; x_wconf 88' lang='lat' dir='ltr'><em>concil.</em></span> <span class='ocrx_word' id='word_1_853' title='bbox 1383 5539 1528 5616; x_wconf 81' lang='lat' dir='ltr'><em>Lemuria.</em></span> <span class='ocrx_word' id='word_1_854' title='bbox 1544 5558 1564 5598; x_wconf 91' lang='lat'><em>1.</em></span> 
     </span>
    </p>
   </div>
   <div class='ocr_carea' id='block_1_6' title="bbox 0 0 1946 6084">
    <p class='ocr_par' dir='ltr' id='par_1_8' title="bbox 0 0 1946 6084">
     <span class='ocr_line' id='line_1_61' title="bbox 0 0 1946 6084; baseline 0 0"><span class='ocrx_word' id='word_1_855' title='bbox 0 0 1946 6084; x_wconf 95' lang='lat' dir='ltr'><em> </em></span> 
     </span>
    </p>
   </div>
  </div>
 </body>
</html>
