3884 6084
119 306 200 375 trae
423 358 427 375 ,
613 302 1332 377 999999919909998198.9991911.
1749 308 1827 379 rano

153 443 199 501 ll.
216 438 268 499 Die
281 443 382 497 autem
397 437 600 512 subsequenti,
613 444 748 497 metuens
761 455 798 497 ue
808 436 986 513 propedit
1001 437 1112 498 ferendi
1137 442 1326 518 ecclesiaque
1340 443 1507 503 dedicanda
1533 442 1714 505 inhiberetur
1729 447 1823 523 copia,

117 537 200 591 ratur
215 529 381 604 frequentis
394 528 660 585 circumfluentium
677 527 861 603 populorum,
871 526 943 585 duo·
997 527 1138 602 delegatis
1152 532 1266 590 clericis
1281 534 1353 603 suis,
1366 535 1499 607 ejusdem
1515 533 1570 591 loci
1590 541 1751 603 memorato
1774 537 1824 595 ab·
1859 530 1864 535 ’

117 623 175 680 bus
189 625 291 678 tantus
306 618 464 676 comitatus
479 617 650 691 capellanis,
667 619 736 674 dum
762 622 909 675 nocturna
927 630 945 674 a
997 615 1058 674 bati
1072 621 1285 692 spatiositatem
1301 622 1401 696 templi
1410 623 1822 696 pracepitpenitusevacuarb

117 711 258 769 uatubns
272 708 459 783 explerentur
469 707 584 780 vigilia,
601 709 637 765 ad
653 711 789 765 sunctum
806 705 944 763 remeavit
997 707 1200 782 obseratisque
1212 710 1367 784 diligenter
1381 710 1504 779 loribus,
1517 710 1655 768 omnibus
1667 706 1820 769 intercludi

116 799 284 873 ltemigtum
297 813 305 867 ;
317 797 451 870 luotaque
460 796 517 853 sihi
525 796 638 864 balneo,
650 797 727 854 lotus
737 800 782 853 est
789 800 818 853 et
827 800 941 862 tonsus,
996 795 1166 854 fucultatem
1181 799 1362 867 introeundi;
1379 799 1517 872 praecepit
1531 798 1620 855 etiam
1630 815 1665 855 ex
1675 814 1731 855 sua
1741 804 1823 872 parte

116 893 218 963 utpote
232 887 284 960 qni
297 887 501 942 imminentem
515 885 588 941 tanti
607 885 702 942 Patris
726 884 942 943 solemnitatem
996 884 1051 942 hoc
1065 886 1182 959 populis
1202 887 1381 956 annuntiari,
1397 891 1431 943 ut
1454 886 1491 943 ad
1515 887 1619 944 horam
1643 888 1820 960 secederent,

116 979 149 1036 iu
163 978 292 1035 crastino
306 976 677 1045 celebraturue,translerre
691 975 867 1048 disponebat
880 979 942 1031 tam
996 977 1025 1030 et
1037 975 1150 1047 absque
1167 975 1227 1032 ulla
1239 976 1287 1032 sui
1303 975 1430 1048 impetus
1450 975 1652 1049 inquietudine
1676 975 1823 1035 solemnes

115 1066 250 1141 pretiosa
265 1080 387 1138 gemma
407 1063 573 1121 venerabile
595 1064 714 1138 pignus,
729 1069 759 1121 et
782 1069 943 1137 preparata
996 1060 1075 1118 illius
1088 1064 1183 1120 noctis
1194 1063 1342 1133 excubias,
1359 1080 1426 1121 cum
1443 1064 1533 1138 digna
1555 1065 1716 1134 devotione,
1734 1067 1822 1123 aDeo

115 1156 173 1213 slbi
189 1156 317 1229 quadem
333 1153 419 1209 domo
432 1152 570 1226 contigno
583 1152 785 1221 ecclesia,illic
796 1157 941 1210 secretum
996 1151 1191 1211 militantibus
1206 1153 1346 1210 celebrari
1362 1153 1509 1221 sinerent,-
1519 1170 1551 1211 se
1565 1153 1666 1228 procul
1677 1155 1766 1212 dubio
1774 1155 1822 1213 die
1922 1229 1927 1233 .

116 1243 283 1303 remorandi
309 1241 439 1315 expetiit,
462 1240 533 1314 quia
557 1242 708 1298 metuebat
729 1242 765 1299 ad
790 1241 941 1315 publicum
995 1241 1189 1314 subsequenti
1203 1257 1306 1298 eorum
1321 1241 1474 1300 desideriis
1488 1243 1635 1316 promittit
1652 1243 1820 1301 satisfactu-

116 1330 325 1409 mecedemhd
342 1329 510 1404 sepulcrum
524 1330 603 1387 enim
617 1331 721 1397 sancti,
732 1331 817 1404 quasi
832 1348 867 1388 ex
880 1336 942 1389 toto
995 1335 1104 1398 rum,et
1118 1330 1290 1388 thesaurum
1301 1331 1626 1405 desiderabilem,quem
1638 1334 1819 1405 querebant,

115 1423 186 1480 orbe
200 1420 295 1478 exeita
308 1423 391 1475 tanta
400 1418 940 1489 hominumconlluebatnumerositae,
994 1417 1113 1476 illorum
1128 1419 1334 1493 conspectibus
1349 1419 1566 1492 expositurum
1579 1419 1680 1478 sivero
1696 1422 1819 1479 manda·

115 1515 149 1568 ut
162 1507 379 1567 introeuntibus
391 1507 512 1581 spatiosi
526 1507 630 1580 templi
644 1508 691 1565 vix
701 1508 941 1582 suitieeretcapu·
994 1509 1033 1565 tis
1054 1509 1250 1566 detractarent
1271 1525 1412 1576 annuere,
1426 1509 1534 1566 iniecto
1557 1510 1675 1584 negotio
1700 1506 1819 1584 propter

115 1600 200 1657 citas.
219 1596 400 1655 auscultant
422 1596 501 1654 enim
522 1599 583 1653 tam
606 1603 642 1653 eh
664 1597 769 1655 vicinis
792 1612 883 1670 quam
906 1614 941 1655 ea
994 1597 1073 1671 quod
1088 1598 1264 1666 advenisset,
1280 1614 1465 1655 recessurum
1491 1599 1551 1654 lore
1575 1597 1656 1664 Quod
1672 1615 1739 1654 cum
1752 1602 1818 1655 tan·

114 1683 286 1761 louglnquts
299 1683 470 1758 regionibus
486 1685 645 1759 pmmiscui
666 1703 751 1744 sexus
774 1687 941 1744 innumera·
994 1687 1060 1744 dem
1077 1687 1205 1744 maxime
1219 1687 1391 1744 difficultate
1400 1687 1505 1744 luisset
1514 1686 1819 1760 obtentum,pleraque

113 1776 199 1845 biles,
216 1774 386 1832 silundehat
399 1789 504 1846 aspera
518 1774 641 1830 Francia
654 1775 690 1831 ad
713 1774 853 1833 honorem
876 1775 939 1850 glo·
953 1807 978 1875 B
994 1781 1092 1833 tamen
1107 1776 1306 1834 numerositas
1320 1774 1496 1849 populorum
1508 1791 1575 1832 cum
1590 1774 1717 1847 copiosis
1730 1774 1819 1835 lumi·

114 1864 186 1922 riusi
201 1862 324 1937 apostoli
339 1863 385 1920 sui
405 1861 530 1921 villanos
553 1863 696 1937 opidanos
718 1867 747 1921 et
770 1863 847 1921 cives
863 1883 870 1921 :
886 1866 938 1922 sed
993 1865 1114 1922 naribus
1135 1865 1242 1923 deforis
1267 1866 1425 1934 excubans,
1442 1864 1576 1937 ejusdem
1600 1862 1819 1937 pollicitationis

114 1946 253 2011 ethlIia
266 1965 341 2026 pene
354 1967 390 2008 ex
400 1952 539 2008 omnibus
553 1951 617 2008 anis
629 1952 762 2025 partibus
777 1952 834 2010 huc
845 1956 940 2010 trans·
993 1954 1210 2028 prestolaretur
1233 1954 1369 2012 ellectum
1399 1969 1548 2010 cereorum
1573 1952 1705 2009 ubertate
1733 1950 1819 2025 quasi
1877 1956 1905 2001 ·.

115 2043 249 2099 mittebat
263 2040 439 2115 populorum
453 2040 639 2098 milliat'nter
651 2058 727 2114 quos
738 2042 940 2099 accelerabant
994 2042 1148 2117 multiplici
1164 2043 1295 2100 siderum
1311 2041 1468 2116 splendore
1481 2040 1605 2097 interius
1620 2040 1762 2107 irradiata
1776 2056 1820 2096 ec-

113 2130 331 2204 epistoporum,
346 2129 497 2198 ahbatum,
521 2130 743 2200 monachorum,
766 2129 938 2187 clericorum
993 2132 1157 2201 clesia‚Deo
1173 2131 1363 2189 servientium
1377 2130 1458 2187 chori
1474 2130 1504 2186 in
1520 2128 1643 2186 cautleis
1657 2127 1817 2202 spirituali-

114 2230 255 2294 geuerosa
268 2216 544 2292 agminalgnohilis
558 2217 723 2287 nobiliaci
737 2219 822 2292 inops
837 2219 939 2276 cedere
993 2221 1049 2278 hus
1059 2220 1264 2280 decentissime
1280 2220 1361 2277 illius
1376 2219 1469 2276 noctis
1483 2222 1642 2292 exegerunt
1657 2217 1761 2290 spatia.

114 2308 262 2365 nesciebat
277 2306 369 2374 diviti,
386 2307 438 2364 sed
461 2323 563 2364 omnes
581 2314 640 2363 una
653 2306 851 2381 conglobatim
865 2323 938 2364 oon·
1029 2313 1072 2367 12.
1089 2311 1173 2366 Mane
1196 2313 1293 2366 autem
1318 2309 1403 2377 lacto,
1420 2311 1574 2380 susceptus
1598 2310 1643 2362 est
1668 2322 1686 2362 a
1707 2304 1816 2362 domno

112 2397 270 2454 comebant
295 2395 456 2452 intentione
482 2396 594 2464 deuota,
621 2397 767 2468 bustoque
789 2394 938 2452 colestem
993 2416 1069 2473 papa
1091 2399 1170 2455 intra
1194 2396 1347 2455 ecclesiam
1372 2400 1493 2453 sauctus
1518 2397 1629 2468 martyr
1654 2392 1816 2462 Cornelius,

113 2485 301 2560 margaritam
317 2483 478 2541 continenti
496 2484 595 2541 dulcia
608 2484 810 2558 imprimentes
827 2483 936 2552 oscula,
992 2503 1080 2562 quem
1096 2485 1412 2543 cumaliissauctorum
1422 2484 1593 2559 pignoribus
1604 2482 1815 2555 Compendien·

111 2573 294 2631 oblationum
309 2580 432 2630 suarum
447 2573 572 2647 quisque
591 2590 643 2647 pro
667 2589 754 2647 posse
779 2575 939 2631 offerebant
992 2593 1040 2635 ses
1062 2575 1159 2632 clerici
1185 2573 1235 2630 illo
1259 2573 1434 2640 detulerant,
1460 2590 1512 2646 pro
1542 2570 1643 2627 multis
1670 2569 1820 2626 violentiis

110 2663 242 2720 donaria.
257 2662 312 2727 Oui
327 2676 396 2719 vero
409 2661 643 2735 constipatorum
664 2661 804 2718 violentia
827 2660 938 2733 repulsi
992 2680 1067 2736 quas
1080 2663 1204 2721 ecclesia
1218 2679 1273 2719 sua
1290 2663 1457 2734 patiebatur
1471 2676 1488 2715 a
1501 2659 1681 2731 quibusdam
1696 2656 1817 2713 maleta-

110 2752 249 2826 proprios
275 2751 414 2807 accedere
437 2767 496 2806 non
520 2749 665 2817 valebant,
688 2749 766 2805 beot
792 2751 937 2821 quantum
992 2751 1132 2806 ctoribus.
1147 2750 1231 2806 Circa
1254 2749 1356 2805 horam
1380 2748 1487 2804 deinde
1512 2745 1640 2815 tertiam,
1660 2744 1817 2802 redimitus

110 2842 262 2913 gementes
277 2854 308 2898 ss
322 2836 458 2893 dmiderii
475 2837 521 2893 sui
541 2837 645 2892 sussen
660 2836 777 2908 putari,
793 2836 829 2892 de
852 2834 939 2907 longe
992 2838 1069 2894 idem
1086 2837 1263 2911 apostolicus
1278 2835 1381 2893 intulis
1393 2832 1635 2900 sacerdotalibus,
1651 2832 1688 2890 ad
1698 2830 1818 2906 gloriosi

111 2923 249 3001 projectis
261 2925 506 2997 muneribusque
516 2923 936 2997 attuleruntquasilapidibus,
991 2925 1085 2983 Patris
1101 2924 1225 2998 Remigii
1241 2923 1409 2998 sepulcrum
1423 2921 1633 2996 proceditcum
1643 2920 1808 2994 thymiama

112 3014 205 3073 sancti
220 3013 390 3087 sepulcrum
404 3013 455 3086 pia
466 3012 619 3071 dovotione
634 3013 806 3069 obruebant.
821 3015 874 3070 Est
888 3030 939 3072 au·
991 3013 1074 3072 teriia
1088 3019 1117 3071 et
1128 3013 1277 3081 crucibus,
1293 3013 1411 3070 sociatis
1426 3011 1484 3068 sibi
1502 3009 1731 3084 archiepiscopis
1745 3025 1818 3081 qua·
1900 3023 1902 3027 ’

110 3105 170 3160 eam
186 3107 253 3159 aute
268 3103 345 3159 iores
359 3101 454 3175 ipsius
470 3099 596 3158 basilica
610 3103 760 3175 quoddam
773 3103 937 3176 spatiosum
992 3107 1069 3171 tuor,
1085 3102 1223 3160 Remensi
1240 3101 1384 3170 uidelicet,
1408 3099 1590 3168 Treuereusi,
1616 3097 1817 3173 Lugdunensi,

111 3189 231 3259 atrium,
245 3191 276 3247 in
290 3206 350 3263 quo
364 3190 479 3263 quoties
489 3189 665 3248 densitatem
689 3191 735 3248 sui
751 3192 863 3264 perpeti
877 3210 936 3250 non
951 3171 974 3240 (Ῑ
991 3190 1226 3258 vesontionensi,
1241 3208 1309 3248 cum
1325 3189 1504 3262 quibusdam
1515 3187 1593 3258 aliis,
1609 3187 1661 3245 sed
1679 3191 1709 3246 et
1722 3185 1817 3260 ipsius

111 3280 405 3354 paucaqueqmstin
419 3282 568 3336 tantorum
582 3278 935 3353 scexplicabateoetuum,
990 3280 1047 3338 loci
1060 3281 1346 3352 abbate,domnoque
1361 3278 1482 3352 Hugone
1495 3275 1653 3334 venerabili
1668 3277 1818 3333 Patrecoe·
1936 3341 1940 3346 ,

111 3379 146 3425 ao
160 3368 398 3424 ductaaviditate
411 3367 548 3424 cernendi
560 3368 660 3441 ipsum
680 3367 757 3424 beati
772 3368 849 3424 Patri
864 3369 939 3426 vich·
991 3369 1071 3427 nohii
1085 3368 1295 3437 cluniacensis,
1311 3373 1341 3424 et
1355 3366 1434 3423 illius
1449 3365 1562 3423 ordinis
1584 3364 1731 3439 plurimis,
1746 3381 1814 3422 cum

111 3457 190 3514 rium
203 3475 210 3526 ;
222 3457 455 3531 postheatienim
462 3456 587 3530 Remigii
598 3460 747 3529 captatum
763 3458 936 3532 suffragium
991 3458 1100 3534 quibus
1119 3458 1322 3524 litanialem,
1338 3461 1367 3512 et
1380 3472 1470 3529 super
1483 3458 1619 3512 mactum
1634 3469 1741 3527 corpus
1755 3468 1815 3511 non

112 3547 149 3603 a'd
172 3545 263 3618 hujus
287 3558 474 3618 summopere
495 3545 628 3602 inhiabat
651 3548 813 3618 aspectum,
830 3546 880 3618 qui
905 3551 938 3604 ut
991 3547 1108 3605 modica
1121 3546 1341 3604 thimiamatum
1364 3561 1488 3602 accensa
1513 3542 1684 3617 fragrantia,
1712 3541 1819 3600 cecinit

112 3633 302 3708 magnanimo
336 3633 566 3693 desiderantium
602 3634 784 3691 satisfaceret
808 3635 935 3705 affectui,
991 3636 1210 3710 responsorium
1227 3637 1371 3706 utriqcrcr
1384 3634 1471 3690 cretio
1484 3649 1556 3702 mec,
1573 3648 1631 3705 quo
1649 3648 1718 3689 com
1732 3647 1818 3689 uerso

111 3720 290 3779 eminentius
304 3721 445 3778 solarium
457 3722 563 3778 domus
573 3720 669 3793 inqua
679 3723 882 3779 remorabatur
891 3741 939 3797 pe-
990 3724 1115 3799 expleto,
1123 3726 1260 3782 teretrum
1277 3723 1419 3792 sancti,ut
1429 3721 1598 3795 preparatis
1613 3720 1820 3777 instrumentis

112 3813 188 3877 teus,
204 3810 283 3867 unde
297 3815 326 3868 et
339 3813 472 3868 astantes
485 3810 629 3880 contueri,
645 3815 674 3868 st
688 3813 724 3867 ab
739 3813 850 3869 eisdem
867 3830 938 3870 con·
992 3819 1124 3888 aptatum
1135 3814 1171 3870 ad
1183 3814 1335 3869 terendum
1351 3811 1521 3867 redderetur
1536 3808 1672 3878 babilas
1686 3825 1740 3867 suo
1756 3807 1820 3866 loco

111 3899 197 3971 apici,
220 3903 251 3955 et
272 3899 397 3972 loquens
420 3899 514 3972 possit
536 3898 644 3967 audiri,
668 3898 828 3972 apostolica
850 3901 937 3958 bena·
992 3903 1146 3978 paululum
1158 3901 1322 3966 removitet
1337 3897 1530 3971 antiphonam
1543 3896 1822 3969 Conferaorllomini,

113 3987 241 4044 dictione
265 4000 315 4044 eos
340 3986 515 4055 letificavit3
540 3987 645 4060 hisque
670 3987 883 4058 recedentibus,
910 3993 940 4046 et
991 3993 1107 4064 Remiqi,
1122 3989 1298 4048 decantavit.
1314 3990 1351 4044 At
1367 3985 1417 4043 ubi
1441 3989 1651 4059 competenter,
1665 3988 1754 4057 prout
1776 4000 1823 4040 res

113 4075 179 4132 allis
194 4074 319 4132 subinde
329 4079 417 4148 atque
429 4074 581 4132 aliisillud
596 4075 751 4148 [ol.,aliud]
766 4077 874 4132 atrium
890 4094 938 4134 ca·
992 4081 1135 4154 exigebat,
1152 4077 1328 4151 dispositum
1343 4076 1409 4143 luit,
1425 4075 1488 4148 ipse
1503 4077 1570 4130 ante
1580 4072 1654 4129 alios
1668 4087 1736 4128 cum
1751 4088 1824 4144 pra·

112 4164 247 4220 tsrvatim
263 4164 454 4238 replentibus,
470 4169 514 4221 ter
524 4165 554 4221 iu
569 4166 671 4222 eadem
687 4165 744 4235 die,
759 4182 820 4222 sua
835 4167 938 4224 exhor·
993 4169 1061 4226 lotis
1077 4166 1304 4239 archiepiscopis
1312 4171 1340 4222 et
1348 4163 1504 4220 abbatibus
1516 4160 1677 4235 suppositis
1688 4159 1822 4216 humeris

111 4252 233 4309 tationis
248 4254 361 4310 monita
374 4252 547 4326 impertiens
566 4253 708 4321 salubria,
721 4253 833 4326 liquido
858 4259 938 4328 pate·
992 4257 1066 4314 illud
1082 4258 1184 4313 devote
1199 4255 1364 4328 lacrymans
1380 4251 1524 4321 extulit,et
1538 4249 1759 4323 responsorium
1768 4249 1821 4307 late

111 4341 399 4413 iecitquuvitanda,
424 4350 550 4416 quoque
564 4344 601 4400 ad
622 4342 748 4401 salutem
772 4345 939 4401 animarum
993 4351 1033 4403 est
1055 4345 1275 4402 associaretur
1300 4341 1465 4410 inchoavit;
1479 4340 1565 4412 cujus
1590 4353 1691 4394 vocem
1716 4337 1818 4394 subse·

113 4444 235 4487 auarum
249 4430 307 4487 sibi
326 4431 421 4487 iurent
435 4430 611 4504 expetibilia.
629 4433 661 4488 ln
684 4434 786 4490 eudem
810 4434 938 4507 denique
994 4439 1115 4508 quantes
1137 4431 1217 4490 chori
1243 4431 1443 4504 psallentium,
1463 4432 1583 4485 ovantes
1606 4430 1766 4499 erumpunt
1789 4425 1820 4481 in
1906 4459 1911 4463 -

111 4520 200 4576 domo
215 4530 299 4577 sacra
313 4520 452 4593 mysteria
473 4520 531 4577 sibi
544 4521 613 4576 iecit
626 4522 777 4589 celebrari,
794 4523 937 4597 quianon
953 4537 979 4604 p
989 4521 1175 4598 jubilationis
1195 4521 1369 4594 tripudium,
1393 4535 1510 4592 praeque
1534 4515 1687 4573 alacritate
1710 4513 1820 4582 cordis,

112 4608 238 4665 dabatur
257 4609 373 4681 uspiam
398 4608 480 4666 locus
505 4613 688 4682 opportunus
711 4610 865 4669 ecclesiam
893 4613 938 4669 in·
993 4617 1201 4685 oquantorum
1215 4626 1266 4666 ora
1285 4608 1470 4665 manantium
1494 4605 1598 4680 rigavit
1624 4603 1821 4662 redundantia
1878 4626 1886 4635 ·

111 4696 260 4765 troeundi,
277 4712 329 4754 noc
342 4697 399 4770 ipsi
424 4699 538 4766 tratres,
555 4714 613 4771 pra
638 4698 862 4772 importunitate
877 4701 937 4774 ple·
993 4700 1133 4758 lletuuml
1150 4703 1363 4773 quantorumve
1378 4700 1492 4754 mentes
1507 4695 1544 4752 ad
1559 4694 1631 4751 tanti
1657 4692 1752 4749 Patris
1772 4707 1820 4748 ca-

52 4826 65 4836 .
112 4783 206 4853 bium,
221 4785 341 4842 solitum
356 4785 417 4843 illio
431 4803 556 4862 pensum
569 4787 660 4844 divini
675 4788 812 4845 valebant
830 4789 939 4862 persol-
993 4790 1103 4863 ptunda
1116 4788 1256 4862 suffragia
1267 4791 1336 4842 sunt
1348 4788 1529 4857 compuncta
1545 4784 1575 4839 in
1586 4781 1715 4854 suspiria
1725 4781 1823 4837 heato·

111 4890 179 4931 vere
202 4871 302 4933 cilicii.
318 4875 496 4933 adveniente
519 4877 630 4934 interea
651 4882 746 4946 nocte,
763 4893 815 4934 nee
840 4882 938 4935 tamon
993 4896 1059 4935 rum
1075 4876 1384 4952 gemituumtTradens
1401 4878 1500 4930 autam
1515 4873 1643 4929 domnus
1658 4884 1823 4944 papaeum·

112 4963 324 5022 contuentium
339 4970 514 5033 rarescente,
530 4966 581 5023 sed
596 4967 692 5040 magis
707 4967 862 5041 magisque
875 4983 939 5024 ore·
994 4968 1061 5024 dem
1089 4965 1250 5039 pretiosum
1274 4964 1448 5020 thesaurum
1472 4978 1504 5019 se
1528 4961 1605 5018 ultro
1620 4957 1820 5034 ingerentium
1896 4971 1908 4983 ·

112 5053 499 5126 broscenteoopia‚domuus
514 5058 591 5128 papa'
604 5060 740 5114 metuens
756 5055 836 5112 nein
847 5057 939 5114 sacris
992 5056 1079 5122 rotis,
1095 5056 1133 5112 ab
1154 5052 1359 5127 inquietudine
1373 5052 1528 5107 turbarum
1544 5048 1666 5107 secessit
1680 5047 1710 5103 iu
1726 5049 1822 5102 orato·

112 5141 221 5215 vigiliis
234 5141 293 5199 Deo
308 5143 485 5200 famulantes
499 5144 720 5216 importunitate
730 5144 822 5217 plebis
833 5162 941 5219 praepe-
993 5147 1071 5202 rium
1087 5148 1192 5201 sanctu
1201 5141 1444 5213 'l'rinitatis,quod
1457 5140 1492 5195 ad
1504 5134 1821 5209 meridianamplagam

112 5231 247 5312 dicentur
261 5232 380 5305 exsoqui
409 5231 512 5289 divina
526 5221 687 5290 ¹seruitutis
706 5233 858 5302 solemnia,
875 5238 939 5292 tum
993 5234 1070 5290 inira
1091 5227 1821 5302 ambitumipsiusecclesiedeccnterconstructum

112 5308 201 5379 etiarn
217 5320 324 5379 nasibi
341 5321 461 5395 pretiosi
476 5322 591 5396 coporis
614 5322 708 5380 sancti
732 5323 820 5379 istius
846 5327 941 5384 trans·
993 5325 1066 5392 erat,
1081 5320 1225 5378 Harduiui
1240 5318 1279 5390 (9)
1301 5317 1457 5389 cujusdam
1483 5314 1540 5373 loci
1565 5314 1647 5373 illius
1671 5313 1821 5371 coenohita

160 5499 178 5555 9
203 5500 255 5557 llio
270 5501 326 5557 sub
341 5501 485 5561 Ludovieo
509 5503 557 5575 pio
582 5501 757 5575 imperatore
780 5502 888 5570 floruit,
905 5503 942 5561 de
966 5519 1023 5576 quo
1048 5500 1114 5557 vide
1140 5497 1340 5554 Frodourdum
1361 5493 1411 5551 lib.
1421 5511 1442 5550 11
1456 5494 1590 5552 Historia
1603 5494 1771 5563 Rem.,cap.
1790 5489 1824 5544 19

112 5577 142 5629 et
187 5572 314 5629 arlotum
330 5576 409 5630 tomo
424 5573 447 5646 I,
465 5572 617 5648 Metropol.
635 5573 716 5630 Rem.
727 5572 826 5642 libau,
836 5590 900 5647 cap.
915 5577 943 5629 2.
