3884 6084
106 276 184 338 aab
589 274 620 336 S.
643 272 824 337 outLotus
847 269 1128 336 tauniacensis
1149 274 1317 336 ausonis
1338 270 1376 335 V.
1777 266 1838 333 872

17 454 20 461 .
54 422 56 427 ·
128 411 252 465 ‹aivinmm
268 424 355 464 amam
369 394 543 464 emttntitta.'»
558 407 746 479 indepositus
760 423 812 478 quo
828 408 948 473 sanuserat,
965 412 987 474 Α
1007 420 1152 459 cessorem
1169 406 1246 472 slata,
1263 406 1313 461 ribi
1330 405 1372 461 sic
1386 403 1535 478 loquitur:
1551 404 1659 461 Scimus
1675 404 1782 476 itaque,
1803 418 1842 460 ex

128 500 253 571 provomit
266 498 301 554 ad
316 499 405 554 locam
418 497 476 566 ubi,
492 496 636 552 ordinante
650 497 713 566 Deo,
734 495 887 551 decreuerat
900 494 955 549 sili
1009 493 1198 550 indissolubili
1215 495 1410 566 familiaritate
1425 504 1451 551 et
1473 496 1599 552 societate
1613 510 1668 566 quo
1680 493 1751 549 oliuu
1762 492 1845 565 patri

127 589 226 661 parari
238 587 403 659 septulcrum.
428 585 524 642 Ottoni
542 585 709 659 imperatori
725 583 867 642 successit
882 600 952 639 sau·
1006 589 1094 639 oestro
1115 585 1267 656 probamur
1284 586 1415 657 copulati,
1432 585 1472 641 iia
1486 585 1515 640 ia
1538 590 1626 641 atesim
1645 578 1841 655 fidolitotetie·

129 682 194 734 clus
209 676 361 746 Hernicus,
378 676 589 732 monachorum
612 681 700 743 tutor,
718 673 766 748 qui
783 689 870 729 suum
885 687 954 745 erga
1009 673 1071 740 toti,
1088 677 1142 728 eto.
1159 674 1229 744 Ejus
1245 672 1384 747 implorat
1398 690 1484 747 opem
1503 677 1634 747 tempore
1651 671 1751 741 lamis,
1773 688 1840 745 quo

128 765 298 823 Cluuiarum
322 766 459 821 stinctum
483 764 569 821 denis
594 763 758 838 magnificis
782 761 953 834 comproba·
1003 761 1066 831 jam
1083 761 1232 818 abiennio
1248 762 1277 818 in
1292 763 1393 819 Galliis
1412 762 1583 819 invaluerat.

126 855 176 911 vit.
194 856 271 911 Inter
296 871 330 911 ea
355 858 448 922 erant,
467 858 498 909 ul
520 855 608 910 relert
630 854 792 910 Ademarus
817 851 846 906 in
861 849 953 906 Chro-
1044 851 1104 906 too.
1121 850 1235 915 Quanta
1250 856 1347 908 autem
1359 851 1480 925 polleret
1494 852 1572 924 apud
1583 850 1736 924 principes
1748 848 1839 907 simul

127 944 192 1000 uico
206 948 343 1016 sceptrum
366 960 492 1010 auretam,
515 944 625 1016 aptam
648 958 742 1007 aurea,
763 941 953 996 bestiunculam
1007 939 1562 1013 etpopuloseissubjectosauctoritate
1572 939 1839 1014 probaripotestex

125 1035 269 1106 imperiale
289 1050 415 1100 aaronem,
440 1050 539 1090 ceruam
555 1049 652 1097 cureat,
677 1031 825 1102 crueifmus
839 1043 950 1092 oureus,
1006 1028 1118 1084 famoso
1132 1028 1181 1084 iilo
1197 1029 1303 1085 saedere
1319 1029 1447 1102 publico,
1468 1029 1545 1103 quod
1562 1027 1649 1102 vulgo
1667 1030 1838 1086 Treoua-Dei

125 1124 270 1195 personalia
284 1123 369 1178 siaaul
385 1123 471 1179 libras
485 1129 603 1189 conlatu,
619 1129 645 1177 et
659 1121 718 1176 ulia
732 1120 827 1174 multa.
843 1117 897 1173 Sed
910 1121 949 1185 el,
1006 1117 1180 1189 appellatur,
1206 1117 1242 1173 ab
1267 1119 1330 1190 ipso
1354 1118 1476 1175 Odilone
1490 1116 1671 1190 caterisque,
1689 1120 1723 1172 ut
1748 1117 1837 1174 refert

127 1213 169 1269 uti
180 1211 367 1285 prosequitur
382 1211 519 1268 laudatus
532 1217 642 1278 auctor,
656 1226 718 1265 cum
729 1208 842 1265 odilone
855 1206 951 1262 abbate
1006 1205 1088 1280 iiugo
1106 1207 1330 1264 lilaviniaeensis
1355 1208 1384 1263 in
1409 1206 1550 1263 Chronico
1565 1207 1600 1263 ad
1622 1223 1736 1263 sunum
1754 1204 1834 1273 tott,

124 1300 243 1376 ejusdem
258 1301 311 1357 loci
325 1300 447 1357 crebrius
459 1301 628 1372 colloquium
641 1299 783 1369 [distillare
798 1297 949 1364 concedat,
1005 1296 1074 1351 viris
1096 1296 1153 1368 piis
1180 1296 1282 1353 oliuinis
1306 1298 1520 1353 revelatio-ailus
1549 1298 1718 1353 instituturus.
1747 1295 1832 1353 Aliud

124 1401 152 1448 et
164 1394 195 1448 ia
210 1391 275 1446 aula
288 1391 387 1462 palatie
401 1391 447 1445 sai
460 1406 521 1444 autu
531 1389 698 1460 primoribus
708 1387 829 1443 durabat.
843 1384 949 1440 dantem
1004 1383 1170 1457 exemplum
1195 1386 1377 1442 auctoritatis
1392 1387 1457 1458 ejus
1472 1386 1502 1442 in
1518 1385 1642 1458 populos
1664 1385 1831 1458 suppeditat

126 1479 229 1552 repetit
243 1483 345 1535 auctor
360 1477 495 1534 Chronici
511 1477 603 1534 saneti
616 1476 753 1533 Maxentii
769 1491 820 1531 seu
832 1472 948 1530 Malleo-
1004 1474 1166 1530 Ademarus
1182 1474 1211 1530 in
1223 1474 1375 1543 Chronico,
1389 1474 1439 1531 ubi
1448 1474 1535 1531 reierl
1545 1474 1623 1531 cives
1634 1474 1830 1531 Bituriceuses

125 1568 233 1626 censis.
1004 1561 1133 1633 Gosiino,
1159 1564 1209 1636 qui
1224 1582 1259 1619 aa
1282 1563 1425 1621 monacho
1446 1564 1538 1620 suncti
1565 1563 1716 1620 Benedicti
1738 1563 1827 1620 iactus

159 1657 204 1715 98.
222 1655 386 1729 Diplomata
400 1656 480 1712 varia
495 1655 811 1728 Hugonisiroucorum
823 1651 909 1725 regis,
921 1655 950 1708 et
1003 1652 1098 1709 suerat
1113 1671 1130 1708 a
1145 1654 1270 1710 lieberto
1292 1670 1359 1727 rege
1374 1653 1613 1727 archiepiscopus
1628 1652 1824 1723 bituricensis,

125 1746 241 1804 itoberti
250 1748 314 1819 ejus
325 1744 377 1801 filii
387 1750 416 1801 et
426 1747 613 1813 successoris,
626 1744 702 1801 ultro
715 1742 839 1817 probunt
850 1759 907 1815 qua
918 1741 947 1795 in
1003 1759 1054 1814 per
1065 1742 1302 1815 quinquennium
1313 1742 1467 1811 restitisse,
1479 1743 1556 1816 quod
1568 1741 1721 1811 Goslinus,
1732 1741 1785 1799 etsi
1793 1758 1824 1799 ox

123 1835 308 1893 ueneratione
330 1836 408 1909 apud
423 1852 473 1892 eos
498 1839 597 1891 esseut
619 1833 750 1891 Odilonis
765 1832 906 1889 sanctitas
920 1834 949 1886 et
1001 1830 1092 1904 stirpe
1108 1832 1198 1906 regia,
1215 1850 1250 1889 ea
1271 1836 1367 1889 scorto
1383 1837 1481 1888 tannen
1506 1837 1593 1889 nutus
1617 1831 1743 1889 luisset:
1766 1832 1820 1899 sed,

123 1940 239 1980 morum
255 1924 431 1981 innocentia.
450 1924 524 1979 Eum
540 1939 607 1979 cum
623 1922 689 1980 aliis
704 1921 784 1995 regni
801 1919 948 1994 episcopis
1000 1930 1135 1992 sequestro
1151 1922 1260 1978 tandm
1272 1921 1397 1990 Odiloac,
1420 1920 1517 1994 inquit
1540 1919 1589 1978 ille
1612 1924 1726 1991 auctor,
1752 1920 1818 1994 regis

122 2016 151 2068 et
165 2012 334 2085 proceribus
355 2012 458 2067 adesse
483 2010 574 2067 voluit
597 2012 741 2068 Robertus
762 2006 947 2065 translationi
1001 2009 1817 2083 voluntaspravatutt.odilonistamenauaoritatena-

122 2101 252 2174 eorporis
266 2101 358 2157 saneti
373 2100 478 2157 Auiani
490 2102 567 2175 apud
580 2099 763 2170 Aurelianos,
776 2114 865 2170 quam
875 2096 946 2169 piis·
1001 2115 1081 2154 osam
1099 2098 1232 2155 nonnulli
1248 2099 1384 2156 habuere.
1401 2098 1482 2156 'iulis
1493 2099 1703 2156 iuitAdalbero
1715 2098 1816 2156 Lauda·

44 2218 47 2225 ·
122 2192 217 2247 sinnas
233 2190 367 2263 princeps
381 2188 601 2245 celeberrimam
624 2206 688 2245 esse
711 2187 835 2244 volebat.
853 2209 867 2237 a
882 2187 945 2241 Non
1001 2188 1710 2261 nensisepiseopus,quiincarmineadRobertum
1718 2204 1813 2262 regem,

121 2279 213 2335 deluit
227 2279 327 2345 etiam,
339 2301 353 2328 a
365 2277 461 2350 inquit
476 2278 634 2348 ilelgadus,
652 2300 666 2327 «
679 2275 835 2349 praeseutia
845 2275 946 2331 donini
1001 2277 1078 2348 quod
1094 2277 1227 2334 Valesius
1242 2278 1343 2347 edidit,
1356 2277 1508 2334 Odilonem
1520 2295 1610 2348 repom
1623 2278 1813 2351 pe1·deridicu

121 2375 150 2425 et
169 2367 344 2425 venerabilis
358 2366 491 2423 Odilonis
514 2365 749 2421 Cluniueensium
774 2364 899 2431 abbatis,
916 2368 946 2419 st
1000 2364 1061 2421 lum
1074 2372 1234 2439 nuncupat.

121 2458 245 2516 aliorum
260 2457 403 2514 bonorum
420 2455 548 2512 virorum
560 2472 616 2511 nou
633 2454 747 2510 minimi
759 2452 866 2520 meriti,
876 2469 945 2508 cum
1035 2455 1096 2511 lbi.
1112 2457 1148 2511 m
1164 2472 1249 2512 nemo
1265 2455 1411 2512 existimet
1426 2456 1594 2529 principum
1618 2456 1744 2530 gratiam
1758 2454 1811 2512 Odi

121 2547 229 2620 quibus
248 2562 364 2617 scrisper
378 2544 563 2601 desiderabat
579 2543 741 2616 colloqui.»
757 2541 862 2606 Quanti
877 2557 944 2597 voro
998 2542 1094 2599 lorium
1119 2544 1338 2601 adulationibus
1364 2548 1416 2601 aut
1439 2544 1519 2601 molli
1546 2547 1756 2611 assentatione,
1777 2542 1811 2600 vel

120 2635 251 2692 Odilonis
263 2633 802 2700 sarrctilatemvetrenereturltobertus,
813 2630 945 2687 exChro·
998 2633 1086 2688 olium
1102 2635 1180 2706 apud
1196 2633 1345 2707 simplices
1361 2635 1436 2690 iaetu
1455 2633 1509 2691 sibi
1527 2633 1712 2701 conciliasse,
1728 2648 1812 2691 eume

120 2725 185 2782 nico
202 2723 369 2781 Divioneusi
388 2722 550 2796 intelligere
567 2739 735 2795 possumus,
748 2721 797 2776 ubi
817 2719 944 2793 legimus
998 2722 1143 2779 contrarie
1167 2724 1325 2779 maximam
1347 2722 1423 2779 haue
1448 2723 1652 2780 auctoritatem
1670 2722 1812 2780 sanctitate

119 2813 273 2886 quodcum
285 2810 447 2869 Wilielmus
456 2811 548 2867 sancti
557 2809 944 2884 Beriigniabbasaccepisset
999 2828 1114 2867 rarorum
1123 2812 1226 2868 athoni
1238 2812 1336 2868 studio
1347 2813 1546 2884 promovendi,
1559 2812 1649 2868 etiam
1663 2811 1810 2885 aliquando

119 2896 944 2974 RobustumregeminBurgundiaomniudevastantcmbi·
997 2901 1191 2957 sevcrioribus
1206 2902 1313 2968 vorbis,
1335 2902 1451 2958 acribus
1476 2900 1764 2973 reprehensionibus,
1787 2914 1810 2956 et

120 2992 233 3048 aionem
241 2987 465 3057 accederevclle,
478 2984 913 3061 «praefatusabbasWillelmus,
927 3006 942 3035 »
997 2989 1086 3044 minis
1097 2989 1356 3060 dedivinojudicio
1367 2989 1519 3046 intentatis
1531 2990 1588 3045 sibi
1599 2988 1808 3062 comparaverit

119 3076 426 3152 aitChronograpbus,
438 3101 451 3127 o
461 3077 619 3134 monachos
632 3094 682 3149 per
697 3076 754 3132 alia
764 3074 942 3131 nnoaiastcrie
996 3079 1134 3133 Testatur
1157 3078 1221 3134 Otto
1246 3078 1415 3135 Willelmus
1428 3079 1487 3134 dux
1509 3078 1765 3151 Burgundionum,
1776 3077 1810 3135 vir

114 3169 206 3241 jussit
220 3169 355 3225 secedere
359 3208 413 3235 .....
429 3166 576 3239 paueisob
592 3165 758 3223 eustadium
768 3163 823 3220 loci
835 3168 863 3219 el
873 3181 940 3220 san·
956 3154 977 3220 C
997 3166 1120 3223 istorum
1137 3171 1302 3241 temporum
1315 3167 1549 3241 potentissimus,
1567 3168 1596 3223 in
1612 3167 1716 3224 charta
1727 3168 1808 3240 janua

117 3259 156 3314 cti
168 3257 288 3330 Benigui
305 3256 456 3313 servitium
466 3272 533 3311 euin
544 3257 653 3311 dotano
666 3253 900 3310 abbatuOdilone
911 3252 941 3309 iu
997 3256 1081 3312 nobis
1096 3258 1231 3329 superins
1246 3255 1375 3327 laudata,
1393 3273 1424 3312 se
1436 3257 1548 3313 diutius
1558 3256 1644 3313 surda
1658 3253 1809 3313 auresuastt'

117 3346 248 3404 hocloco
272 3343 419 3401 dimissis:
437 3361 525 3416 quem
547 3344 582 3399 ad
598 3343 653 3399 hoe
669 3346 838 3411 accerserat,
855 3347 898 3412 ut,
916 3341 941 3398 si
995 3346 1089 3401 llaioli
1116 3354 1142 3402 et
1174 3346 1269 3403 doauni
1300 3346 1427 3403 odilonis
1455 3347 1587 3403 clamores
1623 3346 1806 3418 praerosa,

117 3438 192 3493 torte
207 3451 257 3491 rex
267 3433 378 3506 aliquid
390 3433 460 3489 mali
472 3437 573 3488 eontra
583 3432 661 3489 hune
670 3432 766 3489 locum
778 3431 940 3498 moliretur,
995 3432 1096 3506 eisque
1111 3436 1229 3491 tandem
1240 3452 1351 3491 morem
1363 3435 1501 3509 gessisse.
1515 3435 1619 3491 Narrat
1629 3452 1747 3508 queque
1756 3432 1808 3491 Gla·

10 3564 13 3569 ,
117 3524 196 3580 illius
207 3523 343 3597 precibus
358 3526 492 3578 exoratus
506 3521 699 3577 dimitteret.»
712 3521 746 3575 m
760 3536 791 3575 re
806 3520 870 3592 ipsa
885 3520 939 3576 Ro·
995 3522 1046 3578 ber
1062 3523 1214 3594 itoduliua,
1231 3524 1362 3582 Historia
1372 3541 1431 3580 suae
1442 3523 1516 3581 iibro
1529 3542 1560 3593 11,
1576 3541 1642 3597 cap.
1658 3526 1687 3593 8,
1704 3525 1806 3581 beslm

117 3614 217 3669 bertus
233 3610 305 3667 nihii
322 3610 391 3667 mali
409 3608 584 3667 monasterio
596 3609 703 3665 intulit.
717 3609 859 3665 liebertus
868 3608 940 3664 Bur·
995 3611 1146 3670 Odilouem
1159 3613 1284 3670 Rolnerto
1296 3614 1354 3687 regi
1367 3613 1568 3671 eumexercitu
1580 3631 1635 3670 suo
1646 3613 1682 3670 ad
1693 3613 1805 3670 obsidio

116 3701 300 3775 gundionum
316 3700 386 3768 dvis,
402 3700 518 3771 ejudem
533 3699 650 3755 lteberti
671 3697 747 3771 regis
762 3697 852 3765 lilius,
869 3716 940 3754 san·
995 3718 1061 3756 uem
1078 3701 1165 3758 castri
1195 3703 1288 3758 saneti
1313 3702 1451 3758 Germani
1468 3719 1557 3775 prope
1582 3701 1805 3759 Arilisaioduruu

116 3795 197 3846 ctum
212 3789 364 3846 Odilonem
391 3805 447 3845 sam
472 3789 571 3845 satiati,
585 3797 611 3844 et
625 3788 736 3845 lionoris
763 3787 888 3843 denotata
914 3795 940 3843 et
995 3791 1096 3846 urbem
1114 3791 1279 3863 properanti
1295 3790 1476 3859 occurrisse3
1494 3792 1544 3847 sed
1568 3808 1648 3860 eum,
1675 3791 1718 3847 uti
1742 3790 1805 3846 iden

115 3880 224 3951 fidetem
238 3881 359 3935 ornicum
380 3878 516 3952 appellat.
532 3877 701 3935 Willelmus
724 3878 937 3951 Aquitanorum
993 3880 1804 3954 auetorprosequitur,u‘gen1ejusqueprtmatesvirsu·

116 3970 175 4026 dux
189 3970 230 4025 ila
245 3985 313 4025 eum
328 3969 532 4038 venerabatur,
549 3972 591 4037 ut,
608 3971 681 4023 teste
695 3968 848 4038 Ademaao,
863 3984 893 4024 se
907 3967 937 4023 in
993 3972 1058 4024 etus
1072 3968 1280 4042 redarguisset,
1293 3970 1371 4042 quod
1382 3970 1522 4026 adversus
1531 3973 1648 4025 tantum
1661 3970 1711 4026 Dei
1722 3964 1803 4043 ponti·

113 4074 143 4116 eo
156 4058 279 4131 Spiritus
291 4059 381 4114 soracti
394 4058 526 4130 tenplum
540 4057 721 4130 coammplari
734 4061 837 4129 putare
860 4055 938 4113 diee-
992 4058 1087 4127 ficem,
1103 4063 1237 4115 sanctum
1253 4060 1441 4127 Germanum,
1458 4057 1558 4115 hostili
1574 4076 1666 4115 manu
1684 4059 1803 4130 insurge·

32 4153 35 4157 '
114 4146 487 4218 ret,sequetiinmoaibus
506 4146 724 4202 commendatam
743 4146 869 4217 traderet,
890 4146 938 4202 eui
992 4152 1066 4216 rent,
1083 4147 1199 4220 ipsique
1212 4147 1266 4202 viri
1283 4146 1331 4204 Dei
1348 4149 1462 4204 monita
1475 4148 1735 4220 contempsissent,
1756 4151 1803 4203 ste·

113 4235 189 4303 ideo,
205 4241 343 4309 utsupra
357 4235 586 4304 observavimus,
604 4233 718 4307 aliquot
742 4235 863 4292 ditionis
876 4252 937 4292 sue
991 4237 1043 4292 tim
1053 4235 1170 4305 nebula,
1182 4237 1437 4307 divinitusexorta,
1450 4241 1578 4294 castrum
1590 4237 1804 4294 omniuocoute·

112 4323 291 4381 monasteria
306 4322 439 4396 subjecit.
991 4330 1071 4382 etum
1083 4325 1146 4394 luit,
1160 4343 1218 4399 qua
1227 4326 1334 4382 muniti
1345 4327 1456 4383 obsessi
1467 4343 1604 4400 maguam
1616 4324 1803 4383 obsidentium

146 4413 192 4469 99.
208 4412 352 4469 llodull'us
368 4413 573 4484 Trausjuranae
590 4413 765 4487 Burgundios
776 4431 834 4482 rex,
846 4413 937 4486 hujus
991 4419 1118 4487 stragem
1141 4414 1243 4471 iecere.
1262 4414 1358 4491 Simili
1382 4415 1440 4471 iere
1464 4414 1616 4485 miraculo,
1639 4414 1802 4478 willelma,

112 4501 240 4559 nominis
255 4503 369 4568 turtinis,
385 4502 414 4556 in
439 4503 503 4575 ipso
521 4503 602 4576 regni
627 4503 673 4558 sui
699 4502 781 4558 initio
803 4503 935 4559 chartam
950 4528 974 4593 D
990 4503 1163 4576 cognomine
1172 4502 1384 4570 Bacca-Uncto,
1394 4520 1491 4560 carries
1501 4502 1738 4572 Matisconensis,
1748 4512 1803 4559 cum

111 4591 215 4659 edidit,
232 4590 936 4663 quadeolaralsemonasteriiCluniaoensisvelle
989 4592 1181 4649 exstruxisset
1208 4597 1337 4649 castrum
1363 4597 1463 4649 eoirtra
1489 4592 1674 4657 Cluuianum,
1700 4592 1804 4665 repente

111 4696 176 4738 esse
191 4684 307 4737 luterem
316 4681 536 4747 itiuictissimmn,
549 4696 709 4753 omnesque
720 4681 801 4754 regni
814 4681 858 4738 sui
870 4700 936 4755 pro·
991 4680 1114 4738 claudus
1125 4683 1219 4737 luctus
1230 4686 1284 4749 est,
1296 4683 1394 4756 alligo
1405 4683 1579 4755 comesejus
1590 4681 1805 4755 hostiseaptuu

111 4788 192 4828 ceres
214 4787 248 4826 ac
264 4769 381 4843 judices
398 4773 581 4826 contestatur
596 4773 628 4824 ut
642 4769 719 4825 idem
747 4769 801 4842 ipsi
818 4771 934 4827 iaciant.
991 4770 1077 4843 pardo
1089 4776 1153 4844 post
1165 4775 1294 4827 castrum
1305 4770 1376 4827 illud
1386 4771 1486 4840 diruit,
1500 4776 1532 4827 ut
1542 4771 1806 4827 narratddemarvs

112 4858 440 4932 liabeturboediploma
451 4858 478 4914 iu
495 4857 672 4914 bibliotheca
682 4860 852 4927 sebusiana,
868 4877 935 4917 een·
991 4860 1019 4914 in
1035 4859 1176 4916 Chronico
1192 4860 1228 4916 ad
1244 4876 1354 4915 aunum
1371 4862 1450 4916 1020.
1470 4860 1702 4934 Ermengardem
1726 4855 1806 4916 comi·

112 4950 189 5005 turia
199 4966 219 5017 1,
231 4966 295 5021 cap.
310 4947 446 5005 55.Plura
461 4948 497 5005 de
511 4947 566 5004 hoc
578 4947 708 5021 principe
720 4965 875 5023 congerere
885 4968 934 5007 su·
991 4951 1104 5019 lissam,
1121 4968 1184 5022 quse
1195 4949 1346 5005 Odilonem
1355 4950 1390 5006 ad
1401 4950 1582 5023 peccandum
1593 4944 1806 5006 incitassediei·

111 5038 257 5108 pertinum
272 5041 359 5106 esset,
380 5054 447 5095 cum
464 5037 558 5094 varius
572 5037 665 5110 ipsius
680 5037 798 5095 chartas
823 5040 934 5112 passim
989 5045 1048 5106 tur,
1074 5038 1116 5095 ilo
1136 5055 1200 5095 sese
1222 5055 1311 5111 super
1333 5039 1473 5095 carbones
1496 5038 1633 5095 ardentes
1657 5034 1808 5094 volutando

111 5142 201 5196 supra
215 5124 441 5183 laudaverimus.
458 5126 541 5183 liuud
553 5125 720 5183 minoraret
730 5127 808 5200 apud
819 5133 932 5185 exteras
988 5129 1176 5197 deterruit,ut
1190 5128 1250 5184 hoec
1267 5127 1323 5200 piis
1339 5127 1477 5200 operibus
1491 5128 1528 5184 de
1543 5127 1573 5182 in
1591 5127 1707 5184 intenta
1722 5124 1810 5185 muita

110 5216 212 5285 gentes
223 5212 355 5270 odilonis
366 5214 444 5269 iama
454 5230 542 5285 quam
550 5214 625 5285 apud
633 5211 742 5270 Gallos.
751 5214 822 5270 iluna
830 5214 934 5271 Saucia
988 5217 1065 5273 bona
1075 5215 1424 5273 monasterioeontulerit.
1431 5216 1579 5273 Carbones
1587 5215 1730 5273 illietiam
1738 5228 1812 5273 uuus

110 5301 140 5357 in
155 5300 296 5375 Hispania
310 5302 370 5375 regi
386 5302 509 5373 ejusque
525 5300 584 5358 filio
601 5302 752 5360 ilanimiro
766 5304 933 5377 acceptissi·
988 5309 1177 5361 asservantur
1192 5305 1220 5360 in
1246 5305 1372 5361 sacrario
1391 5304 1608 5362 silviniacensis
1633 5302 1812 5362 monasterii.

111 5406 192 5446 mum
204 5390 295 5447 iuisse
305 5389 403 5464 colligi
420 5392 801 5464 potestexipsiusOdilonis
812 5394 935 5467 epistola
988 5394 1099 5452 Ibidem
1110 5393 1392 5467 veroErmengardis
1403 5394 1637 5451 anniversarium
1646 5392 1818 5451 solemniter

109 5480 145 5536 ad
162 5479 330 5548 Paternum,
347 5478 744 5553 quamsupralnudavimus.
763 5485 935 5559 ldempatet
988 5483 1195 5541 celebrandum
1225 5488 1404 5540 memoratur
1431 5484 1460 5539 in
1489 5481 1662 5559 Necrologio
1683 5481 1817 5541 Gauiridi

109 5586 144 5631 ex
158 5569 251 5633 altere
265 5569 399 5649 epistola,
416 5570 453 5629 ad
468 5569 602 5629 (turciam
616 5571 713 5630 sancii
724 5572 933 5635 filiumctsuc-
988 5573 1097 5632 thaleti
1123 5589 1200 5631 anuo
1216 5574 1285 5632 1153
1309 5572 1420 5650 scripti,
1449 5573 1479 5629 in
1497 5588 1554 5648 quo
1570 5572 1632 5630 hee
1657 5570 1817 5651 teguntur
