3884 6084
106 284 184 346 laea
720 274 917 340 WIPPONIS
938 272 1199 339 coasultum.
1739 270 1813 334 {eoo

106 417 197 472 Parva
211 413 293 470 dedit
307 412 437 470 Bethlem
453 411 489 468 de
504 428 610 485 magno
620 411 752 485 germine
766 427 883 485 panem,
946 412 973 477 Α
988 410 1044 465 Bos
1060 409 1159 465 renuit
1173 408 1272 464 lenum
1287 424 1354 464 cum
1369 408 1441 464 vidit
1456 406 1554 464 nobile
1569 423 1697 481 granum

142 504 196 570 Qui
207 503 312 560 satiare
327 500 401 558 valet
416 501 560 574 quidquid
574 501 683 573 ubique
699 502 807 556 manet.
1024 499 1058 554 Εἰ
1074 513 1201 570 piroescpe
1216 496 1265 552 Dei
1278 503 1417 569 praecavet
1431 515 1464 554 os
1478 497 1564 554 asini.

105 595 214 650 Panem
230 592 265 648 de
279 590 351 648 coelo
366 589 494 664 porrexit
509 589 603 663 gratia
618 589 748 657 mundo;
986 587 1073 658 Virgo
1090 585 1191 652 Maria,
1207 585 1282 652 vide,
1298 587 1430 643 mirando
1445 587 1516 643 talia
1531 587 1596 643 ride
1613 605 1620 642 :

142 680 229 737 Panis
244 681 327 736 adest
341 680 424 736 vivus
440 684 656 753 perpetuusque
672 677 765 734 cibus.
1023 678 1063 732 Ex
1079 681 1105 731 te
1120 693 1172 748 per
1187 676 1308 731 verbum
1325 692 1409 733 cerne
1424 676 1515 733 Deum
1527 675 1676 751 genitum.

107 772 184 828 Fons
199 768 333 826 salientis
348 787 442 842 aquae,
460 768 572 824 diffusa
588 767 693 840 pocula
706 767 788 832 vitae3
988 767 1047 822 lior
1064 765 1110 837 pIc
1125 763 1260 829 eoelestis,
1277 765 1387 822 nostris
1402 764 1521 822 illabere
1536 765 1623 822 lestis

142 859 215 916 Hinc
229 858 398 933 quicunque
414 858 503 922 bibet,
520 874 577 912 non
592 857 698 912 iterum
714 854 802 910 sitiet.
1023 855 1065 910 Da
1082 855 1208 909 fructum
1225 854 1316 924 pacis,
1334 853 1409 910 sicut
1424 855 1533 927 ubique
1549 854 1638 923 lacis,

107 949 201 1007 Mellis
216 948 340 1005 dulcedo
355 965 407 1021 per
418 947 567 1004 Christum
584 945 666 1001 fluxit
680 943 807 1018 olympo,
989 942 1122 999 Heinrico
1138 942 1198 1014 regi
1214 942 1344 1015 digneris
1359 943 1510 1016 propitiari

142 1039 180 1095 Ut
194 1038 312 1112 sapiant
328 1035 430 1093 famuli
445 1035 565 1092 delicias
582 1033 697 1091 Domini
711 1051 718 1102 ;
1025 1031 1059 1087 Ut
1076 1047 1142 1086 cum
1160 1029 1261 1087 laetitie
1276 1031 1425 1104 pertrahet
1439 1032 1545 1088 officia.

624 1377 966 1494 pictatiola
1009 1375 1314 1492 WlPlONlS

418 1596 536 1658 uolua
558 1595 609 1654 Ab
633 1589 838 1653 HENIIICUM
859 1588 1060 1652 CUONIIAUI
1083 1589 1350 1652 itlpunanottls
1372 1592 1507 1655 FILIUM

223 1757 317 1831 (Apud
333 1757 454 1812 Marten.
470 1754 561 1826 Arnpl.
579 1752 687 1808 Collect.
705 1750 749 1818 IX,
768 1750 846 1814 1095,
863 1763 898 1804 ec
910 1749 1096 1819 manuscripto
1109 1751 1139 1805 S.
1157 1750 1280 1807 Matthiae
1295 1751 1462 1807 trevirense
1475 1769 1616 1809 crinorum
1631 1755 1712 1824 500.)

111 2007 217 2082 Incipit
231 2008 392 2072 inventum,
408 2004 535 2061 referens
547 2002 698 2075 proverbia
712 2003 841 2056 contum.
950 1999 974 2064 Β
1026 1996 1079 2053 Ubi
1095 2004 1207 2071 pugnat
1221 2003 1325 2055 sancta
1340 2001 1443 2068 oratio,
1456 2001 1495 2057 ihi
1511 2001 1644 2059 vincitur
1662 2002 1816 2061 tribulatio.

145 2099 231 2155 Decet
247 2112 344 2170 regem
360 2094 471 2151 discere
484 2091 698 2165 legem.lludiat
713 2107 762 2145 rex
777 2089 854 2161 quod
866 2104 937 2159 prm·
1028 2084 1210 2142 incessanter
1224 2105 1307 2144 orare
1322 2093 1368 2145 est
1383 2089 1488 2146 delicta
1502 2108 1641 2165 purgare.

111 2188 182 2261 cipit
195 2186 251 2242 lex.
267 2185 373 2256 Legem
388 2198 502 2238 servare
518 2181 572 2237 hoc
585 2183 629 2235 est
644 2195 776 2253 regnare.
1028 2175 1103 2230 Bene
1118 2181 1182 2231 orat
1196 2176 1247 2248 qui
1262 2176 1292 2232 in
1307 2178 1393 2234 corde
1406 2177 1510 2251 plorat.

148 2274 256 2331 Notitia
270 2272 433 2329 litterarum
449 2270 499 2325 lux
514 2272 558 2325 ost
573 2268 738 2324 animarum
1026 2264 1175 2336 Jejuniorn
1190 2267 1261 2322 lortc
1274 2266 1380 2322 liberet
1395 2268 1523 2324 secunda
1536 2274 1627 2327 corte.

147 2363 259 2436 Saepius
274 2358 391 2417 offendit
405 2357 456 2431 qui
471 2358 570 2414 lumen
586 2373 644 2413 non
660 2355 793 2412 attendit.
1027 2354 1080 2418 Oui
1092 2370 1150 2408 non
1162 2360 1256 2426 potest
1260 2356 1504 2428 jejunare,disoat
1513 2358 1813 2434 elecmosynamdece.

147 2452 201 2518 Oui
216 2447 479 2515 habetsoientiam‚
496 2450 580 2502 ornat
595 2444 781 2502 sententiam.
1028 2441 1103 2498 Uene
1113 2442 1253 2514 jubilabit
1268 2445 1317 2517 qui
1334 2463 1351 2501 a
1365 2446 1441 2502 bono
1456 2464 1514 2503 non
1530 2450 1672 2505 cessabit.

147 2540 249 2598 Melior
263 2544 307 2596 est
322 2536 466 2611 sapientia
481 2552 569 2608 quam
587 2533 736 2590 saecularis
751 2531 890 2605 potentia.
1028 2529 1131 2587 Melius
1146 2536 1190 2588 est
1206 2533 1352 2589 interdum
1368 2535 1497 2592 dormire
1519 2554 1609 2609 quam
1625 2539 1744 2596 diabolo
1760 2556 1813 2596 set·

148 2630 217 2688 Plus
232 2628 338 2686 unicus
354 2642 461 2683 sensus
473 2640 561 2698 quarn
578 2621 730 2695 multiplex
743 2637 860 2678 census.
991 2619 1060 2675 viro.

147 2721 197 2776 Ust
212 2717 329 2792 sepiens
344 2714 472 2772 multum
488 2713 538 2787 qui
555 2717 635 2768 emat
650 2711 700 2767 Dei
715 2709 836 2765 cultum.
1027 2708 1158 2765 Dormire
1172 2725 1229 2765 non
1245 2709 1371 2767 multum
1392 2712 1534 2769 exhilarat
1548 2714 1675 2771 vultum.

146 2809 198 2863 Vir
213 2806 307 2863 fidelis
323 2808 482 2861 coronatur
497 2802 526 2858 in
542 2800 635 2857 eoelis.
1027 2797 1080 2861 Oui
1096 2815 1126 2853 se
1141 2797 1250 2855 latetur
1266 2800 1459 2873 reum‚plecet
1475 2803 1576 2859 Deum.

149 2898 225 2953 liene
235 2893 327 2952 credit
341 2894 392 2967 qui
408 2892 555 2948 neminem
570 2890 648 2946 ladit
1027 2886 1079 2941 Ubi
1094 2892 1138 2943 est
1151 2905 1218 2943 vera
1234 2888 1413 2960 penitentie,
1431 2891 1470 2946 ibi
1486 2891 1537 2947 Dei
1552 2892 1720 2951 clementia.

149 2986 203 3052 Qui
220 2985 296 3041 fidus
312 2980 418 3039 seniori
434 2981 617 3055 approximat
632 2978 745 3035 honori.
1027 2974 1146 3047 Oportet
1160 2977 1238 3032 enim
1252 2994 1370 3050 parcere
1381 2979 1429 3034 diu
1442 2981 1547 3052 positis
1562 2982 1591 3036 in
1608 3000 1735 3040 carcere.

151 3075 204 3142 Qui
220 3071 340 3130 conlidit
354 3071 384 3126 in
402 3070 460 3127 Deo
475 3070 559 3126 lortis
574 3075 618 3124 est
633 3072 665 3123 ut
680 3068 733 3124 leo.
1027 3064 1118 3120 Valde
1133 3066 1279 3138 decipitur
1292 3068 1344 3139 qui
1355 3084 1508 3141 nunquam
1519 3070 1679 3144 corripitur

151 3164 257 3222 Melius
272 3165 316 3219 est
330 3161 360 3216 In
375 3160 434 3217 Deo
449 3175 566 3234 sperare
580 3174 670 3230 quam
684 3156 802 3213 divitias
817 3171 938 3228 congre·
1027 3153 1198 3210 Amicabilis
1212 3155 1372 3228 increpatio
1387 3174 1444 3212 non
1460 3163 1506 3214 est
1521 3159 1683 3216 damnatio.

114 3271 192 3329 gam,
1028 3241 1128 3299 Oleum
1146 3245 1305 3315 peccatoris
1318 3244 1382 3301 laus
1396 3251 1442 3302 est
1457 3247 1630 3306 adulatoris.

149 3340 322 3399 Fortissima
337 3354 404 3411 spes
420 3337 567 3393 beatilicut
582 3353 638 3392 res.
951 3357 973 3426 c
1029 3331 1082 3387 Ubi
1097 3329 1184 3405 longa
1198 3333 1334 3401 ebrietas,
1350 3333 1389 3389 ibi
1405 3336 1501 3392 brevis
1516 3341 1562 3394 est
1575 3339 1683 3410 pietas.

130 3485 132 3491 ,
148 3429 280 3486 Charitas
296 3443 353 3483 non
369 3426 436 3481 ficta
450 3424 512 3480 odit
526 3424 644 3480 delicta.
1027 3421 1134 3476 Vinum
1151 3421 1277 3478 multum
1293 3428 1322 3479 et
1337 3423 1409 3480 sorte
1424 3440 1529 3496 perum
1545 3427 1666 3484 distata
1681 3433 1779 3485 morte.

148 3517 202 3585 Oui
218 3515 315 3588 diligit
331 3514 463 3586 fratrem,
476 3512 572 3585 placat
586 3511 678 3567 Deum
694 3514 723 3567 ct
738 3514 859 3583 petrem.
1028 3509 1081 3564 Per
1096 3510 1248 3582 crapulam
1264 3511 1320 3567 cibi
1337 3517 1366 3568 et
1380 3518 1467 3585 potus
1482 3515 1559 3586 perit
1574 3515 1663 3572 horno
1676 3521 1762 3573 totus.

150 3607 284 3679 Regnum
300 3601 439 3659 coelorum
456 3617 514 3657 non
529 3605 574 3656 est
589 3600 765 3656 invidorum.
1027 3602 1082 3653 Per
1094 3598 1303 3656 moderantiam
1321 3601 1489 3673 pervenitur
1504 3603 1541 3659 ad
1557 3604 1777 3661 abundantiam.

149 3693 254 3752 Melius
268 3696 313 3749 est
327 3689 476 3747 humiliari
493 3705 581 3761 quam
598 3687 729 3744 exaltari.
1028 3686 1210 3743 Mediocriter
1224 3688 1310 3762 plura
1324 3690 1432 3762 gaudet
1443 3696 1559 3748 natura.

149 3780 274 3840 Humilis
289 3781 377 3838 homo
388 3777 552 3852 triumphat
566 3778 595 3832 in
612 3778 709 3834 domo.
1027 3775 1214 3832 Proverbiurn
1232 3795 1238 3833 :
1254 3779 1292 3835 Ne
1307 3779 1472 3852 epidromis
1487 3780 1670 3845 laudatoria
1688 3782 1789 3858 primis.

148 3873 203 3939 Oui
217 3870 375 3945 perardua
389 3867 479 3932 vadit,
495 3867 602 3939 sepius
618 3866 705 3921 cadit.
1026 3864 1147 3921 Iuvenis
1163 3867 1315 3924 animosus
1329 3886 1417 3926 senex
1431 3872 1464 3928 lit
1478 3871 1637 3944 gloriosus.

147 3961 208 4018 Viri
223 3961 310 4017 mltes
324 3961 452 4017 renuunt
466 3955 541 4011 lites.
1028 3954 1080 4019 Qui
1097 3955 1235 4027 torpescit
1250 3957 1320 4012 dum
1333 3958 1418 4027 calet,
1433 3959 1556 4033 frigidus
1572 3961 1646 4017 nihil
1663 3962 1743 4018 valet.

148 4052 202 4120 Qui
216 4049 334 4108 assidue
345 4047 487 4114 rixantur,
503 4062 520 4101 a
535 4044 636 4117 paucis
652 4049 799 4101 amentur.
1028 4044 1082 4110 Oui
1098 4050 1180 4100 vacet
1193 4045 1223 4100 in
1235 4047 1400 4117 juventute,
1411 4050 1549 4107 turbatur
1559 4050 1590 4106 in
1606 4056 1759 4108 senectute.

148 4140 240 4198 Malos
254 4154 307 4211 pro
322 4137 380 4193 Deo
395 4135 520 4191 tolerare
533 4138 578 4190 est
593 4150 740 4206 superare.
1029 4132 1128 4188 Fortes
1142 4133 1196 4189 viri
1210 4137 1348 4192 omnibns
1359 4143 1429 4194 sunt
1445 4139 1522 4194 miri.

148 4228 232 4286 Pacis
248 4227 360 4283 donum
375 4223 514 4281 omnibus
527 4227 572 4278 est
586 4223 707 4278 bonurn.
1029 4222 1121 4293 Meges
1136 4227 1164 4278 et
1177 4224 1315 4296 presides
1330 4243 1387 4281 non
1404 4227 1486 4284 decet
1500 4244 1564 4285 esse
1581 4230 1706 4286 desides.

149 4318 203 4388 oui
218 4318 248 4374 in
263 4331 333 4389 pace
348 4314 511 4370 suadentur
523 4329 580 4367 raon
596 4311 790 4367 eradicantur.
1028 4308 1128 4364 Mundi
1145 4315 1271 4367 rectores
1282 4318 1398 4386 aequent
1408 4332 1474 4371 cum
1487 4318 1608 4374 nominc
1624 4334 1725 4374 mores.

149 4404 320 4464 Incendium
335 4401 479 4458 bellorum
495 4400 643 4473 corruptio
659 4404 703 4456 est
718 4416 844 4455 morum.
1028 4397 1088 4452 Viri
1104 4399 1284 4470 pontificales
1300 4403 1410 4458 sanetis
1426 4411 1495 4460 sunt
1509 4406 1649 4480 aequales.

149 4496 242 4552 Homo
253 4491 378 4566 pudicus
392 4494 437 4547 est
452 4489 556 4546 anima
573 4488 696 4545 amicus.
1028 4486 1131 4543 Medici
1147 4489 1312 4546 anImarum
1328 4492 1491 4550 exorbitent
1505 4512 1623 4568 parum.

148 4583 201 4640 Ubi
216 4583 353 4654 frequens
368 4578 495 4647 luxuria,
509 4595 567 4635 non
584 4578 677 4633 deerit
692 4577 823 4650 penuria.
1028 4580 1133 4632 Contra
1148 4577 1250 4651 lupum
1267 4579 1386 4653 vigilare
1396 4586 1441 4638 est
1456 4588 1559 4657 raptus
1572 4586 1674 4642 vitare.

146 4670 290 4744 Voluptas
305 4668 456 4724 mundane
471 4683 587 4740 semper
601 4670 647 4722 est
661 4684 744 4722 vana.
1029 4665 1080 4732 Orsi
1093 4665 1211 4723 viduam
1227 4668 1367 4736 defendit,
1381 4670 1418 4726 ad
1435 4671 1585 4730 Christum
1603 4691 1698 4749 regem
1712 4669 1793 4729 tendit.

146 4757 445 4819 dedicissententiam
461 4761 571 4830 oportet
588 4755 669 4828 sequi
686 4755 881 4812 clementiam.
951 4725 975 4791 D
1027 4753 1080 4820 Oui
1096 4756 1225 4812 vindicat
1241 4758 1397 4831 pupillum,
1414 4760 1491 4817 Deus
1506 4767 1629 4820 coeonat
1644 4761 1734 4818 illum.

147 4850 252 4908 Melius
267 4852 311 4906 est
326 4847 473 4903 interdum
498 4845 648 4918 ignoscere
672 4862 762 4918 quarn
777 4845 936 4900 vindictam
1027 4843 1192 4917 Pauperum
1208 4847 1373 4904 consolator
1384 4854 1430 4905 est
1443 4854 1556 4906 aterne
1573 4853 1639 4908 vitae
1652 4855 1761 4907 amatu.

112 4955 241 5014 poscere.
1027 4930 1146 5004 Oportet
1161 4950 1260 4991 cavere
1274 4936 1432 4993 vanitatem
1448 4938 1557 4995 videre.

147 5029 201 5093 Qui
219 5028 384 5093 miseretur,
398 5025 627 5081 inisericordiam
644 5026 847 5096 consequetur.
1027 5020 1082 5076 Cor
1096 5021 1225 5079 incendit
1239 5024 1341 5081 oculus
1356 5031 1389 5082 ut
1404 5026 1545 5101 stipulam
1558 5029 1683 5086 loculus.

148 5116 277 5170 Verbum
292 5116 422 5171 veritatis
437 5114 591 5170 subveniet
601 5113 753 5185 judicatis.
1027 5109 1168 5182 Voluptas
1184 5130 1241 5169 non
1256 5113 1319 5171 visa
1333 5113 1420 5172 citius
1436 5116 1490 5172 erit
1505 5116 1589 5174 elisa.

149 5203 252 5259 Falsus
268 5205 296 5259 in
312 5221 361 5259 ore
376 5209 453 5259 caret
468 5203 588 5258 honore.
1026 5199 1079 5263 Oui
1094 5198 1219 5257 libenter
1234 5204 1343 5258 bonum
1360 5203 1452 5276 audit,
1464 5205 1551 5263 corde
1567 5207 1660 5264 Ueum
1675 5202 1780 5280 plaudit·

149 5291 202 5356 Qui
219 5290 345 5346 salsitate
360 5292 440 5362 vivit,
456 5290 555 5347 omnia
570 5290 686 5348 occidit.
1027 5287 1131 5345 Melius
1146 5294 1191 5345 est
1206 5307 1363 5364 pauperem
1380 5293 1481 5349 audire
1491 5311 1583 5367 quam
1594 5297 1720 5353 sonitum
1733 5291 1792 5364 lyra.

148 5379 203 5445 Qui
218 5383 263 5434 est
275 5377 377 5436 hilaris
392 5379 484 5446 dator,
502 5379 580 5436 huno
595 5385 675 5437 eruat
690 5379 831 5436 Salvator.
1026 5377 1178 5434 Incassum
1194 5379 1318 5436 miseros
1329 5380 1421 5449 audit,
1435 5382 1484 5455 qui
1496 5387 1565 5440 eset
1577 5377 1791 5441 manuscleudit

148 5467 251 5526 Omnis
262 5484 367 5524 avarus
383 5466 455 5523 nulli
471 5472 516 5525 est
529 5469 646 5527 charus.
1027 5466 1139 5541 Lingua
1154 5467 1305 5540 placabilis
1321 5469 1401 5543 ligno
1415 5470 1479 5527 vita
1493 5476 1540 5529 est
1552 5471 1763 5551 comparabilis.

147 5559 228 5628 Bona
242 5558 368 5617 tribuere
384 5573 441 5617 oon
455 5561 497 5617 ost
513 5558 656 5618 minuero.
1027 5555 1139 5631 Lingua
1153 5556 1255 5615 dolose
1265 5575 1381 5637 semper
1394 5565 1438 5620 cst
1453 5560 1565 5623 odiosa.
